<?xml version="1.0" encoding="utf-8"?>
<Prices>
  <ChainID>7290696200003</ChainID>
  <SubChainID>001</SubChainID>
  <StoreID>079</StoreID>
  <BikoretNo>000</BikoretNo>
  <Products>
    <Product>
      <PriceUpdateDate>2019/12/02 18:01</PriceUpdateDate>
      <ItemCode>350</ItemCode>
      <ItemType>0</ItemType>
      <ItemName>רצועות בקר מעובד לטחינה</ItemName>
      <ManufactureName>בלדי בעמ</ManufactureName>
      <ManufactureCountry />
      <ManufactureItemDescription />
      <UnitQty>ק"ג</UnitQty>
      <Quantity>1</Quantity>
      <UnitMeasure />
      <BisWeighted>1</BisWeighted>
      <QtyInPackage>1</QtyInPackage>
      <ItemPrice>34.90</ItemPrice>
      <UnitOfMeasurePrice>34.90</UnitOfMeasurePrice>
      <AllowDiscount>1</AllowDiscount>
      <itemStatus>1</itemStatus>
      <LastUpdateDate />
      <LastUpdateTime />
    </Product>
    <Product>
      <PriceUpdateDate>2020/03/22 15:18</PriceUpdateDate>
      <ItemCode>501</ItemCode>
      <ItemType>0</ItemType>
      <ItemName>ראש קוקוס</ItemName>
      <ManufactureName>בכורי שדה דרום 2002 בעמ</ManufactureName>
      <ManufactureCountry />
      <ManufactureItemDescription />
      <UnitQty>יח`</UnitQty>
      <Quantity>1</Quantity>
      <UnitMeasure />
      <BisWeighted>0</BisWeighted>
      <QtyInPackage>1</QtyInPackage>
      <ItemPrice>4.90</ItemPrice>
      <UnitOfMeasurePrice>4.90</UnitOfMeasurePrice>
      <AllowDiscount>1</AllowDiscount>
      <itemStatus>1</itemStatus>
      <LastUpdateDate />
      <LastUpdateTime />
    </Product>
    <Product>
      <PriceUpdateDate>2018/11/05 14:24</PriceUpdateDate>
      <ItemCode>600</ItemCode>
      <ItemType>0</ItemType>
      <ItemName>סנדוויץ` עובד</ItemName>
      <ManufactureName>קבוצת אסם סחר שות. מוגבלת</ManufactureName>
      <ManufactureCountry />
      <ManufactureItemDescription />
      <UnitQty>יח`</UnitQty>
      <Quantity>1</Quantity>
      <UnitMeasure />
      <BisWeighted>0</BisWeighted>
      <QtyInPackage>1</QtyInPackage>
      <ItemPrice>3.50</ItemPrice>
      <UnitOfMeasurePrice>3.50</UnitOfMeasurePrice>
      <AllowDiscount>0</AllowDiscount>
      <itemStatus>1</itemStatus>
      <LastUpdateDate />
      <LastUpdateTime />
    </Product>
    <Product>
      <PriceUpdateDate>2020/04/05 14:34</PriceUpdateDate>
      <ItemCode>2001</ItemCode>
      <ItemType>0</ItemType>
      <ItemName>אשכולית</ItemName>
      <ManufactureName>מהדרין תנופורט יצוא ( ש.מ.)</ManufactureName>
      <ManufactureCountry />
      <ManufactureItemDescription />
      <UnitQty>ק"ג</UnitQty>
      <Quantity>1</Quantity>
      <UnitMeasure />
      <BisWeighted>1</BisWeighted>
      <QtyInPackage>1</QtyInPackage>
      <ItemPrice>5.90</ItemPrice>
      <UnitOfMeasurePrice>5.90</UnitOfMeasurePrice>
      <AllowDiscount>1</AllowDiscount>
      <itemStatus>1</itemStatus>
      <LastUpdateDate />
      <LastUpdateTime />
    </Product>
    <Product>
      <PriceUpdateDate>2019/11/25 10:30</PriceUpdateDate>
      <ItemCode>2002</ItemCode>
      <ItemType>0</ItemType>
      <ItemName>אשכולית אדומה</ItemName>
      <ManufactureName>תעשיות תוצרת חקלאית אביטן בני</ManufactureName>
      <ManufactureCountry />
      <ManufactureItemDescription />
      <UnitQty>ק"ג</UnitQty>
      <Quantity>1</Quantity>
      <UnitMeasure />
      <BisWeighted>1</BisWeighted>
      <QtyInPackage>1</QtyInPackage>
      <ItemPrice>5.90</ItemPrice>
      <UnitOfMeasurePrice>5.90</UnitOfMeasurePrice>
      <AllowDiscount>1</AllowDiscount>
      <itemStatus>1</itemStatus>
      <LastUpdateDate />
      <LastUpdateTime />
    </Product>
    <Product>
      <PriceUpdateDate>2020/04/22 16:10</PriceUpdateDate>
      <ItemCode>2003</ItemCode>
      <ItemType>0</ItemType>
      <ItemName>אבוקדו</ItemName>
      <ManufactureName>צמח שיווק תוצרת חקלאית אגשח בע</ManufactureName>
      <ManufactureCountry />
      <ManufactureItemDescription />
      <UnitQty>ק"ג</UnitQty>
      <Quantity>1</Quantity>
      <UnitMeasure />
      <BisWeighted>1</BisWeighted>
      <QtyInPackage>1</QtyInPackage>
      <ItemPrice>15.90</ItemPrice>
      <UnitOfMeasurePrice>15.90</UnitOfMeasurePrice>
      <AllowDiscount>1</AllowDiscount>
      <itemStatus>1</itemStatus>
      <LastUpdateDate />
      <LastUpdateTime />
    </Product>
    <Product>
      <PriceUpdateDate>2020/02/23 13:30</PriceUpdateDate>
      <ItemCode>2004</ItemCode>
      <ItemType>0</ItemType>
      <ItemName>אבטיח</ItemName>
      <ManufactureName>יבולי החמישה ו.ב</ManufactureName>
      <ManufactureCountry />
      <ManufactureItemDescription />
      <UnitQty>ק"ג</UnitQty>
      <Quantity>1</Quantity>
      <UnitMeasure />
      <BisWeighted>1</BisWeighted>
      <QtyInPackage>1</QtyInPackage>
      <ItemPrice>5.90</ItemPrice>
      <UnitOfMeasurePrice>5.90</UnitOfMeasurePrice>
      <AllowDiscount>1</AllowDiscount>
      <itemStatus>1</itemStatus>
      <LastUpdateDate />
      <LastUpdateTime />
    </Product>
    <Product>
      <PriceUpdateDate>2018/04/24 10:51</PriceUpdateDate>
      <ItemCode>7290000000459</ItemCode>
      <ItemType>1</ItemType>
      <ItemName>אלפלפא</ItemName>
      <ManufactureName>א.אדמה (2007) בעמ</ManufactureName>
      <ManufactureCountry />
      <ManufactureItemDescription />
      <UnitQty>יח`</UnitQty>
      <Quantity>1</Quantity>
      <UnitMeasure />
      <BisWeighted>0</BisWeighted>
      <QtyInPackage>1</QtyInPackage>
      <ItemPrice>6</ItemPrice>
      <UnitOfMeasurePrice>6</UnitOfMeasurePrice>
      <AllowDiscount>1</AllowDiscount>
      <itemStatus>1</itemStatus>
      <LastUpdateDate />
      <LastUpdateTime />
    </Product>
    <Product>
      <PriceUpdateDate>2020/04/19 13:34</PriceUpdateDate>
      <ItemCode>2006</ItemCode>
      <ItemType>0</ItemType>
      <ItemName>ארטישוק</ItemName>
      <ManufactureName>ג`אן ציון</ManufactureName>
      <ManufactureCountry />
      <ManufactureItemDescription />
      <UnitQty>ק"ג</UnitQty>
      <Quantity>1</Quantity>
      <UnitMeasure />
      <BisWeighted>1</BisWeighted>
      <QtyInPackage>1</QtyInPackage>
      <ItemPrice>6.90</ItemPrice>
      <UnitOfMeasurePrice>6.90</UnitOfMeasurePrice>
      <AllowDiscount>1</AllowDiscount>
      <itemStatus>1</itemStatus>
      <LastUpdateDate />
      <LastUpdateTime />
    </Product>
    <Product>
      <PriceUpdateDate>2020/03/15 15:56</PriceUpdateDate>
      <ItemCode>2007</ItemCode>
      <ItemType>0</ItemType>
      <ItemName>בטטה</ItemName>
      <ManufactureName>החקלאי תלמי אל-בועז חדד</ManufactureName>
      <ManufactureCountry />
      <ManufactureItemDescription />
      <UnitQty>ק"ג</UnitQty>
      <Quantity>1</Quantity>
      <UnitMeasure />
      <BisWeighted>1</BisWeighted>
      <QtyInPackage>1</QtyInPackage>
      <ItemPrice>8.90</ItemPrice>
      <UnitOfMeasurePrice>8.90</UnitOfMeasurePrice>
      <AllowDiscount>1</AllowDiscount>
      <itemStatus>1</itemStatus>
      <LastUpdateDate />
      <LastUpdateTime />
    </Product>
    <Product>
      <PriceUpdateDate>2020/04/22 16:10</PriceUpdateDate>
      <ItemCode>2009</ItemCode>
      <ItemType>0</ItemType>
      <ItemName>בננות</ItemName>
      <ManufactureName>גליל שוק מקומי אגשח בעמ</ManufactureName>
      <ManufactureCountry />
      <ManufactureItemDescription />
      <UnitQty>ק"ג</UnitQty>
      <Quantity>1</Quantity>
      <UnitMeasure />
      <BisWeighted>1</BisWeighted>
      <QtyInPackage>1</QtyInPackage>
      <ItemPrice>8.90</ItemPrice>
      <UnitOfMeasurePrice>8.90</UnitOfMeasurePrice>
      <AllowDiscount>1</AllowDiscount>
      <itemStatus>1</itemStatus>
      <LastUpdateDate />
      <LastUpdateTime />
    </Product>
    <Product>
      <PriceUpdateDate>2020/05/01 10:49</PriceUpdateDate>
      <ItemCode>2010</ItemCode>
      <ItemType>0</ItemType>
      <ItemName>בצל יבש</ItemName>
      <ManufactureName>אום אל נור לגידולים חקלאיים בע</ManufactureName>
      <ManufactureCountry />
      <ManufactureItemDescription />
      <UnitQty>ק"ג</UnitQty>
      <Quantity>1</Quantity>
      <UnitMeasure />
      <BisWeighted>1</BisWeighted>
      <QtyInPackage>1</QtyInPackage>
      <ItemPrice>3.90</ItemPrice>
      <UnitOfMeasurePrice>3.90</UnitOfMeasurePrice>
      <AllowDiscount>1</AllowDiscount>
      <itemStatus>1</itemStatus>
      <LastUpdateDate />
      <LastUpdateTime />
    </Product>
    <Product>
      <PriceUpdateDate>2019/01/07 10:57</PriceUpdateDate>
      <ItemCode>7290010051335</ItemCode>
      <ItemType>1</ItemType>
      <ItemName>בצל ירוק</ItemName>
      <ManufactureName>א.אדמה (2007) בעמ</ManufactureName>
      <ManufactureCountry />
      <ManufactureItemDescription />
      <UnitQty>יח`</UnitQty>
      <Quantity>1</Quantity>
      <UnitMeasure />
      <BisWeighted>0</BisWeighted>
      <QtyInPackage>1</QtyInPackage>
      <ItemPrice>6</ItemPrice>
      <UnitOfMeasurePrice>6</UnitOfMeasurePrice>
      <AllowDiscount>1</AllowDiscount>
      <itemStatus>1</itemStatus>
      <LastUpdateDate />
      <LastUpdateTime />
    </Product>
    <Product>
      <PriceUpdateDate>2020/04/05 14:34</PriceUpdateDate>
      <ItemCode>2012</ItemCode>
      <ItemType>0</ItemType>
      <ItemName>אננס</ItemName>
      <ManufactureName>ח.ע בסד שיווק פירות בעמ</ManufactureName>
      <ManufactureCountry />
      <ManufactureItemDescription />
      <UnitQty>יח`</UnitQty>
      <Quantity>1</Quantity>
      <UnitMeasure />
      <BisWeighted>0</BisWeighted>
      <QtyInPackage>1</QtyInPackage>
      <ItemPrice>39.90</ItemPrice>
      <UnitOfMeasurePrice>39.90</UnitOfMeasurePrice>
      <AllowDiscount>1</AllowDiscount>
      <itemStatus>1</itemStatus>
      <LastUpdateDate />
      <LastUpdateTime />
    </Product>
    <Product>
      <PriceUpdateDate>2020/04/19 12:11</PriceUpdateDate>
      <ItemCode>2014</ItemCode>
      <ItemType>0</ItemType>
      <ItemName>גזר ארוז</ItemName>
      <ManufactureName>גזר שליט (חוות מיכאל)בעמ</ManufactureName>
      <ManufactureCountry />
      <ManufactureItemDescription />
      <UnitQty>ק"ג</UnitQty>
      <Quantity>1</Quantity>
      <UnitMeasure />
      <BisWeighted>1</BisWeighted>
      <QtyInPackage>1</QtyInPackage>
      <ItemPrice>4.90</ItemPrice>
      <UnitOfMeasurePrice>4.90</UnitOfMeasurePrice>
      <AllowDiscount>1</AllowDiscount>
      <itemStatus>1</itemStatus>
      <LastUpdateDate />
      <LastUpdateTime />
    </Product>
    <Product>
      <PriceUpdateDate>2020/04/05 14:34</PriceUpdateDate>
      <ItemCode>2015</ItemCode>
      <ItemType>0</ItemType>
      <ItemName>דלעת</ItemName>
      <ManufactureName>שוסטר תעשיות מזון בעמ</ManufactureName>
      <ManufactureCountry />
      <ManufactureItemDescription />
      <UnitQty>ק"ג</UnitQty>
      <Quantity>1</Quantity>
      <UnitMeasure />
      <BisWeighted>1</BisWeighted>
      <QtyInPackage>1</QtyInPackage>
      <ItemPrice>12.90</ItemPrice>
      <UnitOfMeasurePrice>12.90</UnitOfMeasurePrice>
      <AllowDiscount>1</AllowDiscount>
      <itemStatus>1</itemStatus>
      <LastUpdateDate />
      <LastUpdateTime />
    </Product>
    <Product>
      <PriceUpdateDate>2020/04/19 13:34</PriceUpdateDate>
      <ItemCode>2016</ItemCode>
      <ItemType>0</ItemType>
      <ItemName>דלורית</ItemName>
      <ManufactureName>שוסטר תעשיות מזון בעמ</ManufactureName>
      <ManufactureCountry />
      <ManufactureItemDescription />
      <UnitQty>ק"ג</UnitQty>
      <Quantity>1</Quantity>
      <UnitMeasure />
      <BisWeighted>1</BisWeighted>
      <QtyInPackage>1</QtyInPackage>
      <ItemPrice>9.90</ItemPrice>
      <UnitOfMeasurePrice>9.90</UnitOfMeasurePrice>
      <AllowDiscount>1</AllowDiscount>
      <itemStatus>1</itemStatus>
      <LastUpdateDate />
      <LastUpdateTime />
    </Product>
    <Product>
      <PriceUpdateDate>2019/10/07 11:58</PriceUpdateDate>
      <ItemCode>2017</ItemCode>
      <ItemType>0</ItemType>
      <ItemName>תפוח זהוב</ItemName>
      <ManufactureName>בראשית - אגודה שיתופית חקלאית</ManufactureName>
      <ManufactureCountry />
      <ManufactureItemDescription />
      <UnitQty>ק"ג</UnitQty>
      <Quantity>1</Quantity>
      <UnitMeasure />
      <BisWeighted>1</BisWeighted>
      <QtyInPackage>1</QtyInPackage>
      <ItemPrice>9.90</ItemPrice>
      <UnitOfMeasurePrice>9.90</UnitOfMeasurePrice>
      <AllowDiscount>1</AllowDiscount>
      <itemStatus>1</itemStatus>
      <LastUpdateDate />
      <LastUpdateTime />
    </Product>
    <Product>
      <PriceUpdateDate>2018/04/24 10:24</PriceUpdateDate>
      <ItemCode>7290005040702</ItemCode>
      <ItemType>1</ItemType>
      <ItemName>חזרת</ItemName>
      <ManufactureName>משק איזנבנד שניר</ManufactureName>
      <ManufactureCountry />
      <ManufactureItemDescription />
      <UnitQty>ק"ג</UnitQty>
      <Quantity>1</Quantity>
      <UnitMeasure />
      <BisWeighted>1</BisWeighted>
      <QtyInPackage>1</QtyInPackage>
      <ItemPrice>39.90</ItemPrice>
      <UnitOfMeasurePrice>39.90</UnitOfMeasurePrice>
      <AllowDiscount>1</AllowDiscount>
      <itemStatus>1</itemStatus>
      <LastUpdateDate />
      <LastUpdateTime />
    </Product>
    <Product>
      <PriceUpdateDate>2020/01/19 19:29</PriceUpdateDate>
      <ItemCode>2019</ItemCode>
      <ItemType>0</ItemType>
      <ItemName>חסה עגולה</ItemName>
      <ManufactureName>הירוקים של רצון בעמ</ManufactureName>
      <ManufactureCountry />
      <ManufactureItemDescription />
      <UnitQty>יח`</UnitQty>
      <Quantity>1</Quantity>
      <UnitMeasure />
      <BisWeighted>0</BisWeighted>
      <QtyInPackage>1</QtyInPackage>
      <ItemPrice>5.90</ItemPrice>
      <UnitOfMeasurePrice>5.90</UnitOfMeasurePrice>
      <AllowDiscount>1</AllowDiscount>
      <itemStatus>1</itemStatus>
      <LastUpdateDate />
      <LastUpdateTime />
    </Product>
    <Product>
      <PriceUpdateDate>2019/12/15 18:18</PriceUpdateDate>
      <ItemCode>2020</ItemCode>
      <ItemType>0</ItemType>
      <ItemName>חסה רגילה</ItemName>
      <ManufactureName>הירוקים של רצון בעמ</ManufactureName>
      <ManufactureCountry />
      <ManufactureItemDescription />
      <UnitQty>יח`</UnitQty>
      <Quantity>1</Quantity>
      <UnitMeasure />
      <BisWeighted>0</BisWeighted>
      <QtyInPackage>1</QtyInPackage>
      <ItemPrice>4.90</ItemPrice>
      <UnitOfMeasurePrice>4.90</UnitOfMeasurePrice>
      <AllowDiscount>1</AllowDiscount>
      <itemStatus>1</itemStatus>
      <LastUpdateDate />
      <LastUpdateTime />
    </Product>
    <Product>
      <PriceUpdateDate>2020/03/29 14:06</PriceUpdateDate>
      <ItemCode>2021</ItemCode>
      <ItemType>0</ItemType>
      <ItemName>חצילים</ItemName>
      <ManufactureName>שיווק רפול אוליאל</ManufactureName>
      <ManufactureCountry />
      <ManufactureItemDescription />
      <UnitQty>ק"ג</UnitQty>
      <Quantity>1</Quantity>
      <UnitMeasure />
      <BisWeighted>1</BisWeighted>
      <QtyInPackage>1</QtyInPackage>
      <ItemPrice>6.90</ItemPrice>
      <UnitOfMeasurePrice>6.90</UnitOfMeasurePrice>
      <AllowDiscount>1</AllowDiscount>
      <itemStatus>1</itemStatus>
      <LastUpdateDate />
      <LastUpdateTime />
    </Product>
    <Product>
      <PriceUpdateDate>2018/04/24 10:22</PriceUpdateDate>
      <ItemCode>7290010051052</ItemCode>
      <ItemType>1</ItemType>
      <ItemName>ירק</ItemName>
      <ManufactureName>א.אדמה (2007) בעמ</ManufactureName>
      <ManufactureCountry />
      <ManufactureItemDescription />
      <UnitQty>יח`</UnitQty>
      <Quantity>1</Quantity>
      <UnitMeasure />
      <BisWeighted>0</BisWeighted>
      <QtyInPackage>1</QtyInPackage>
      <ItemPrice>3.90</ItemPrice>
      <UnitOfMeasurePrice>3.90</UnitOfMeasurePrice>
      <AllowDiscount>1</AllowDiscount>
      <itemStatus>1</itemStatus>
      <LastUpdateDate />
      <LastUpdateTime />
    </Product>
    <Product>
      <PriceUpdateDate>2020/03/22 15:32</PriceUpdateDate>
      <ItemCode>2023</ItemCode>
      <ItemType>0</ItemType>
      <ItemName>תפוח יונתן</ItemName>
      <ManufactureName>בראשית - אגודה שיתופית חקלאית</ManufactureName>
      <ManufactureCountry />
      <ManufactureItemDescription />
      <UnitQty>ק"ג</UnitQty>
      <Quantity>1</Quantity>
      <UnitMeasure />
      <BisWeighted>1</BisWeighted>
      <QtyInPackage>1</QtyInPackage>
      <ItemPrice>14.90</ItemPrice>
      <UnitOfMeasurePrice>14.90</UnitOfMeasurePrice>
      <AllowDiscount>1</AllowDiscount>
      <itemStatus>1</itemStatus>
      <LastUpdateDate />
      <LastUpdateTime />
    </Product>
    <Product>
      <PriceUpdateDate>2019/11/17 13:26</PriceUpdateDate>
      <ItemCode>2024</ItemCode>
      <ItemType>0</ItemType>
      <ItemName>כרוב לבן</ItemName>
      <ManufactureName>תעשיות תוצרת חקלאית אביטן בני</ManufactureName>
      <ManufactureCountry />
      <ManufactureItemDescription />
      <UnitQty>ק"ג</UnitQty>
      <Quantity>1</Quantity>
      <UnitMeasure />
      <BisWeighted>1</BisWeighted>
      <QtyInPackage>1</QtyInPackage>
      <ItemPrice>3.90</ItemPrice>
      <UnitOfMeasurePrice>3.90</UnitOfMeasurePrice>
      <AllowDiscount>1</AllowDiscount>
      <itemStatus>1</itemStatus>
      <LastUpdateDate />
      <LastUpdateTime />
    </Product>
    <Product>
      <PriceUpdateDate>2019/12/09 12:14</PriceUpdateDate>
      <ItemCode>2025</ItemCode>
      <ItemType>0</ItemType>
      <ItemName>כרובית</ItemName>
      <ManufactureName>ד.ע. ימין גידול ושיווק ירקות ב</ManufactureName>
      <ManufactureCountry />
      <ManufactureItemDescription />
      <UnitQty>יח`</UnitQty>
      <Quantity>1</Quantity>
      <UnitMeasure />
      <BisWeighted>0</BisWeighted>
      <QtyInPackage>1</QtyInPackage>
      <ItemPrice>9.90</ItemPrice>
      <UnitOfMeasurePrice>9.90</UnitOfMeasurePrice>
      <AllowDiscount>1</AllowDiscount>
      <itemStatus>1</itemStatus>
      <LastUpdateDate />
      <LastUpdateTime />
    </Product>
    <Product>
      <PriceUpdateDate>2018/04/24 10:11</PriceUpdateDate>
      <ItemCode>2026</ItemCode>
      <ItemType>0</ItemType>
      <ItemName>כרוב סיני</ItemName>
      <ManufactureName>בכורי שדה דרום 2002 בעמ</ManufactureName>
      <ManufactureCountry />
      <ManufactureItemDescription />
      <UnitQty>יח`</UnitQty>
      <Quantity>1</Quantity>
      <UnitMeasure />
      <BisWeighted>0</BisWeighted>
      <QtyInPackage>1</QtyInPackage>
      <ItemPrice>5</ItemPrice>
      <UnitOfMeasurePrice>5</UnitOfMeasurePrice>
      <AllowDiscount>1</AllowDiscount>
      <itemStatus>1</itemStatus>
      <LastUpdateDate />
      <LastUpdateTime />
    </Product>
    <Product>
      <PriceUpdateDate>2020/03/29 13:44</PriceUpdateDate>
      <ItemCode>2027</ItemCode>
      <ItemType>0</ItemType>
      <ItemName>לימון</ItemName>
      <ManufactureName>יהודה כרמלה</ManufactureName>
      <ManufactureCountry />
      <ManufactureItemDescription />
      <UnitQty>ק"ג</UnitQty>
      <Quantity>1</Quantity>
      <UnitMeasure />
      <BisWeighted>1</BisWeighted>
      <QtyInPackage>1</QtyInPackage>
      <ItemPrice>9.90</ItemPrice>
      <UnitOfMeasurePrice>9.90</UnitOfMeasurePrice>
      <AllowDiscount>1</AllowDiscount>
      <itemStatus>1</itemStatus>
      <LastUpdateDate />
      <LastUpdateTime />
    </Product>
    <Product>
      <PriceUpdateDate>2020/03/15 15:56</PriceUpdateDate>
      <ItemCode>2028</ItemCode>
      <ItemType>0</ItemType>
      <ItemName>מלפפון</ItemName>
      <ManufactureName>ד. חי שווק תוצרת חקלאית בעמ</ManufactureName>
      <ManufactureCountry />
      <ManufactureItemDescription />
      <UnitQty>ק"ג</UnitQty>
      <Quantity>1</Quantity>
      <UnitMeasure />
      <BisWeighted>1</BisWeighted>
      <QtyInPackage>1</QtyInPackage>
      <ItemPrice>5.90</ItemPrice>
      <UnitOfMeasurePrice>5.90</UnitOfMeasurePrice>
      <AllowDiscount>1</AllowDiscount>
      <itemStatus>1</itemStatus>
      <LastUpdateDate />
      <LastUpdateTime />
    </Product>
    <Product>
      <PriceUpdateDate>2020/04/19 12:11</PriceUpdateDate>
      <ItemCode>2029</ItemCode>
      <ItemType>0</ItemType>
      <ItemName>מלון</ItemName>
      <ManufactureName>יבולי תנובת הדרום בעמ</ManufactureName>
      <ManufactureCountry />
      <ManufactureItemDescription />
      <UnitQty>ק"ג</UnitQty>
      <Quantity>1</Quantity>
      <UnitMeasure />
      <BisWeighted>1</BisWeighted>
      <QtyInPackage>1</QtyInPackage>
      <ItemPrice>4.90</ItemPrice>
      <UnitOfMeasurePrice>4.90</UnitOfMeasurePrice>
      <AllowDiscount>1</AllowDiscount>
      <itemStatus>1</itemStatus>
      <LastUpdateDate />
      <LastUpdateTime />
    </Product>
    <Product>
      <PriceUpdateDate>2018/05/06 13:38</PriceUpdateDate>
      <ItemCode>7290010051182</ItemCode>
      <ItemType>1</ItemType>
      <ItemName>עלי נענע</ItemName>
      <ManufactureName>א.אדמה (2007) בעמ</ManufactureName>
      <ManufactureCountry />
      <ManufactureItemDescription />
      <UnitQty>יח`</UnitQty>
      <Quantity>1</Quantity>
      <UnitMeasure />
      <BisWeighted>0</BisWeighted>
      <QtyInPackage>1</QtyInPackage>
      <ItemPrice>3.90</ItemPrice>
      <UnitOfMeasurePrice>3.90</UnitOfMeasurePrice>
      <AllowDiscount>1</AllowDiscount>
      <itemStatus>1</itemStatus>
      <LastUpdateDate />
      <LastUpdateTime />
    </Product>
    <Product>
      <PriceUpdateDate>2018/04/24 10:22</PriceUpdateDate>
      <ItemCode>7290010051205</ItemCode>
      <ItemType>1</ItemType>
      <ItemName>עלי סלרי</ItemName>
      <ManufactureName>א.אדמה (2007) בעמ</ManufactureName>
      <ManufactureCountry />
      <ManufactureItemDescription />
      <UnitQty>יח`</UnitQty>
      <Quantity>1</Quantity>
      <UnitMeasure />
      <BisWeighted>0</BisWeighted>
      <QtyInPackage>1</QtyInPackage>
      <ItemPrice>4.90</ItemPrice>
      <UnitOfMeasurePrice>4.90</UnitOfMeasurePrice>
      <AllowDiscount>1</AllowDiscount>
      <itemStatus>1</itemStatus>
      <LastUpdateDate />
      <LastUpdateTime />
    </Product>
    <Product>
      <PriceUpdateDate>2018/04/24 10:37</PriceUpdateDate>
      <ItemCode>7290010051199</ItemCode>
      <ItemType>1</ItemType>
      <ItemName>שורש פטרוזיליה</ItemName>
      <ManufactureName>א.אדמה (2007) בעמ</ManufactureName>
      <ManufactureCountry />
      <ManufactureItemDescription />
      <UnitQty>יח`</UnitQty>
      <Quantity>1</Quantity>
      <UnitMeasure />
      <BisWeighted>0</BisWeighted>
      <QtyInPackage>1</QtyInPackage>
      <ItemPrice>4.90</ItemPrice>
      <UnitOfMeasurePrice>4.90</UnitOfMeasurePrice>
      <AllowDiscount>1</AllowDiscount>
      <itemStatus>1</itemStatus>
      <LastUpdateDate />
      <LastUpdateTime />
    </Product>
    <Product>
      <PriceUpdateDate>2019/12/29 17:12</PriceUpdateDate>
      <ItemCode>2033</ItemCode>
      <ItemType>0</ItemType>
      <ItemName>תפוח סמיט</ItemName>
      <ManufactureName>בראשית - אגודה שיתופית חקלאית</ManufactureName>
      <ManufactureCountry />
      <ManufactureItemDescription />
      <UnitQty>ק"ג</UnitQty>
      <Quantity>1</Quantity>
      <UnitMeasure />
      <BisWeighted>1</BisWeighted>
      <QtyInPackage>1</QtyInPackage>
      <ItemPrice>9.90</ItemPrice>
      <UnitOfMeasurePrice>9.90</UnitOfMeasurePrice>
      <AllowDiscount>1</AllowDiscount>
      <itemStatus>1</itemStatus>
      <LastUpdateDate />
      <LastUpdateTime />
    </Product>
    <Product>
      <PriceUpdateDate>2019/10/28 15:01</PriceUpdateDate>
      <ItemCode>2034</ItemCode>
      <ItemType>0</ItemType>
      <ItemName>תפוח סטארקינג חרמון</ItemName>
      <ManufactureName>בראשית - אגודה שיתופית חקלאית</ManufactureName>
      <ManufactureCountry />
      <ManufactureItemDescription />
      <UnitQty>ק"ג</UnitQty>
      <Quantity>1</Quantity>
      <UnitMeasure />
      <BisWeighted>1</BisWeighted>
      <QtyInPackage>1</QtyInPackage>
      <ItemPrice>9.90</ItemPrice>
      <UnitOfMeasurePrice>9.90</UnitOfMeasurePrice>
      <AllowDiscount>1</AllowDiscount>
      <itemStatus>1</itemStatus>
      <LastUpdateDate />
      <LastUpdateTime />
    </Product>
    <Product>
      <PriceUpdateDate>2020/04/19 12:11</PriceUpdateDate>
      <ItemCode>2035</ItemCode>
      <ItemType>0</ItemType>
      <ItemName>סלק</ItemName>
      <ManufactureName>תעשיות תוצרת חקלאית אביטן בני</ManufactureName>
      <ManufactureCountry />
      <ManufactureItemDescription />
      <UnitQty>ק"ג</UnitQty>
      <Quantity>1</Quantity>
      <UnitMeasure />
      <BisWeighted>1</BisWeighted>
      <QtyInPackage>1</QtyInPackage>
      <ItemPrice>5.90</ItemPrice>
      <UnitOfMeasurePrice>5.90</UnitOfMeasurePrice>
      <AllowDiscount>1</AllowDiscount>
      <itemStatus>1</itemStatus>
      <LastUpdateDate />
      <LastUpdateTime />
    </Product>
    <Product>
      <PriceUpdateDate>2020/04/19 12:11</PriceUpdateDate>
      <ItemCode>2036</ItemCode>
      <ItemType>0</ItemType>
      <ItemName>עגבניה</ItemName>
      <ManufactureName>שיווק העשור ירקות הזהב בעמ</ManufactureName>
      <ManufactureCountry />
      <ManufactureItemDescription />
      <UnitQty>ק"ג</UnitQty>
      <Quantity>1</Quantity>
      <UnitMeasure />
      <BisWeighted>1</BisWeighted>
      <QtyInPackage>1</QtyInPackage>
      <ItemPrice>4.90</ItemPrice>
      <UnitOfMeasurePrice>4.90</UnitOfMeasurePrice>
      <AllowDiscount>1</AllowDiscount>
      <itemStatus>1</itemStatus>
      <LastUpdateDate />
      <LastUpdateTime />
    </Product>
    <Product>
      <PriceUpdateDate>2018/04/24 10:36</PriceUpdateDate>
      <ItemCode>2038</ItemCode>
      <ItemType>0</ItemType>
      <ItemName>פטריות שמפיניון יחידה</ItemName>
      <ManufactureName>חוות השמפיניון בעמ</ManufactureName>
      <ManufactureCountry />
      <ManufactureItemDescription />
      <UnitQty>יח`</UnitQty>
      <Quantity>1</Quantity>
      <UnitMeasure />
      <BisWeighted>0</BisWeighted>
      <QtyInPackage>1</QtyInPackage>
      <ItemPrice>9.90</ItemPrice>
      <UnitOfMeasurePrice>9.90</UnitOfMeasurePrice>
      <AllowDiscount>1</AllowDiscount>
      <itemStatus>1</itemStatus>
      <LastUpdateDate />
      <LastUpdateTime />
    </Product>
    <Product>
      <PriceUpdateDate>2020/04/05 14:34</PriceUpdateDate>
      <ItemCode>2039</ItemCode>
      <ItemType>0</ItemType>
      <ItemName>פומלה</ItemName>
      <ManufactureName>מהדרין תנופורט יצוא ( ש.מ.)</ManufactureName>
      <ManufactureCountry />
      <ManufactureItemDescription />
      <UnitQty>ק"ג</UnitQty>
      <Quantity>1</Quantity>
      <UnitMeasure />
      <BisWeighted>1</BisWeighted>
      <QtyInPackage>1</QtyInPackage>
      <ItemPrice>7.90</ItemPrice>
      <UnitOfMeasurePrice>7.90</UnitOfMeasurePrice>
      <AllowDiscount>1</AllowDiscount>
      <itemStatus>1</itemStatus>
      <LastUpdateDate />
      <LastUpdateTime />
    </Product>
    <Product>
      <PriceUpdateDate>2020/03/29 14:07</PriceUpdateDate>
      <ItemCode>2040</ItemCode>
      <ItemType>0</ItemType>
      <ItemName>פלפל ירוק</ItemName>
      <ManufactureName>ד. חי שווק תוצרת חקלאית בעמ</ManufactureName>
      <ManufactureCountry />
      <ManufactureItemDescription />
      <UnitQty>ק"ג</UnitQty>
      <Quantity>1</Quantity>
      <UnitMeasure />
      <BisWeighted>1</BisWeighted>
      <QtyInPackage>1</QtyInPackage>
      <ItemPrice>9.90</ItemPrice>
      <UnitOfMeasurePrice>9.90</UnitOfMeasurePrice>
      <AllowDiscount>1</AllowDiscount>
      <itemStatus>1</itemStatus>
      <LastUpdateDate />
      <LastUpdateTime />
    </Product>
    <Product>
      <PriceUpdateDate>2020/04/19 13:34</PriceUpdateDate>
      <ItemCode>2041</ItemCode>
      <ItemType>0</ItemType>
      <ItemName>פלפל חריף</ItemName>
      <ManufactureName>ד. חי שווק תוצרת חקלאית בעמ</ManufactureName>
      <ManufactureCountry />
      <ManufactureItemDescription />
      <UnitQty>ק"ג</UnitQty>
      <Quantity>1</Quantity>
      <UnitMeasure />
      <BisWeighted>1</BisWeighted>
      <QtyInPackage>1</QtyInPackage>
      <ItemPrice>12.90</ItemPrice>
      <UnitOfMeasurePrice>12.90</UnitOfMeasurePrice>
      <AllowDiscount>1</AllowDiscount>
      <itemStatus>1</itemStatus>
      <LastUpdateDate />
      <LastUpdateTime />
    </Product>
    <Product>
      <PriceUpdateDate>2019/04/15 13:46</PriceUpdateDate>
      <ItemCode>2043</ItemCode>
      <ItemType>0</ItemType>
      <ItemName>צנונית</ItemName>
      <ManufactureName>יראון - עבודות חקלאיות בעמ</ManufactureName>
      <ManufactureCountry />
      <ManufactureItemDescription />
      <UnitQty>יח`</UnitQty>
      <Quantity>1</Quantity>
      <UnitMeasure />
      <BisWeighted>0</BisWeighted>
      <QtyInPackage>1</QtyInPackage>
      <ItemPrice>5.90</ItemPrice>
      <UnitOfMeasurePrice>5.90</UnitOfMeasurePrice>
      <AllowDiscount>1</AllowDiscount>
      <itemStatus>1</itemStatus>
      <LastUpdateDate />
      <LastUpdateTime />
    </Product>
    <Product>
      <PriceUpdateDate>2020/03/15 15:56</PriceUpdateDate>
      <ItemCode>2044</ItemCode>
      <ItemType>0</ItemType>
      <ItemName>צנון</ItemName>
      <ManufactureName>עמית בראון שיווק עמ</ManufactureName>
      <ManufactureCountry />
      <ManufactureItemDescription />
      <UnitQty>ק"ג</UnitQty>
      <Quantity>1</Quantity>
      <UnitMeasure />
      <BisWeighted>1</BisWeighted>
      <QtyInPackage>1</QtyInPackage>
      <ItemPrice>5.90</ItemPrice>
      <UnitOfMeasurePrice>5.90</UnitOfMeasurePrice>
      <AllowDiscount>1</AllowDiscount>
      <itemStatus>1</itemStatus>
      <LastUpdateDate />
      <LastUpdateTime />
    </Product>
    <Product>
      <PriceUpdateDate>2020/04/19 13:34</PriceUpdateDate>
      <ItemCode>2046</ItemCode>
      <ItemType>0</ItemType>
      <ItemName>קולורבי</ItemName>
      <ManufactureName>תעשיות תוצרת חקלאית אביטן בני</ManufactureName>
      <ManufactureCountry />
      <ManufactureItemDescription />
      <UnitQty>ק"ג</UnitQty>
      <Quantity>1</Quantity>
      <UnitMeasure />
      <BisWeighted>1</BisWeighted>
      <QtyInPackage>1</QtyInPackage>
      <ItemPrice>6.90</ItemPrice>
      <UnitOfMeasurePrice>6.90</UnitOfMeasurePrice>
      <AllowDiscount>1</AllowDiscount>
      <itemStatus>1</itemStatus>
      <LastUpdateDate />
      <LastUpdateTime />
    </Product>
    <Product>
      <PriceUpdateDate>2020/03/15 15:56</PriceUpdateDate>
      <ItemCode>2047</ItemCode>
      <ItemType>0</ItemType>
      <ItemName>קלמנטינה</ItemName>
      <ManufactureName>תעשיות תוצרת חקלאית אביטן בני</ManufactureName>
      <ManufactureCountry />
      <ManufactureItemDescription />
      <UnitQty>ק"ג</UnitQty>
      <Quantity>1</Quantity>
      <UnitMeasure />
      <BisWeighted>1</BisWeighted>
      <QtyInPackage>1</QtyInPackage>
      <ItemPrice>6.90</ItemPrice>
      <UnitOfMeasurePrice>6.90</UnitOfMeasurePrice>
      <AllowDiscount>1</AllowDiscount>
      <itemStatus>1</itemStatus>
      <LastUpdateDate />
      <LastUpdateTime />
    </Product>
    <Product>
      <PriceUpdateDate>2020/04/19 12:11</PriceUpdateDate>
      <ItemCode>2048</ItemCode>
      <ItemType>0</ItemType>
      <ItemName>קישואים</ItemName>
      <ManufactureName>ד. חי שווק תוצרת חקלאית בעמ</ManufactureName>
      <ManufactureCountry />
      <ManufactureItemDescription />
      <UnitQty>ק"ג</UnitQty>
      <Quantity>1</Quantity>
      <UnitMeasure />
      <BisWeighted>1</BisWeighted>
      <QtyInPackage>1</QtyInPackage>
      <ItemPrice>6.90</ItemPrice>
      <UnitOfMeasurePrice>6.90</UnitOfMeasurePrice>
      <AllowDiscount>1</AllowDiscount>
      <itemStatus>1</itemStatus>
      <LastUpdateDate />
      <LastUpdateTime />
    </Product>
    <Product>
      <PriceUpdateDate>2020/04/19 12:11</PriceUpdateDate>
      <ItemCode>2049</ItemCode>
      <ItemType>0</ItemType>
      <ItemName>קיווי</ItemName>
      <ManufactureName>בראשית - אגודה שיתופית חקלאית</ManufactureName>
      <ManufactureCountry />
      <ManufactureItemDescription />
      <UnitQty>ק"ג</UnitQty>
      <Quantity>1</Quantity>
      <UnitMeasure />
      <BisWeighted>1</BisWeighted>
      <QtyInPackage>1</QtyInPackage>
      <ItemPrice>12.90</ItemPrice>
      <UnitOfMeasurePrice>12.90</UnitOfMeasurePrice>
      <AllowDiscount>1</AllowDiscount>
      <itemStatus>1</itemStatus>
      <LastUpdateDate />
      <LastUpdateTime />
    </Product>
    <Product>
      <PriceUpdateDate>2020/03/22 15:32</PriceUpdateDate>
      <ItemCode>2051</ItemCode>
      <ItemType>0</ItemType>
      <ItemName>לפת</ItemName>
      <ManufactureName>מלוא הסל שיווק ירקות בעמ</ManufactureName>
      <ManufactureCountry />
      <ManufactureItemDescription />
      <UnitQty>ק"ג</UnitQty>
      <Quantity>1</Quantity>
      <UnitMeasure />
      <BisWeighted>1</BisWeighted>
      <QtyInPackage>1</QtyInPackage>
      <ItemPrice>6.90</ItemPrice>
      <UnitOfMeasurePrice>6.90</UnitOfMeasurePrice>
      <AllowDiscount>1</AllowDiscount>
      <itemStatus>1</itemStatus>
      <LastUpdateDate />
      <LastUpdateTime />
    </Product>
    <Product>
      <PriceUpdateDate>2018/04/24 10:50</PriceUpdateDate>
      <ItemCode>2052</ItemCode>
      <ItemType>0</ItemType>
      <ItemName>לוף ארוז</ItemName>
      <ManufactureName>א.אדמה (2007) בעמ</ManufactureName>
      <ManufactureCountry />
      <ManufactureItemDescription />
      <UnitQty>יח`</UnitQty>
      <Quantity>1</Quantity>
      <UnitMeasure />
      <BisWeighted>0</BisWeighted>
      <QtyInPackage>1</QtyInPackage>
      <ItemPrice>9.90</ItemPrice>
      <UnitOfMeasurePrice>9.90</UnitOfMeasurePrice>
      <AllowDiscount>1</AllowDiscount>
      <itemStatus>1</itemStatus>
      <LastUpdateDate />
      <LastUpdateTime />
    </Product>
    <Product>
      <PriceUpdateDate>2020/03/29 14:07</PriceUpdateDate>
      <ItemCode>2053</ItemCode>
      <ItemType>0</ItemType>
      <ItemName>שום יבש</ItemName>
      <ManufactureName>חברת יוסף אופנהימר 1986 בעמ</ManufactureName>
      <ManufactureCountry />
      <ManufactureItemDescription />
      <UnitQty>יח`</UnitQty>
      <Quantity>1</Quantity>
      <UnitMeasure />
      <BisWeighted>0</BisWeighted>
      <QtyInPackage>1</QtyInPackage>
      <ItemPrice>10</ItemPrice>
      <UnitOfMeasurePrice>10</UnitOfMeasurePrice>
      <AllowDiscount>1</AllowDiscount>
      <itemStatus>1</itemStatus>
      <LastUpdateDate />
      <LastUpdateTime />
    </Product>
    <Product>
      <PriceUpdateDate>2020/03/29 13:44</PriceUpdateDate>
      <ItemCode>2054</ItemCode>
      <ItemType>0</ItemType>
      <ItemName>שומר</ItemName>
      <ManufactureName>תעשיות תוצרת חקלאית אביטן בני</ManufactureName>
      <ManufactureCountry />
      <ManufactureItemDescription />
      <UnitQty>ק"ג</UnitQty>
      <Quantity>1</Quantity>
      <UnitMeasure />
      <BisWeighted>1</BisWeighted>
      <QtyInPackage>1</QtyInPackage>
      <ItemPrice>6.90</ItemPrice>
      <UnitOfMeasurePrice>6.90</UnitOfMeasurePrice>
      <AllowDiscount>1</AllowDiscount>
      <itemStatus>1</itemStatus>
      <LastUpdateDate />
      <LastUpdateTime />
    </Product>
    <Product>
      <PriceUpdateDate>2018/04/24 10:42</PriceUpdateDate>
      <ItemCode>2055</ItemCode>
      <ItemType>0</ItemType>
      <ItemName>שורש</ItemName>
      <ManufactureName>מובילי ההר</ManufactureName>
      <ManufactureCountry />
      <ManufactureItemDescription />
      <UnitQty>יח`</UnitQty>
      <Quantity>1</Quantity>
      <UnitMeasure />
      <BisWeighted>0</BisWeighted>
      <QtyInPackage>1</QtyInPackage>
      <ItemPrice>6.90</ItemPrice>
      <UnitOfMeasurePrice>6.90</UnitOfMeasurePrice>
      <AllowDiscount>1</AllowDiscount>
      <itemStatus>1</itemStatus>
      <LastUpdateDate />
      <LastUpdateTime />
    </Product>
    <Product>
      <PriceUpdateDate>2020/01/09 07:57</PriceUpdateDate>
      <ItemCode>2056</ItemCode>
      <ItemType>0</ItemType>
      <ItemName>שרי תפזורת</ItemName>
      <ManufactureName>שיווק העשור ירקות הזהב בעמ</ManufactureName>
      <ManufactureCountry />
      <ManufactureItemDescription />
      <UnitQty>ק"ג</UnitQty>
      <Quantity>1</Quantity>
      <UnitMeasure />
      <BisWeighted>1</BisWeighted>
      <QtyInPackage>1</QtyInPackage>
      <ItemPrice>12.90</ItemPrice>
      <UnitOfMeasurePrice>12.90</UnitOfMeasurePrice>
      <AllowDiscount>1</AllowDiscount>
      <itemStatus>1</itemStatus>
      <LastUpdateDate />
      <LastUpdateTime />
    </Product>
    <Product>
      <PriceUpdateDate>2020/03/22 15:18</PriceUpdateDate>
      <ItemCode>2057</ItemCode>
      <ItemType>0</ItemType>
      <ItemName>תותים</ItemName>
      <ManufactureName>גידול ושיווק אדום ירוק בעמ</ManufactureName>
      <ManufactureCountry />
      <ManufactureItemDescription />
      <UnitQty>יח`</UnitQty>
      <Quantity>1</Quantity>
      <UnitMeasure />
      <BisWeighted>0</BisWeighted>
      <QtyInPackage>1</QtyInPackage>
      <ItemPrice>10</ItemPrice>
      <UnitOfMeasurePrice>10</UnitOfMeasurePrice>
      <AllowDiscount>1</AllowDiscount>
      <itemStatus>1</itemStatus>
      <LastUpdateDate />
      <LastUpdateTime />
    </Product>
    <Product>
      <PriceUpdateDate>2019/06/10 15:19</PriceUpdateDate>
      <ItemCode>2058</ItemCode>
      <ItemType>0</ItemType>
      <ItemName>תפוא לבן</ItemName>
      <ManufactureName>עוגן שיווק *בימי שני תפוא ב -</ManufactureName>
      <ManufactureCountry />
      <ManufactureItemDescription />
      <UnitQty>ק"ג</UnitQty>
      <Quantity>1</Quantity>
      <UnitMeasure />
      <BisWeighted>1</BisWeighted>
      <QtyInPackage>1</QtyInPackage>
      <ItemPrice>3.90</ItemPrice>
      <UnitOfMeasurePrice>3.90</UnitOfMeasurePrice>
      <AllowDiscount>1</AllowDiscount>
      <itemStatus>1</itemStatus>
      <LastUpdateDate />
      <LastUpdateTime />
    </Product>
    <Product>
      <PriceUpdateDate>2020/02/16 13:29</PriceUpdateDate>
      <ItemCode>2059</ItemCode>
      <ItemType>0</ItemType>
      <ItemName>תפוזים</ItemName>
      <ManufactureName>תעשיות תוצרת חקלאית אביטן בני</ManufactureName>
      <ManufactureCountry />
      <ManufactureItemDescription />
      <UnitQty>ק"ג</UnitQty>
      <Quantity>1</Quantity>
      <UnitMeasure />
      <BisWeighted>1</BisWeighted>
      <QtyInPackage>1</QtyInPackage>
      <ItemPrice>5.90</ItemPrice>
      <UnitOfMeasurePrice>5.90</UnitOfMeasurePrice>
      <AllowDiscount>1</AllowDiscount>
      <itemStatus>1</itemStatus>
      <LastUpdateDate />
      <LastUpdateTime />
    </Product>
    <Product>
      <PriceUpdateDate>2020/03/29 13:44</PriceUpdateDate>
      <ItemCode>2060</ItemCode>
      <ItemType>0</ItemType>
      <ItemName>תירס ארוז</ItemName>
      <ManufactureName>בננות החוף אגשח בעמ</ManufactureName>
      <ManufactureCountry />
      <ManufactureItemDescription />
      <UnitQty>ק"ג</UnitQty>
      <Quantity>1</Quantity>
      <UnitMeasure />
      <BisWeighted>1</BisWeighted>
      <QtyInPackage>1</QtyInPackage>
      <ItemPrice>9.90</ItemPrice>
      <UnitOfMeasurePrice>9.90</UnitOfMeasurePrice>
      <AllowDiscount>1</AllowDiscount>
      <itemStatus>1</itemStatus>
      <LastUpdateDate />
      <LastUpdateTime />
    </Product>
    <Product>
      <PriceUpdateDate>2020/05/03 09:27</PriceUpdateDate>
      <ItemCode>2061</ItemCode>
      <ItemType>0</ItemType>
      <ItemName>פלפל אדום</ItemName>
      <ManufactureName>י.ל החקלאים שיווק והפצה בעמ</ManufactureName>
      <ManufactureCountry />
      <ManufactureItemDescription />
      <UnitQty>ק"ג</UnitQty>
      <Quantity>1</Quantity>
      <UnitMeasure />
      <BisWeighted>1</BisWeighted>
      <QtyInPackage>1</QtyInPackage>
      <ItemPrice>9.90</ItemPrice>
      <UnitOfMeasurePrice>9.90</UnitOfMeasurePrice>
      <AllowDiscount>1</AllowDiscount>
      <itemStatus>1</itemStatus>
      <LastUpdateDate />
      <LastUpdateTime />
    </Product>
    <Product>
      <PriceUpdateDate>2020/04/19 12:11</PriceUpdateDate>
      <ItemCode>2063</ItemCode>
      <ItemType>0</ItemType>
      <ItemName>אגס</ItemName>
      <ManufactureName>בראשית - אגודה שיתופית חקלאית</ManufactureName>
      <ManufactureCountry />
      <ManufactureItemDescription />
      <UnitQty>ק"ג</UnitQty>
      <Quantity>1</Quantity>
      <UnitMeasure />
      <BisWeighted>1</BisWeighted>
      <QtyInPackage>1</QtyInPackage>
      <ItemPrice>12.90</ItemPrice>
      <UnitOfMeasurePrice>12.90</UnitOfMeasurePrice>
      <AllowDiscount>1</AllowDiscount>
      <itemStatus>1</itemStatus>
      <LastUpdateDate />
      <LastUpdateTime />
    </Product>
    <Product>
      <PriceUpdateDate>2020/04/19 12:11</PriceUpdateDate>
      <ItemCode>2064</ItemCode>
      <ItemType>0</ItemType>
      <ItemName>כרוב אדום</ItemName>
      <ManufactureName>תעשיות תוצרת חקלאית אביטן בני</ManufactureName>
      <ManufactureCountry />
      <ManufactureItemDescription />
      <UnitQty>ק"ג</UnitQty>
      <Quantity>1</Quantity>
      <UnitMeasure />
      <BisWeighted>1</BisWeighted>
      <QtyInPackage>1</QtyInPackage>
      <ItemPrice>4.90</ItemPrice>
      <UnitOfMeasurePrice>4.90</UnitOfMeasurePrice>
      <AllowDiscount>1</AllowDiscount>
      <itemStatus>1</itemStatus>
      <LastUpdateDate />
      <LastUpdateTime />
    </Product>
    <Product>
      <PriceUpdateDate>2020/03/15 15:56</PriceUpdateDate>
      <ItemCode>2065</ItemCode>
      <ItemType>0</ItemType>
      <ItemName>פלפל חריף אדום</ItemName>
      <ManufactureName>דובדבן שיווק בעמ</ManufactureName>
      <ManufactureCountry />
      <ManufactureItemDescription />
      <UnitQty>ק"ג</UnitQty>
      <Quantity>1</Quantity>
      <UnitMeasure />
      <BisWeighted>1</BisWeighted>
      <QtyInPackage>1</QtyInPackage>
      <ItemPrice>11.90</ItemPrice>
      <UnitOfMeasurePrice>11.90</UnitOfMeasurePrice>
      <AllowDiscount>1</AllowDiscount>
      <itemStatus>1</itemStatus>
      <LastUpdateDate />
      <LastUpdateTime />
    </Product>
    <Product>
      <PriceUpdateDate>2020/03/29 14:07</PriceUpdateDate>
      <ItemCode>2066</ItemCode>
      <ItemType>0</ItemType>
      <ItemName>פלפל בהיר</ItemName>
      <ManufactureName>ד. חי שווק תוצרת חקלאית בעמ</ManufactureName>
      <ManufactureCountry />
      <ManufactureItemDescription />
      <UnitQty>ק"ג</UnitQty>
      <Quantity>1</Quantity>
      <UnitMeasure />
      <BisWeighted>1</BisWeighted>
      <QtyInPackage>1</QtyInPackage>
      <ItemPrice>9.90</ItemPrice>
      <UnitOfMeasurePrice>9.90</UnitOfMeasurePrice>
      <AllowDiscount>1</AllowDiscount>
      <itemStatus>1</itemStatus>
      <LastUpdateDate />
      <LastUpdateTime />
    </Product>
    <Product>
      <PriceUpdateDate>2020/05/03 09:27</PriceUpdateDate>
      <ItemCode>2067</ItemCode>
      <ItemType>0</ItemType>
      <ItemName>פלפל צהוב</ItemName>
      <ManufactureName>ד. חי שווק תוצרת חקלאית בעמ</ManufactureName>
      <ManufactureCountry />
      <ManufactureItemDescription />
      <UnitQty>ק"ג</UnitQty>
      <Quantity>1</Quantity>
      <UnitMeasure />
      <BisWeighted>1</BisWeighted>
      <QtyInPackage>1</QtyInPackage>
      <ItemPrice>9.90</ItemPrice>
      <UnitOfMeasurePrice>9.90</UnitOfMeasurePrice>
      <AllowDiscount>1</AllowDiscount>
      <itemStatus>1</itemStatus>
      <LastUpdateDate />
      <LastUpdateTime />
    </Product>
    <Product>
      <PriceUpdateDate>2020/03/29 14:07</PriceUpdateDate>
      <ItemCode>2068</ItemCode>
      <ItemType>0</ItemType>
      <ItemName>אפרסמון</ItemName>
      <ManufactureName>מור פירות השרון בעמ</ManufactureName>
      <ManufactureCountry />
      <ManufactureItemDescription />
      <UnitQty>ק"ג</UnitQty>
      <Quantity>1</Quantity>
      <UnitMeasure />
      <BisWeighted>1</BisWeighted>
      <QtyInPackage>1</QtyInPackage>
      <ItemPrice>9.90</ItemPrice>
      <UnitOfMeasurePrice>9.90</UnitOfMeasurePrice>
      <AllowDiscount>1</AllowDiscount>
      <itemStatus>1</itemStatus>
      <LastUpdateDate />
      <LastUpdateTime />
    </Product>
    <Product>
      <PriceUpdateDate>2018/04/24 10:24</PriceUpdateDate>
      <ItemCode>7290010051724</ItemCode>
      <ItemType>1</ItemType>
      <ItemName>מלפפון בייבי</ItemName>
      <ManufactureName>א.אדמה (2007) בעמ</ManufactureName>
      <ManufactureCountry />
      <ManufactureItemDescription />
      <UnitQty>יח`</UnitQty>
      <Quantity>1</Quantity>
      <UnitMeasure />
      <BisWeighted>0</BisWeighted>
      <QtyInPackage>1</QtyInPackage>
      <ItemPrice>8.90</ItemPrice>
      <UnitOfMeasurePrice>8.90</UnitOfMeasurePrice>
      <AllowDiscount>1</AllowDiscount>
      <itemStatus>1</itemStatus>
      <LastUpdateDate />
      <LastUpdateTime />
    </Product>
    <Product>
      <PriceUpdateDate>2020/04/19 12:11</PriceUpdateDate>
      <ItemCode>2072</ItemCode>
      <ItemType>0</ItemType>
      <ItemName>בצל אדום</ItemName>
      <ManufactureName>אום אל נור לגידולים חקלאיים בע</ManufactureName>
      <ManufactureCountry />
      <ManufactureItemDescription />
      <UnitQty>ק"ג</UnitQty>
      <Quantity>1</Quantity>
      <UnitMeasure />
      <BisWeighted>1</BisWeighted>
      <QtyInPackage>1</QtyInPackage>
      <ItemPrice>5.90</ItemPrice>
      <UnitOfMeasurePrice>5.90</UnitOfMeasurePrice>
      <AllowDiscount>1</AllowDiscount>
      <itemStatus>1</itemStatus>
      <LastUpdateDate />
      <LastUpdateTime />
    </Product>
    <Product>
      <PriceUpdateDate>2018/04/24 11:46</PriceUpdateDate>
      <ItemCode>2074</ItemCode>
      <ItemType>0</ItemType>
      <ItemName>שרי ארוז</ItemName>
      <ManufactureName>צימן עגבניות</ManufactureName>
      <ManufactureCountry />
      <ManufactureItemDescription />
      <UnitQty>יח`</UnitQty>
      <Quantity>1</Quantity>
      <UnitMeasure />
      <BisWeighted>0</BisWeighted>
      <QtyInPackage>1</QtyInPackage>
      <ItemPrice>9.90</ItemPrice>
      <UnitOfMeasurePrice>9.90</UnitOfMeasurePrice>
      <AllowDiscount>1</AllowDiscount>
      <itemStatus>1</itemStatus>
      <LastUpdateDate />
      <LastUpdateTime />
    </Product>
    <Product>
      <PriceUpdateDate>2020/05/01 10:49</PriceUpdateDate>
      <ItemCode>2080</ItemCode>
      <ItemType>0</ItemType>
      <ItemName>נקטרינה</ItemName>
      <ManufactureName>מיטב פרי הרמה (1995) בעמ</ManufactureName>
      <ManufactureCountry />
      <ManufactureItemDescription />
      <UnitQty>ק"ג</UnitQty>
      <Quantity>1</Quantity>
      <UnitMeasure />
      <BisWeighted>1</BisWeighted>
      <QtyInPackage>1</QtyInPackage>
      <ItemPrice>19.90</ItemPrice>
      <UnitOfMeasurePrice>19.90</UnitOfMeasurePrice>
      <AllowDiscount>1</AllowDiscount>
      <itemStatus>1</itemStatus>
      <LastUpdateDate />
      <LastUpdateTime />
    </Product>
    <Product>
      <PriceUpdateDate>2020/02/05 08:40</PriceUpdateDate>
      <ItemCode>2081</ItemCode>
      <ItemType>0</ItemType>
      <ItemName>ענבי טלי שחורים</ItemName>
      <ManufactureName>לכיש מושב עובדים להתישבות חקלא</ManufactureName>
      <ManufactureCountry />
      <ManufactureItemDescription />
      <UnitQty>ק"ג</UnitQty>
      <Quantity>1</Quantity>
      <UnitMeasure />
      <BisWeighted>1</BisWeighted>
      <QtyInPackage>1</QtyInPackage>
      <ItemPrice>29.90</ItemPrice>
      <UnitOfMeasurePrice>29.90</UnitOfMeasurePrice>
      <AllowDiscount>1</AllowDiscount>
      <itemStatus>1</itemStatus>
      <LastUpdateDate />
      <LastUpdateTime />
    </Product>
    <Product>
      <PriceUpdateDate>2020/03/29 14:06</PriceUpdateDate>
      <ItemCode>2082</ItemCode>
      <ItemType>0</ItemType>
      <ItemName>תפוח פינק ליידי</ItemName>
      <ManufactureName>בראשית - אגודה שיתופית חקלאית</ManufactureName>
      <ManufactureCountry />
      <ManufactureItemDescription />
      <UnitQty>ק"ג</UnitQty>
      <Quantity>1</Quantity>
      <UnitMeasure />
      <BisWeighted>1</BisWeighted>
      <QtyInPackage>1</QtyInPackage>
      <ItemPrice>14.90</ItemPrice>
      <UnitOfMeasurePrice>14.90</UnitOfMeasurePrice>
      <AllowDiscount>1</AllowDiscount>
      <itemStatus>1</itemStatus>
      <LastUpdateDate />
      <LastUpdateTime />
    </Product>
    <Product>
      <PriceUpdateDate>2018/07/23 12:44</PriceUpdateDate>
      <ItemCode>2086</ItemCode>
      <ItemType>0</ItemType>
      <ItemName>מג`הול תמר בקופסא</ItemName>
      <ManufactureName>דין שיווק וקליה בעמ</ManufactureName>
      <ManufactureCountry />
      <ManufactureItemDescription />
      <UnitQty>יח`</UnitQty>
      <Quantity>1</Quantity>
      <UnitMeasure />
      <BisWeighted>0</BisWeighted>
      <QtyInPackage>1</QtyInPackage>
      <ItemPrice>19.90</ItemPrice>
      <UnitOfMeasurePrice>19.90</UnitOfMeasurePrice>
      <AllowDiscount>1</AllowDiscount>
      <itemStatus>1</itemStatus>
      <LastUpdateDate />
      <LastUpdateTime />
    </Product>
    <Product>
      <PriceUpdateDate>2020/05/01 10:49</PriceUpdateDate>
      <ItemCode>2090</ItemCode>
      <ItemType>0</ItemType>
      <ItemName>שסק</ItemName>
      <ManufactureName>אלדד קליימן שיווק בעמ</ManufactureName>
      <ManufactureCountry />
      <ManufactureItemDescription />
      <UnitQty>ק"ג</UnitQty>
      <Quantity>1</Quantity>
      <UnitMeasure />
      <BisWeighted>1</BisWeighted>
      <QtyInPackage>1</QtyInPackage>
      <ItemPrice>14.90</ItemPrice>
      <UnitOfMeasurePrice>14.90</UnitOfMeasurePrice>
      <AllowDiscount>1</AllowDiscount>
      <itemStatus>1</itemStatus>
      <LastUpdateDate />
      <LastUpdateTime />
    </Product>
    <Product>
      <PriceUpdateDate>2020/05/01 10:49</PriceUpdateDate>
      <ItemCode>2091</ItemCode>
      <ItemType>0</ItemType>
      <ItemName>אפרסק</ItemName>
      <ManufactureName>מיטב פרי הרמה (1995) בעמ</ManufactureName>
      <ManufactureCountry />
      <ManufactureItemDescription />
      <UnitQty>ק"ג</UnitQty>
      <Quantity>1</Quantity>
      <UnitMeasure />
      <BisWeighted>1</BisWeighted>
      <QtyInPackage>1</QtyInPackage>
      <ItemPrice>14.90</ItemPrice>
      <UnitOfMeasurePrice>14.90</UnitOfMeasurePrice>
      <AllowDiscount>1</AllowDiscount>
      <itemStatus>1</itemStatus>
      <LastUpdateDate />
      <LastUpdateTime />
    </Product>
    <Product>
      <PriceUpdateDate>2020/04/19 13:34</PriceUpdateDate>
      <ItemCode>2092</ItemCode>
      <ItemType>0</ItemType>
      <ItemName>פלפל שושקה</ItemName>
      <ManufactureName>ד. חי שווק תוצרת חקלאית בעמ</ManufactureName>
      <ManufactureCountry />
      <ManufactureItemDescription />
      <UnitQty>ק"ג</UnitQty>
      <Quantity>1</Quantity>
      <UnitMeasure />
      <BisWeighted>1</BisWeighted>
      <QtyInPackage>1</QtyInPackage>
      <ItemPrice>9.90</ItemPrice>
      <UnitOfMeasurePrice>9.90</UnitOfMeasurePrice>
      <AllowDiscount>1</AllowDiscount>
      <itemStatus>1</itemStatus>
      <LastUpdateDate />
      <LastUpdateTime />
    </Product>
    <Product>
      <PriceUpdateDate>2019/09/23 10:00</PriceUpdateDate>
      <ItemCode>2094</ItemCode>
      <ItemType>0</ItemType>
      <ItemName>תפוח ענה</ItemName>
      <ManufactureName>לכיש מושב עובדים להתישבות חקלא</ManufactureName>
      <ManufactureCountry />
      <ManufactureItemDescription />
      <UnitQty>ק"ג</UnitQty>
      <Quantity>1</Quantity>
      <UnitMeasure />
      <BisWeighted>1</BisWeighted>
      <QtyInPackage>1</QtyInPackage>
      <ItemPrice>3.90</ItemPrice>
      <UnitOfMeasurePrice>3.90</UnitOfMeasurePrice>
      <AllowDiscount>1</AllowDiscount>
      <itemStatus>1</itemStatus>
      <LastUpdateDate />
      <LastUpdateTime />
    </Product>
    <Product>
      <PriceUpdateDate>2020/04/05 14:34</PriceUpdateDate>
      <ItemCode>2095</ItemCode>
      <ItemType>0</ItemType>
      <ItemName>סברס</ItemName>
      <ManufactureName>מהדרין תנופורט יצוא ( ש.מ.)</ManufactureName>
      <ManufactureCountry />
      <ManufactureItemDescription />
      <UnitQty>ק"ג</UnitQty>
      <Quantity>1</Quantity>
      <UnitMeasure />
      <BisWeighted>1</BisWeighted>
      <QtyInPackage>1</QtyInPackage>
      <ItemPrice>29.90</ItemPrice>
      <UnitOfMeasurePrice>29.90</UnitOfMeasurePrice>
      <AllowDiscount>1</AllowDiscount>
      <itemStatus>1</itemStatus>
      <LastUpdateDate />
      <LastUpdateTime />
    </Product>
    <Product>
      <PriceUpdateDate>2020/04/30 10:31</PriceUpdateDate>
      <ItemCode>7290008268004</ItemCode>
      <ItemType>1</ItemType>
      <ItemName>דובדבנים ארוז</ItemName>
      <ManufactureName>בראשית - אגודה שיתופית חקלאית</ManufactureName>
      <ManufactureCountry />
      <ManufactureItemDescription />
      <UnitQty>יח`</UnitQty>
      <Quantity>1</Quantity>
      <UnitMeasure />
      <BisWeighted>0</BisWeighted>
      <QtyInPackage>1</QtyInPackage>
      <ItemPrice>29.90</ItemPrice>
      <UnitOfMeasurePrice>29.90</UnitOfMeasurePrice>
      <AllowDiscount>1</AllowDiscount>
      <itemStatus>1</itemStatus>
      <LastUpdateDate />
      <LastUpdateTime />
    </Product>
    <Product>
      <PriceUpdateDate>2020/04/30 13:58</PriceUpdateDate>
      <ItemCode>2098</ItemCode>
      <ItemType>0</ItemType>
      <ItemName>משמש</ItemName>
      <ManufactureName>גליל שוק מקומי אגשח בעמ</ManufactureName>
      <ManufactureCountry />
      <ManufactureItemDescription />
      <UnitQty>ק"ג</UnitQty>
      <Quantity>1</Quantity>
      <UnitMeasure />
      <BisWeighted>1</BisWeighted>
      <QtyInPackage>1</QtyInPackage>
      <ItemPrice>39.90</ItemPrice>
      <UnitOfMeasurePrice>39.90</UnitOfMeasurePrice>
      <AllowDiscount>1</AllowDiscount>
      <itemStatus>1</itemStatus>
      <LastUpdateDate />
      <LastUpdateTime />
    </Product>
    <Product>
      <PriceUpdateDate>2018/04/24 10:29</PriceUpdateDate>
      <ItemCode>7290010051298</ItemCode>
      <ItemType>1</ItemType>
      <ItemName>סלק עלים מנגולד</ItemName>
      <ManufactureName>א.אדמה (2007) בעמ</ManufactureName>
      <ManufactureCountry />
      <ManufactureItemDescription />
      <UnitQty>יח`</UnitQty>
      <Quantity>1</Quantity>
      <UnitMeasure />
      <BisWeighted>0</BisWeighted>
      <QtyInPackage>1</QtyInPackage>
      <ItemPrice>4.90</ItemPrice>
      <UnitOfMeasurePrice>4.90</UnitOfMeasurePrice>
      <AllowDiscount>1</AllowDiscount>
      <itemStatus>1</itemStatus>
      <LastUpdateDate />
      <LastUpdateTime />
    </Product>
    <Product>
      <PriceUpdateDate>2019/08/26 11:49</PriceUpdateDate>
      <ItemCode>2111</ItemCode>
      <ItemType>0</ItemType>
      <ItemName>בטטה ירושלמית כסביה</ItemName>
      <ManufactureName>הררי מאיר ובניו הובלות בקרור ב</ManufactureName>
      <ManufactureCountry />
      <ManufactureItemDescription />
      <UnitQty>ק"ג</UnitQty>
      <Quantity>1</Quantity>
      <UnitMeasure />
      <BisWeighted>1</BisWeighted>
      <QtyInPackage>1</QtyInPackage>
      <ItemPrice>12.90</ItemPrice>
      <UnitOfMeasurePrice>12.90</UnitOfMeasurePrice>
      <AllowDiscount>1</AllowDiscount>
      <itemStatus>1</itemStatus>
      <LastUpdateDate />
      <LastUpdateTime />
    </Product>
    <Product>
      <PriceUpdateDate>2020/05/03 09:27</PriceUpdateDate>
      <ItemCode>2113</ItemCode>
      <ItemType>0</ItemType>
      <ItemName>פלפל כתום</ItemName>
      <ManufactureName>י.ל החקלאים שיווק והפצה בעמ</ManufactureName>
      <ManufactureCountry />
      <ManufactureItemDescription />
      <UnitQty>ק"ג</UnitQty>
      <Quantity>1</Quantity>
      <UnitMeasure />
      <BisWeighted>1</BisWeighted>
      <QtyInPackage>1</QtyInPackage>
      <ItemPrice>9.90</ItemPrice>
      <UnitOfMeasurePrice>9.90</UnitOfMeasurePrice>
      <AllowDiscount>1</AllowDiscount>
      <itemStatus>1</itemStatus>
      <LastUpdateDate />
      <LastUpdateTime />
    </Product>
    <Product>
      <PriceUpdateDate>2019/06/10 15:19</PriceUpdateDate>
      <ItemCode>2120</ItemCode>
      <ItemType>0</ItemType>
      <ItemName>תפוא אדום</ItemName>
      <ManufactureName>עוגן שיווק *בימי שני תפוא ב -</ManufactureName>
      <ManufactureCountry />
      <ManufactureItemDescription />
      <UnitQty>ק"ג</UnitQty>
      <Quantity>1</Quantity>
      <UnitMeasure />
      <BisWeighted>1</BisWeighted>
      <QtyInPackage>1</QtyInPackage>
      <ItemPrice>4.90</ItemPrice>
      <UnitOfMeasurePrice>4.90</UnitOfMeasurePrice>
      <AllowDiscount>1</AllowDiscount>
      <itemStatus>1</itemStatus>
      <LastUpdateDate />
      <LastUpdateTime />
    </Product>
    <Product>
      <PriceUpdateDate>2020/01/05 14:13</PriceUpdateDate>
      <ItemCode>2132</ItemCode>
      <ItemType>0</ItemType>
      <ItemName>ברוקולי ארוז</ItemName>
      <ManufactureName>בננות החוף אגשח בעמ</ManufactureName>
      <ManufactureCountry />
      <ManufactureItemDescription />
      <UnitQty>יח`</UnitQty>
      <Quantity>1</Quantity>
      <UnitMeasure />
      <BisWeighted>0</BisWeighted>
      <QtyInPackage>1</QtyInPackage>
      <ItemPrice>9.90</ItemPrice>
      <UnitOfMeasurePrice>9.90</UnitOfMeasurePrice>
      <AllowDiscount>1</AllowDiscount>
      <itemStatus>1</itemStatus>
      <LastUpdateDate />
      <LastUpdateTime />
    </Product>
    <Product>
      <PriceUpdateDate>2020/03/22 15:32</PriceUpdateDate>
      <ItemCode>2134</ItemCode>
      <ItemType>0</ItemType>
      <ItemName>תפוח נאשי</ItemName>
      <ManufactureName>בראשית - אגודה שיתופית חקלאית</ManufactureName>
      <ManufactureCountry />
      <ManufactureItemDescription />
      <UnitQty>ק"ג</UnitQty>
      <Quantity>1</Quantity>
      <UnitMeasure />
      <BisWeighted>1</BisWeighted>
      <QtyInPackage>1</QtyInPackage>
      <ItemPrice>14.90</ItemPrice>
      <UnitOfMeasurePrice>14.90</UnitOfMeasurePrice>
      <AllowDiscount>1</AllowDiscount>
      <itemStatus>1</itemStatus>
      <LastUpdateDate />
      <LastUpdateTime />
    </Product>
    <Product>
      <PriceUpdateDate>2018/04/24 10:37</PriceUpdateDate>
      <ItemCode>2136</ItemCode>
      <ItemType>0</ItemType>
      <ItemName>קורנית/טימין</ItemName>
      <ManufactureName>מרינה פטריות הגליל בעמ</ManufactureName>
      <ManufactureCountry />
      <ManufactureItemDescription />
      <UnitQty>יח`</UnitQty>
      <Quantity>1</Quantity>
      <UnitMeasure />
      <BisWeighted>0</BisWeighted>
      <QtyInPackage>1</QtyInPackage>
      <ItemPrice>4</ItemPrice>
      <UnitOfMeasurePrice>4</UnitOfMeasurePrice>
      <AllowDiscount>1</AllowDiscount>
      <itemStatus>1</itemStatus>
      <LastUpdateDate />
      <LastUpdateTime />
    </Product>
    <Product>
      <PriceUpdateDate>2018/08/13 09:39</PriceUpdateDate>
      <ItemCode>7290006704061</ItemCode>
      <ItemType>1</ItemType>
      <ItemName>עירית ארוזה</ItemName>
      <ManufactureName>א.אדמה (2007) בעמ</ManufactureName>
      <ManufactureCountry />
      <ManufactureItemDescription />
      <UnitQty>יח`</UnitQty>
      <Quantity>1</Quantity>
      <UnitMeasure />
      <BisWeighted>0</BisWeighted>
      <QtyInPackage>1</QtyInPackage>
      <ItemPrice>4.90</ItemPrice>
      <UnitOfMeasurePrice>4.90</UnitOfMeasurePrice>
      <AllowDiscount>1</AllowDiscount>
      <itemStatus>1</itemStatus>
      <LastUpdateDate />
      <LastUpdateTime />
    </Product>
    <Product>
      <PriceUpdateDate>2018/05/03 18:48</PriceUpdateDate>
      <ItemCode>7290006704092</ItemCode>
      <ItemType>1</ItemType>
      <ItemName>מרווה</ItemName>
      <ManufactureName>מרינה פטריות הגליל בעמ</ManufactureName>
      <ManufactureCountry />
      <ManufactureItemDescription />
      <UnitQty>יח`</UnitQty>
      <Quantity>1</Quantity>
      <UnitMeasure />
      <BisWeighted>0</BisWeighted>
      <QtyInPackage>1</QtyInPackage>
      <ItemPrice>3.90</ItemPrice>
      <UnitOfMeasurePrice>3.90</UnitOfMeasurePrice>
      <AllowDiscount>1</AllowDiscount>
      <itemStatus>1</itemStatus>
      <LastUpdateDate />
      <LastUpdateTime />
    </Product>
    <Product>
      <PriceUpdateDate>2020/04/19 12:11</PriceUpdateDate>
      <ItemCode>2144</ItemCode>
      <ItemType>0</ItemType>
      <ItemName>קישוא זוקיני</ItemName>
      <ManufactureName>עמית בראון שיווק עמ</ManufactureName>
      <ManufactureCountry />
      <ManufactureItemDescription />
      <UnitQty>ק"ג</UnitQty>
      <Quantity>1</Quantity>
      <UnitMeasure />
      <BisWeighted>1</BisWeighted>
      <QtyInPackage>1</QtyInPackage>
      <ItemPrice>7.90</ItemPrice>
      <UnitOfMeasurePrice>7.90</UnitOfMeasurePrice>
      <AllowDiscount>1</AllowDiscount>
      <itemStatus>1</itemStatus>
      <LastUpdateDate />
      <LastUpdateTime />
    </Product>
    <Product>
      <PriceUpdateDate>2019/12/09 12:14</PriceUpdateDate>
      <ItemCode>2158</ItemCode>
      <ItemType>0</ItemType>
      <ItemName>תפוזים ברשת</ItemName>
      <ManufactureName>מהדרין תנופורט יצוא ( ש.מ.)</ManufactureName>
      <ManufactureCountry />
      <ManufactureItemDescription />
      <UnitQty>ק"ג</UnitQty>
      <Quantity>1</Quantity>
      <UnitMeasure />
      <BisWeighted>1</BisWeighted>
      <QtyInPackage>1</QtyInPackage>
      <ItemPrice>4.90</ItemPrice>
      <UnitOfMeasurePrice>4.90</UnitOfMeasurePrice>
      <AllowDiscount>1</AllowDiscount>
      <itemStatus>1</itemStatus>
      <LastUpdateDate />
      <LastUpdateTime />
    </Product>
    <Product>
      <PriceUpdateDate>2018/11/18 13:08</PriceUpdateDate>
      <ItemCode>2159</ItemCode>
      <ItemType>0</ItemType>
      <ItemName>קלמנטינה ברשת</ItemName>
      <ManufactureName>מהדרין תנופורט יצוא ( ש.מ.)</ManufactureName>
      <ManufactureCountry />
      <ManufactureItemDescription />
      <UnitQty>ק"ג</UnitQty>
      <Quantity>1</Quantity>
      <UnitMeasure />
      <BisWeighted>1</BisWeighted>
      <QtyInPackage>1</QtyInPackage>
      <ItemPrice>3.90</ItemPrice>
      <UnitOfMeasurePrice>3.90</UnitOfMeasurePrice>
      <AllowDiscount>1</AllowDiscount>
      <itemStatus>1</itemStatus>
      <LastUpdateDate />
      <LastUpdateTime />
    </Product>
    <Product>
      <PriceUpdateDate>2020/04/19 13:34</PriceUpdateDate>
      <ItemCode>2165</ItemCode>
      <ItemType>0</ItemType>
      <ItemName>פטריות חומות תפזורת גדולות למילוי</ItemName>
      <ManufactureName>חוות השמפיניון בעמ</ManufactureName>
      <ManufactureCountry />
      <ManufactureItemDescription />
      <UnitQty>ק"ג</UnitQty>
      <Quantity>1</Quantity>
      <UnitMeasure />
      <BisWeighted>1</BisWeighted>
      <QtyInPackage>1</QtyInPackage>
      <ItemPrice>39.90</ItemPrice>
      <UnitOfMeasurePrice>39.90</UnitOfMeasurePrice>
      <AllowDiscount>1</AllowDiscount>
      <itemStatus>1</itemStatus>
      <LastUpdateDate />
      <LastUpdateTime />
    </Product>
    <Product>
      <PriceUpdateDate>2020/04/19 13:34</PriceUpdateDate>
      <ItemCode>2173</ItemCode>
      <ItemType>0</ItemType>
      <ItemName>חציל בלדי</ItemName>
      <ManufactureName>י.ל החקלאים שיווק והפצה בעמ</ManufactureName>
      <ManufactureCountry />
      <ManufactureItemDescription />
      <UnitQty>ק"ג</UnitQty>
      <Quantity>1</Quantity>
      <UnitMeasure />
      <BisWeighted>1</BisWeighted>
      <QtyInPackage>1</QtyInPackage>
      <ItemPrice>7.90</ItemPrice>
      <UnitOfMeasurePrice>7.90</UnitOfMeasurePrice>
      <AllowDiscount>1</AllowDiscount>
      <itemStatus>1</itemStatus>
      <LastUpdateDate />
      <LastUpdateTime />
    </Product>
    <Product>
      <PriceUpdateDate>2020/04/05 14:34</PriceUpdateDate>
      <ItemCode>2177</ItemCode>
      <ItemType>0</ItemType>
      <ItemName>ענבי טלי ירוקים</ItemName>
      <ManufactureName>לכיש מושב עובדים להתישבות חקלא</ManufactureName>
      <ManufactureCountry />
      <ManufactureItemDescription />
      <UnitQty>ק"ג</UnitQty>
      <Quantity>1</Quantity>
      <UnitMeasure />
      <BisWeighted>1</BisWeighted>
      <QtyInPackage>1</QtyInPackage>
      <ItemPrice>29.90</ItemPrice>
      <UnitOfMeasurePrice>29.90</UnitOfMeasurePrice>
      <AllowDiscount>1</AllowDiscount>
      <itemStatus>1</itemStatus>
      <LastUpdateDate />
      <LastUpdateTime />
    </Product>
    <Product>
      <PriceUpdateDate>2018/04/24 10:36</PriceUpdateDate>
      <ItemCode>7290003779499</ItemCode>
      <ItemType>1</ItemType>
      <ItemName>גינג`ר יחידה טרי</ItemName>
      <ManufactureName>מרינה פטריות הגליל בעמ</ManufactureName>
      <ManufactureCountry />
      <ManufactureItemDescription />
      <UnitQty>יח`</UnitQty>
      <Quantity>1</Quantity>
      <UnitMeasure />
      <BisWeighted>0</BisWeighted>
      <QtyInPackage>1</QtyInPackage>
      <ItemPrice>9.90</ItemPrice>
      <UnitOfMeasurePrice>9.90</UnitOfMeasurePrice>
      <AllowDiscount>1</AllowDiscount>
      <itemStatus>1</itemStatus>
      <LastUpdateDate />
      <LastUpdateTime />
    </Product>
    <Product>
      <PriceUpdateDate>2018/09/04 13:32</PriceUpdateDate>
      <ItemCode>2556</ItemCode>
      <ItemType>0</ItemType>
      <ItemName>עגבניות חתוכות דק 400 גר` בודד</ItemName>
      <ManufactureName>רסטרטו יבוא ושיווק בעמ</ManufactureName>
      <ManufactureCountry />
      <ManufactureItemDescription />
      <UnitQty>יח`</UnitQty>
      <Quantity>4</Quantity>
      <UnitMeasure>100 גרם</UnitMeasure>
      <BisWeighted>0</BisWeighted>
      <QtyInPackage>1</QtyInPackage>
      <ItemPrice>5.90</ItemPrice>
      <UnitOfMeasurePrice>1.48</UnitOfMeasurePrice>
      <AllowDiscount>0</AllowDiscount>
      <itemStatus>1</itemStatus>
      <LastUpdateDate />
      <LastUpdateTime />
    </Product>
    <Product>
      <PriceUpdateDate>2018/04/24 10:32</PriceUpdateDate>
      <ItemCode>2583</ItemCode>
      <ItemType>0</ItemType>
      <ItemName>צ`אך עגל טרי מוכשר</ItemName>
      <ManufactureName>אדום אדום - תנובה בקר</ManufactureName>
      <ManufactureCountry />
      <ManufactureItemDescription />
      <UnitQty>ק"ג</UnitQty>
      <Quantity>1</Quantity>
      <UnitMeasure />
      <BisWeighted>1</BisWeighted>
      <QtyInPackage>1</QtyInPackage>
      <ItemPrice>79.90</ItemPrice>
      <UnitOfMeasurePrice>79.90</UnitOfMeasurePrice>
      <AllowDiscount>1</AllowDiscount>
      <itemStatus>1</itemStatus>
      <LastUpdateDate />
      <LastUpdateTime />
    </Product>
    <Product>
      <PriceUpdateDate>2020/04/01 10:17</PriceUpdateDate>
      <ItemCode>3113</ItemCode>
      <ItemType>0</ItemType>
      <ItemName>מסיכת הגנה 3 שכבות בודד</ItemName>
      <ManufactureName>ספקים שונים</ManufactureName>
      <ManufactureCountry />
      <ManufactureItemDescription />
      <UnitQty>יח`</UnitQty>
      <Quantity>1</Quantity>
      <UnitMeasure />
      <BisWeighted>0</BisWeighted>
      <QtyInPackage>1</QtyInPackage>
      <ItemPrice>9.90</ItemPrice>
      <UnitOfMeasurePrice>9.90</UnitOfMeasurePrice>
      <AllowDiscount>0</AllowDiscount>
      <itemStatus>1</itemStatus>
      <LastUpdateDate />
      <LastUpdateTime />
    </Product>
    <Product>
      <PriceUpdateDate>2020/04/21 08:51</PriceUpdateDate>
      <ItemCode>3535</ItemCode>
      <ItemType>0</ItemType>
      <ItemName>מסיכת הגנה לפנים 50 יח`</ItemName>
      <ManufactureName>ספקים שונים</ManufactureName>
      <ManufactureCountry />
      <ManufactureItemDescription />
      <UnitQty>יח`</UnitQty>
      <Quantity>1</Quantity>
      <UnitMeasure />
      <BisWeighted>0</BisWeighted>
      <QtyInPackage>1</QtyInPackage>
      <ItemPrice>100</ItemPrice>
      <UnitOfMeasurePrice>100</UnitOfMeasurePrice>
      <AllowDiscount>1</AllowDiscount>
      <itemStatus>1</itemStatus>
      <LastUpdateDate />
      <LastUpdateTime />
    </Product>
    <Product>
      <PriceUpdateDate>2020/04/22 09:29</PriceUpdateDate>
      <ItemCode>4022</ItemCode>
      <ItemType>0</ItemType>
      <ItemName>מסיכות בד שלישייה</ItemName>
      <ManufactureName>אומנות התפירה</ManufactureName>
      <ManufactureCountry />
      <ManufactureItemDescription />
      <UnitQty>יח`</UnitQty>
      <Quantity>1</Quantity>
      <UnitMeasure />
      <BisWeighted>0</BisWeighted>
      <QtyInPackage>1</QtyInPackage>
      <ItemPrice>19.90</ItemPrice>
      <UnitOfMeasurePrice>19.90</UnitOfMeasurePrice>
      <AllowDiscount>0</AllowDiscount>
      <itemStatus>1</itemStatus>
      <LastUpdateDate />
      <LastUpdateTime />
    </Product>
    <Product>
      <PriceUpdateDate>2018/04/24 11:05</PriceUpdateDate>
      <ItemCode>7301</ItemCode>
      <ItemType>0</ItemType>
      <ItemName>תבנית גדולה המותג</ItemName>
      <ManufactureName>דין שיווק - עטרת</ManufactureName>
      <ManufactureCountry />
      <ManufactureItemDescription />
      <UnitQty>יח`</UnitQty>
      <Quantity>1</Quantity>
      <UnitMeasure />
      <BisWeighted>0</BisWeighted>
      <QtyInPackage>1</QtyInPackage>
      <ItemPrice>1.90</ItemPrice>
      <UnitOfMeasurePrice>1.90</UnitOfMeasurePrice>
      <AllowDiscount>1</AllowDiscount>
      <itemStatus>1</itemStatus>
      <LastUpdateDate />
      <LastUpdateTime />
    </Product>
    <Product>
      <PriceUpdateDate>2018/04/24 11:05</PriceUpdateDate>
      <ItemCode>7302</ItemCode>
      <ItemType>0</ItemType>
      <ItemName>תבנית אינגליש המותג</ItemName>
      <ManufactureName>דין שיווק - עטרת</ManufactureName>
      <ManufactureCountry />
      <ManufactureItemDescription />
      <UnitQty>יח`</UnitQty>
      <Quantity>1</Quantity>
      <UnitMeasure />
      <BisWeighted>0</BisWeighted>
      <QtyInPackage>1</QtyInPackage>
      <ItemPrice>0.90</ItemPrice>
      <UnitOfMeasurePrice>0.90</UnitOfMeasurePrice>
      <AllowDiscount>1</AllowDiscount>
      <itemStatus>1</itemStatus>
      <LastUpdateDate />
      <LastUpdateTime />
    </Product>
    <Product>
      <PriceUpdateDate>2018/04/24 11:06</PriceUpdateDate>
      <ItemCode>7304</ItemCode>
      <ItemType>0</ItemType>
      <ItemName>תבנית ענק המותג</ItemName>
      <ManufactureName>דין שיווק - עטרת</ManufactureName>
      <ManufactureCountry />
      <ManufactureItemDescription />
      <UnitQty>יח`</UnitQty>
      <Quantity>1</Quantity>
      <UnitMeasure />
      <BisWeighted>0</BisWeighted>
      <QtyInPackage>1</QtyInPackage>
      <ItemPrice>2.90</ItemPrice>
      <UnitOfMeasurePrice>2.90</UnitOfMeasurePrice>
      <AllowDiscount>1</AllowDiscount>
      <itemStatus>1</itemStatus>
      <LastUpdateDate />
      <LastUpdateTime />
    </Product>
    <Product>
      <PriceUpdateDate>2018/04/24 10:32</PriceUpdateDate>
      <ItemCode>7359</ItemCode>
      <ItemType>0</ItemType>
      <ItemName>אווזית עגל טרי מוכשר</ItemName>
      <ManufactureName>אדום אדום - תנובה בקר</ManufactureName>
      <ManufactureCountry />
      <ManufactureItemDescription />
      <UnitQty>ק"ג</UnitQty>
      <Quantity>1</Quantity>
      <UnitMeasure>ק"ג</UnitMeasure>
      <BisWeighted>1</BisWeighted>
      <QtyInPackage>1</QtyInPackage>
      <ItemPrice>79.90</ItemPrice>
      <UnitOfMeasurePrice>79.90</UnitOfMeasurePrice>
      <AllowDiscount>1</AllowDiscount>
      <itemStatus>1</itemStatus>
      <LastUpdateDate />
      <LastUpdateTime />
    </Product>
    <Product>
      <PriceUpdateDate>2018/04/24 10:55</PriceUpdateDate>
      <ItemCode>7472</ItemCode>
      <ItemType>0</ItemType>
      <ItemName>אנטריקוט עגל טרי מוכשר סטייק</ItemName>
      <ManufactureName>אדום אדום - תנובה בקר</ManufactureName>
      <ManufactureCountry />
      <ManufactureItemDescription />
      <UnitQty>ק"ג</UnitQty>
      <Quantity>1</Quantity>
      <UnitMeasure />
      <BisWeighted>1</BisWeighted>
      <QtyInPackage>1</QtyInPackage>
      <ItemPrice>138</ItemPrice>
      <UnitOfMeasurePrice>138</UnitOfMeasurePrice>
      <AllowDiscount>1</AllowDiscount>
      <itemStatus>1</itemStatus>
      <LastUpdateDate />
      <LastUpdateTime />
    </Product>
    <Product>
      <PriceUpdateDate>2019/04/15 13:46</PriceUpdateDate>
      <ItemCode>9391</ItemCode>
      <ItemType>0</ItemType>
      <ItemName>אוסובוקו עגל טרי מוכשר</ItemName>
      <ManufactureName>אדום אדום - תנובה בקר</ManufactureName>
      <ManufactureCountry />
      <ManufactureItemDescription />
      <UnitQty>ק"ג</UnitQty>
      <Quantity>1</Quantity>
      <UnitMeasure>ק"ג</UnitMeasure>
      <BisWeighted>1</BisWeighted>
      <QtyInPackage>1</QtyInPackage>
      <ItemPrice>49.90</ItemPrice>
      <UnitOfMeasurePrice>49.90</UnitOfMeasurePrice>
      <AllowDiscount>1</AllowDiscount>
      <itemStatus>1</itemStatus>
      <LastUpdateDate />
      <LastUpdateTime />
    </Product>
    <Product>
      <PriceUpdateDate>2019/10/29 08:41</PriceUpdateDate>
      <ItemCode>12001</ItemCode>
      <ItemType>0</ItemType>
      <ItemName>מעושנת א.ח.נוכרי</ItemName>
      <ManufactureName>צ.י תעשיות מזון יבנה בעמ</ManufactureName>
      <ManufactureCountry />
      <ManufactureItemDescription />
      <UnitQty>ק"ג</UnitQty>
      <Quantity>10</Quantity>
      <UnitMeasure>100 גרם</UnitMeasure>
      <BisWeighted>1</BisWeighted>
      <QtyInPackage>1</QtyInPackage>
      <ItemPrice>38</ItemPrice>
      <UnitOfMeasurePrice>3.80</UnitOfMeasurePrice>
      <AllowDiscount>0</AllowDiscount>
      <itemStatus>1</itemStatus>
      <LastUpdateDate />
      <LastUpdateTime />
    </Product>
    <Product>
      <PriceUpdateDate>2019/09/02 11:04</PriceUpdateDate>
      <ItemCode>23489</ItemCode>
      <ItemType>0</ItemType>
      <ItemName>דג סלמון נורבגי טרי שלם - נקי</ItemName>
      <ManufactureName>מאסטרפוד בעמ</ManufactureName>
      <ManufactureCountry />
      <ManufactureItemDescription />
      <UnitQty>ק"ג</UnitQty>
      <Quantity>1</Quantity>
      <UnitMeasure>100 גרם</UnitMeasure>
      <BisWeighted>1</BisWeighted>
      <QtyInPackage>1</QtyInPackage>
      <ItemPrice>59.90</ItemPrice>
      <UnitOfMeasurePrice>59.90</UnitOfMeasurePrice>
      <AllowDiscount>1</AllowDiscount>
      <itemStatus>1</itemStatus>
      <LastUpdateDate />
      <LastUpdateTime />
    </Product>
    <Product>
      <PriceUpdateDate>2020/02/27 08:11</PriceUpdateDate>
      <ItemCode>42992</ItemCode>
      <ItemType>0</ItemType>
      <ItemName>צוואר עגל טרי עם עצם מוכשר</ItemName>
      <ManufactureName>אדום אדום - תנובה בקר</ManufactureName>
      <ManufactureCountry />
      <ManufactureItemDescription />
      <UnitQty>ק"ג</UnitQty>
      <Quantity>1</Quantity>
      <UnitMeasure />
      <BisWeighted>1</BisWeighted>
      <QtyInPackage>1</QtyInPackage>
      <ItemPrice>49.90</ItemPrice>
      <UnitOfMeasurePrice>49.90</UnitOfMeasurePrice>
      <AllowDiscount>1</AllowDiscount>
      <itemStatus>1</itemStatus>
      <LastUpdateDate />
      <LastUpdateTime />
    </Product>
    <Product>
      <PriceUpdateDate>2019/09/02 10:37</PriceUpdateDate>
      <ItemCode>45979</ItemCode>
      <ItemType>0</ItemType>
      <ItemName>בשר ראש טרי מוכשר</ItemName>
      <ManufactureName>אדום אדום - תנובה בקר</ManufactureName>
      <ManufactureCountry />
      <ManufactureItemDescription />
      <UnitQty>ק"ג</UnitQty>
      <Quantity>1</Quantity>
      <UnitMeasure>ק"ג</UnitMeasure>
      <BisWeighted>1</BisWeighted>
      <QtyInPackage>1</QtyInPackage>
      <ItemPrice>49.90</ItemPrice>
      <UnitOfMeasurePrice>49.90</UnitOfMeasurePrice>
      <AllowDiscount>1</AllowDiscount>
      <itemStatus>1</itemStatus>
      <LastUpdateDate />
      <LastUpdateTime />
    </Product>
    <Product>
      <PriceUpdateDate>2019/06/19 09:52</PriceUpdateDate>
      <ItemCode>46006</ItemCode>
      <ItemType>0</ItemType>
      <ItemName>צהובה עמק 28% תנובה</ItemName>
      <ManufactureName>תנובה - חלב</ManufactureName>
      <ManufactureCountry />
      <ManufactureItemDescription />
      <UnitQty>ק"ג</UnitQty>
      <Quantity>10</Quantity>
      <UnitMeasure>100 גרם</UnitMeasure>
      <BisWeighted>1</BisWeighted>
      <QtyInPackage>1</QtyInPackage>
      <ItemPrice>42.70</ItemPrice>
      <UnitOfMeasurePrice>4.27</UnitOfMeasurePrice>
      <AllowDiscount>1</AllowDiscount>
      <itemStatus>1</itemStatus>
      <LastUpdateDate />
      <LastUpdateTime />
    </Product>
    <Product>
      <PriceUpdateDate>2019/06/19 09:52</PriceUpdateDate>
      <ItemCode>7290000046020</ItemCode>
      <ItemType>1</ItemType>
      <ItemName>גבינת גלבוע 22% תנובה</ItemName>
      <ManufactureName>תנובה - חלב</ManufactureName>
      <ManufactureCountry />
      <ManufactureItemDescription />
      <UnitQty>ק"ג</UnitQty>
      <Quantity>10</Quantity>
      <UnitMeasure>100 גרם</UnitMeasure>
      <BisWeighted>1</BisWeighted>
      <QtyInPackage>1</QtyInPackage>
      <ItemPrice>40.59</ItemPrice>
      <UnitOfMeasurePrice>4.06</UnitOfMeasurePrice>
      <AllowDiscount>0</AllowDiscount>
      <itemStatus>1</itemStatus>
      <LastUpdateDate />
      <LastUpdateTime />
    </Product>
    <Product>
      <PriceUpdateDate>2019/06/10 10:53</PriceUpdateDate>
      <ItemCode>46549</ItemCode>
      <ItemType>0</ItemType>
      <ItemName>מוצרלה חריץ תנובה</ItemName>
      <ManufactureName>תנובה - חלב</ManufactureName>
      <ManufactureCountry />
      <ManufactureItemDescription />
      <UnitQty>ק"ג</UnitQty>
      <Quantity>10</Quantity>
      <UnitMeasure>100 גרם</UnitMeasure>
      <BisWeighted>1</BisWeighted>
      <QtyInPackage>1</QtyInPackage>
      <ItemPrice>76</ItemPrice>
      <UnitOfMeasurePrice>7.60</UnitOfMeasurePrice>
      <AllowDiscount>0</AllowDiscount>
      <itemStatus>1</itemStatus>
      <LastUpdateDate />
      <LastUpdateTime />
    </Product>
    <Product>
      <PriceUpdateDate>2019/03/04 07:52</PriceUpdateDate>
      <ItemCode>7290000046563</ItemCode>
      <ItemType>1</ItemType>
      <ItemName>קולאג 23% פרמזן חריץ תנובה</ItemName>
      <ManufactureName>תנובה - חלב</ManufactureName>
      <ManufactureCountry />
      <ManufactureItemDescription />
      <UnitQty>ק"ג</UnitQty>
      <Quantity>10</Quantity>
      <UnitMeasure>100 גרם</UnitMeasure>
      <BisWeighted>1</BisWeighted>
      <QtyInPackage>1</QtyInPackage>
      <ItemPrice>113</ItemPrice>
      <UnitOfMeasurePrice>11.30</UnitOfMeasurePrice>
      <AllowDiscount>0</AllowDiscount>
      <itemStatus>1</itemStatus>
      <LastUpdateDate />
      <LastUpdateTime />
    </Product>
    <Product>
      <PriceUpdateDate>2018/08/08 12:35</PriceUpdateDate>
      <ItemCode>46662</ItemCode>
      <ItemType>0</ItemType>
      <ItemName>סקנדינבית 31% תנובה</ItemName>
      <ManufactureName>תנובה - חלב</ManufactureName>
      <ManufactureCountry />
      <ManufactureItemDescription />
      <UnitQty>ק"ג</UnitQty>
      <Quantity>10</Quantity>
      <UnitMeasure>100 גרם</UnitMeasure>
      <BisWeighted>1</BisWeighted>
      <QtyInPackage>1</QtyInPackage>
      <ItemPrice>76</ItemPrice>
      <UnitOfMeasurePrice>7.60</UnitOfMeasurePrice>
      <AllowDiscount>0</AllowDiscount>
      <itemStatus>1</itemStatus>
      <LastUpdateDate />
      <LastUpdateTime />
    </Product>
    <Product>
      <PriceUpdateDate>2019/06/10 10:53</PriceUpdateDate>
      <ItemCode>47027</ItemCode>
      <ItemType>0</ItemType>
      <ItemName>קשקבל (27% גלעד) תנובה</ItemName>
      <ManufactureName>תנובה - חלב</ManufactureName>
      <ManufactureCountry />
      <ManufactureItemDescription />
      <UnitQty>ק"ג</UnitQty>
      <Quantity>10</Quantity>
      <UnitMeasure>100 גרם</UnitMeasure>
      <BisWeighted>1</BisWeighted>
      <QtyInPackage>1</QtyInPackage>
      <ItemPrice>121</ItemPrice>
      <UnitOfMeasurePrice>12.10</UnitOfMeasurePrice>
      <AllowDiscount>0</AllowDiscount>
      <itemStatus>1</itemStatus>
      <LastUpdateDate />
      <LastUpdateTime />
    </Product>
    <Product>
      <PriceUpdateDate>2019/06/10 10:53</PriceUpdateDate>
      <ItemCode>47485</ItemCode>
      <ItemType>0</ItemType>
      <ItemName>בולגרית 24% פח 3  קג`תנובה</ItemName>
      <ManufactureName>תנובה - חלב</ManufactureName>
      <ManufactureCountry />
      <ManufactureItemDescription />
      <UnitQty>ק"ג</UnitQty>
      <Quantity>10</Quantity>
      <UnitMeasure>100 גרם</UnitMeasure>
      <BisWeighted>1</BisWeighted>
      <QtyInPackage>1</QtyInPackage>
      <ItemPrice>56</ItemPrice>
      <UnitOfMeasurePrice>5.60</UnitOfMeasurePrice>
      <AllowDiscount>0</AllowDiscount>
      <itemStatus>1</itemStatus>
      <LastUpdateDate />
      <LastUpdateTime />
    </Product>
    <Product>
      <PriceUpdateDate>2018/04/24 10:25</PriceUpdateDate>
      <ItemCode>47997</ItemCode>
      <ItemType>0</ItemType>
      <ItemName>אסאדו טרי מוכשר</ItemName>
      <ManufactureName>אדום אדום - תנובה בקר</ManufactureName>
      <ManufactureCountry />
      <ManufactureItemDescription />
      <UnitQty>ק"ג</UnitQty>
      <Quantity>1</Quantity>
      <UnitMeasure>ק"ג</UnitMeasure>
      <BisWeighted>1</BisWeighted>
      <QtyInPackage>1</QtyInPackage>
      <ItemPrice>49.90</ItemPrice>
      <UnitOfMeasurePrice>49.90</UnitOfMeasurePrice>
      <AllowDiscount>1</AllowDiscount>
      <itemStatus>1</itemStatus>
      <LastUpdateDate />
      <LastUpdateTime />
    </Product>
    <Product>
      <PriceUpdateDate>2018/08/13 08:47</PriceUpdateDate>
      <ItemCode>7290000051956</ItemCode>
      <ItemType>1</ItemType>
      <ItemName>טל העמק 9% חריץ תנובה</ItemName>
      <ManufactureName>תנובה - חלב</ManufactureName>
      <ManufactureCountry />
      <ManufactureItemDescription />
      <UnitQty>ק"ג</UnitQty>
      <Quantity>10</Quantity>
      <UnitMeasure>100 גרם</UnitMeasure>
      <BisWeighted>1</BisWeighted>
      <QtyInPackage>1</QtyInPackage>
      <ItemPrice>82</ItemPrice>
      <UnitOfMeasurePrice>8.20</UnitOfMeasurePrice>
      <AllowDiscount>0</AllowDiscount>
      <itemStatus>1</itemStatus>
      <LastUpdateDate />
      <LastUpdateTime />
    </Product>
    <Product>
      <PriceUpdateDate>2018/08/08 12:35</PriceUpdateDate>
      <ItemCode>7290000053219</ItemCode>
      <ItemType>1</ItemType>
      <ItemName>טל העמק 32% צהובה</ItemName>
      <ManufactureName>תנובה - חלב</ManufactureName>
      <ManufactureCountry />
      <ManufactureItemDescription />
      <UnitQty>ק"ג</UnitQty>
      <Quantity>10</Quantity>
      <UnitMeasure>100 גרם</UnitMeasure>
      <BisWeighted>1</BisWeighted>
      <QtyInPackage>1</QtyInPackage>
      <ItemPrice>55</ItemPrice>
      <UnitOfMeasurePrice>5.50</UnitOfMeasurePrice>
      <AllowDiscount>0</AllowDiscount>
      <itemStatus>1</itemStatus>
      <LastUpdateDate />
      <LastUpdateTime />
    </Product>
    <Product>
      <PriceUpdateDate>2019/06/10 10:53</PriceUpdateDate>
      <ItemCode>55183</ItemCode>
      <ItemType>0</ItemType>
      <ItemName>צפתית מלבנית 5% פיראוס מעודנת</ItemName>
      <ManufactureName>תנובה - חלב</ManufactureName>
      <ManufactureCountry />
      <ManufactureItemDescription />
      <UnitQty>ק"ג</UnitQty>
      <Quantity>10</Quantity>
      <UnitMeasure>100 גרם</UnitMeasure>
      <BisWeighted>1</BisWeighted>
      <QtyInPackage>1</QtyInPackage>
      <ItemPrice>42</ItemPrice>
      <UnitOfMeasurePrice>4.20</UnitOfMeasurePrice>
      <AllowDiscount>0</AllowDiscount>
      <itemStatus>1</itemStatus>
      <LastUpdateDate />
      <LastUpdateTime />
    </Product>
    <Product>
      <PriceUpdateDate>2019/06/19 09:52</PriceUpdateDate>
      <ItemCode>7290000055350</ItemCode>
      <ItemType>1</ItemType>
      <ItemName>עמק פיקוח 28% צהובה מעדנייה</ItemName>
      <ManufactureName>תנובה - חלב</ManufactureName>
      <ManufactureCountry />
      <ManufactureItemDescription />
      <UnitQty>ק"ג</UnitQty>
      <Quantity>10</Quantity>
      <UnitMeasure>100 גרם</UnitMeasure>
      <BisWeighted>1</BisWeighted>
      <QtyInPackage>1</QtyInPackage>
      <ItemPrice>42.70</ItemPrice>
      <UnitOfMeasurePrice>4.27</UnitOfMeasurePrice>
      <AllowDiscount>1</AllowDiscount>
      <itemStatus>1</itemStatus>
      <LastUpdateDate />
      <LastUpdateTime />
    </Product>
    <Product>
      <PriceUpdateDate>2020/03/01 13:52</PriceUpdateDate>
      <ItemCode>58009</ItemCode>
      <ItemType>0</ItemType>
      <ItemName> דנאבלו(רוקפור)</ItemName>
      <ManufactureName>ג.וילי-פוד אינטרנשיונל בעמ</ManufactureName>
      <ManufactureCountry />
      <ManufactureItemDescription />
      <UnitQty>ק"ג</UnitQty>
      <Quantity>10</Quantity>
      <UnitMeasure>100 גרם</UnitMeasure>
      <BisWeighted>1</BisWeighted>
      <QtyInPackage>1</QtyInPackage>
      <ItemPrice>85</ItemPrice>
      <UnitOfMeasurePrice>8.50</UnitOfMeasurePrice>
      <AllowDiscount>0</AllowDiscount>
      <itemStatus>1</itemStatus>
      <LastUpdateDate />
      <LastUpdateTime />
    </Product>
    <Product>
      <PriceUpdateDate>2020/05/03 09:30</PriceUpdateDate>
      <ItemCode>58078</ItemCode>
      <ItemType>0</ItemType>
      <ItemName>בלוז מעדנייה שטראוס</ItemName>
      <ManufactureName>שטראוס גרופ בעמ/מצונן</ManufactureName>
      <ManufactureCountry />
      <ManufactureItemDescription />
      <UnitQty>ק"ג</UnitQty>
      <Quantity>10</Quantity>
      <UnitMeasure>100 גרם</UnitMeasure>
      <BisWeighted>1</BisWeighted>
      <QtyInPackage>1</QtyInPackage>
      <ItemPrice>50</ItemPrice>
      <UnitOfMeasurePrice>5</UnitOfMeasurePrice>
      <AllowDiscount>0</AllowDiscount>
      <itemStatus>1</itemStatus>
      <LastUpdateDate />
      <LastUpdateTime />
    </Product>
    <Product>
      <PriceUpdateDate>2020/05/03 09:30</PriceUpdateDate>
      <ItemCode>58238</ItemCode>
      <ItemType>0</ItemType>
      <ItemName>פטינה מעדנייה שטראוס</ItemName>
      <ManufactureName>שטראוס גרופ בעמ/מצונן</ManufactureName>
      <ManufactureCountry />
      <ManufactureItemDescription />
      <UnitQty>ק"ג</UnitQty>
      <Quantity>10</Quantity>
      <UnitMeasure>100 גרם</UnitMeasure>
      <BisWeighted>1</BisWeighted>
      <QtyInPackage>1</QtyInPackage>
      <ItemPrice>22</ItemPrice>
      <UnitOfMeasurePrice>2.20</UnitOfMeasurePrice>
      <AllowDiscount>0</AllowDiscount>
      <itemStatus>1</itemStatus>
      <LastUpdateDate />
      <LastUpdateTime />
    </Product>
    <Product>
      <PriceUpdateDate>2019/09/02 10:13</PriceUpdateDate>
      <ItemCode>282305</ItemCode>
      <ItemType>0</ItemType>
      <ItemName>דג לברק טרי נקי</ItemName>
      <ManufactureName>מאסטרפוד בעמ</ManufactureName>
      <ManufactureCountry />
      <ManufactureItemDescription />
      <UnitQty>ק"ג</UnitQty>
      <Quantity>1</Quantity>
      <UnitMeasure />
      <BisWeighted>1</BisWeighted>
      <QtyInPackage>1</QtyInPackage>
      <ItemPrice>59.90</ItemPrice>
      <UnitOfMeasurePrice>59.90</UnitOfMeasurePrice>
      <AllowDiscount>1</AllowDiscount>
      <itemStatus>1</itemStatus>
      <LastUpdateDate />
      <LastUpdateTime />
    </Product>
    <Product>
      <PriceUpdateDate>2018/04/24 12:03</PriceUpdateDate>
      <ItemCode>7290000318677</ItemCode>
      <ItemType>1</ItemType>
      <ItemName>סלמי סרוולט יחיעם (150 גרם)</ItemName>
      <ManufactureName>מעדני יחיעם (1993) בעמ</ManufactureName>
      <ManufactureCountry />
      <ManufactureItemDescription />
      <UnitQty>יח`</UnitQty>
      <Quantity>1.50</Quantity>
      <UnitMeasure>100 גרם</UnitMeasure>
      <BisWeighted>0</BisWeighted>
      <QtyInPackage>1</QtyInPackage>
      <ItemPrice>24.90</ItemPrice>
      <UnitOfMeasurePrice>16.60</UnitOfMeasurePrice>
      <AllowDiscount>0</AllowDiscount>
      <itemStatus>1</itemStatus>
      <LastUpdateDate />
      <LastUpdateTime />
    </Product>
    <Product>
      <PriceUpdateDate>2018/04/24 12:03</PriceUpdateDate>
      <ItemCode>7290000318943</ItemCode>
      <ItemType>1</ItemType>
      <ItemName>פסטרמה של פעם 200</ItemName>
      <ManufactureName>מעדני יחיעם (1993) בעמ</ManufactureName>
      <ManufactureCountry />
      <ManufactureItemDescription />
      <UnitQty>יח`</UnitQty>
      <Quantity>2</Quantity>
      <UnitMeasure>100 גרם</UnitMeasure>
      <BisWeighted>0</BisWeighted>
      <QtyInPackage>1</QtyInPackage>
      <ItemPrice>24.90</ItemPrice>
      <UnitOfMeasurePrice>12.45</UnitOfMeasurePrice>
      <AllowDiscount>0</AllowDiscount>
      <itemStatus>1</itemStatus>
      <LastUpdateDate />
      <LastUpdateTime />
    </Product>
    <Product>
      <PriceUpdateDate>2018/04/24 12:03</PriceUpdateDate>
      <ItemCode>7290000319131</ItemCode>
      <ItemType>1</ItemType>
      <ItemName>נקניקיות עוף 400  גר`יחיעם</ItemName>
      <ManufactureName>מעדני יחיעם (1993) בעמ</ManufactureName>
      <ManufactureCountry />
      <ManufactureItemDescription />
      <UnitQty>יח`</UnitQty>
      <Quantity>4</Quantity>
      <UnitMeasure>100 גרם</UnitMeasure>
      <BisWeighted>0</BisWeighted>
      <QtyInPackage>1</QtyInPackage>
      <ItemPrice>10.90</ItemPrice>
      <UnitOfMeasurePrice>2.73</UnitOfMeasurePrice>
      <AllowDiscount>0</AllowDiscount>
      <itemStatus>1</itemStatus>
      <LastUpdateDate />
      <LastUpdateTime />
    </Product>
    <Product>
      <PriceUpdateDate>2018/04/24 12:03</PriceUpdateDate>
      <ItemCode>7290000319520</ItemCode>
      <ItemType>1</ItemType>
      <ItemName>סלמי צרפתי יחיעם (100 גרם)</ItemName>
      <ManufactureName>מעדני יחיעם (1993) בעמ</ManufactureName>
      <ManufactureCountry />
      <ManufactureItemDescription />
      <UnitQty>יח`</UnitQty>
      <Quantity>1</Quantity>
      <UnitMeasure>100 גרם</UnitMeasure>
      <BisWeighted>0</BisWeighted>
      <QtyInPackage>1</QtyInPackage>
      <ItemPrice>19.90</ItemPrice>
      <UnitOfMeasurePrice>19.90</UnitOfMeasurePrice>
      <AllowDiscount>0</AllowDiscount>
      <itemStatus>1</itemStatus>
      <LastUpdateDate />
      <LastUpdateTime />
    </Product>
    <Product>
      <PriceUpdateDate>2018/04/24 09:35</PriceUpdateDate>
      <ItemCode>364773</ItemCode>
      <ItemType>0</ItemType>
      <ItemName>נקניקיות עוף טירת צבי לפי משקל (500 גרם)</ItemName>
      <ManufactureName>תנובה קפואים</ManufactureName>
      <ManufactureCountry />
      <ManufactureItemDescription />
      <UnitQty>ק"ג</UnitQty>
      <Quantity>1</Quantity>
      <UnitMeasure />
      <BisWeighted>1</BisWeighted>
      <QtyInPackage>1</QtyInPackage>
      <ItemPrice>23.90</ItemPrice>
      <UnitOfMeasurePrice>23.90</UnitOfMeasurePrice>
      <AllowDiscount>0</AllowDiscount>
      <itemStatus>1</itemStatus>
      <LastUpdateDate />
      <LastUpdateTime />
    </Product>
    <Product>
      <PriceUpdateDate>2018/04/24 13:10</PriceUpdateDate>
      <ItemCode>366203</ItemCode>
      <ItemType>0</ItemType>
      <ItemName>דג בורי טרי נקי</ItemName>
      <ManufactureName>מאסטרפוד בעמ</ManufactureName>
      <ManufactureCountry />
      <ManufactureItemDescription />
      <UnitQty>ק"ג</UnitQty>
      <Quantity>1</Quantity>
      <UnitMeasure />
      <BisWeighted>1</BisWeighted>
      <QtyInPackage>1</QtyInPackage>
      <ItemPrice>39</ItemPrice>
      <UnitOfMeasurePrice>39</UnitOfMeasurePrice>
      <AllowDiscount>1</AllowDiscount>
      <itemStatus>1</itemStatus>
      <LastUpdateDate />
      <LastUpdateTime />
    </Product>
    <Product>
      <PriceUpdateDate>2018/04/24 12:45</PriceUpdateDate>
      <ItemCode>369037</ItemCode>
      <ItemType>0</ItemType>
      <ItemName>הקוביה הבולגרית 175 גר`</ItemName>
      <ManufactureName>הגבינות של ניצן</ManufactureName>
      <ManufactureCountry />
      <ManufactureItemDescription />
      <UnitQty>יח`</UnitQty>
      <Quantity>1.75</Quantity>
      <UnitMeasure>100 גרם</UnitMeasure>
      <BisWeighted>0</BisWeighted>
      <QtyInPackage>1</QtyInPackage>
      <ItemPrice>14.90</ItemPrice>
      <UnitOfMeasurePrice>8.51</UnitOfMeasurePrice>
      <AllowDiscount>0</AllowDiscount>
      <itemStatus>1</itemStatus>
      <LastUpdateDate />
      <LastUpdateTime />
    </Product>
    <Product>
      <PriceUpdateDate>2019/07/23 16:38</PriceUpdateDate>
      <ItemCode>369242</ItemCode>
      <ItemType>0</ItemType>
      <ItemName>כתף עגל טרי עם עצם מוכשר</ItemName>
      <ManufactureName>אדום אדום - תנובה בקר</ManufactureName>
      <ManufactureCountry />
      <ManufactureItemDescription />
      <UnitQty>ק"ג</UnitQty>
      <Quantity>1</Quantity>
      <UnitMeasure>ק"ג</UnitMeasure>
      <BisWeighted>1</BisWeighted>
      <QtyInPackage>1</QtyInPackage>
      <ItemPrice>54.90</ItemPrice>
      <UnitOfMeasurePrice>54.90</UnitOfMeasurePrice>
      <AllowDiscount>1</AllowDiscount>
      <itemStatus>1</itemStatus>
      <LastUpdateDate />
      <LastUpdateTime />
    </Product>
    <Product>
      <PriceUpdateDate>2018/04/24 12:09</PriceUpdateDate>
      <ItemCode>7290000369341</ItemCode>
      <ItemType>1</ItemType>
      <ItemName>לבנה אבו גוש במשקל</ItemName>
      <ManufactureName>הגבינות של ניצן</ManufactureName>
      <ManufactureCountry />
      <ManufactureItemDescription />
      <UnitQty>ק"ג</UnitQty>
      <Quantity>10</Quantity>
      <UnitMeasure>100 גרם</UnitMeasure>
      <BisWeighted>1</BisWeighted>
      <QtyInPackage>1</QtyInPackage>
      <ItemPrice>50</ItemPrice>
      <UnitOfMeasurePrice>5</UnitOfMeasurePrice>
      <AllowDiscount>0</AllowDiscount>
      <itemStatus>1</itemStatus>
      <LastUpdateDate />
      <LastUpdateTime />
    </Product>
    <Product>
      <PriceUpdateDate>2018/06/14 12:31</PriceUpdateDate>
      <ItemCode>369549</ItemCode>
      <ItemType>0</ItemType>
      <ItemName>פילה מדומה טרי מוכשר</ItemName>
      <ManufactureName>אדום אדום - תנובה בקר</ManufactureName>
      <ManufactureCountry />
      <ManufactureItemDescription />
      <UnitQty>ק"ג</UnitQty>
      <Quantity>1</Quantity>
      <UnitMeasure>ק"ג</UnitMeasure>
      <BisWeighted>1</BisWeighted>
      <QtyInPackage>1</QtyInPackage>
      <ItemPrice>79.90</ItemPrice>
      <UnitOfMeasurePrice>79.90</UnitOfMeasurePrice>
      <AllowDiscount>1</AllowDiscount>
      <itemStatus>1</itemStatus>
      <LastUpdateDate />
      <LastUpdateTime />
    </Product>
    <Product>
      <PriceUpdateDate>2019/08/29 08:59</PriceUpdateDate>
      <ItemCode>372204</ItemCode>
      <ItemType>0</ItemType>
      <ItemName>דג ברמונדי נקי שלם</ItemName>
      <ManufactureName>מאסטרפוד בעמ</ManufactureName>
      <ManufactureCountry />
      <ManufactureItemDescription />
      <UnitQty>ק"ג</UnitQty>
      <Quantity>1</Quantity>
      <UnitMeasure />
      <BisWeighted>1</BisWeighted>
      <QtyInPackage>1</QtyInPackage>
      <ItemPrice>49.90</ItemPrice>
      <UnitOfMeasurePrice>49.90</UnitOfMeasurePrice>
      <AllowDiscount>1</AllowDiscount>
      <itemStatus>1</itemStatus>
      <LastUpdateDate />
      <LastUpdateTime />
    </Product>
    <Product>
      <PriceUpdateDate>2019/06/19 09:52</PriceUpdateDate>
      <ItemCode>395408</ItemCode>
      <ItemType>0</ItemType>
      <ItemName>גבנצ 28% נעם חריץ פיקוח מעדנייה</ItemName>
      <ManufactureName>החב` המרכזית - טרה</ManufactureName>
      <ManufactureCountry />
      <ManufactureItemDescription />
      <UnitQty>ק"ג</UnitQty>
      <Quantity>10</Quantity>
      <UnitMeasure>100 גרם</UnitMeasure>
      <BisWeighted>1</BisWeighted>
      <QtyInPackage>1</QtyInPackage>
      <ItemPrice>42.70</ItemPrice>
      <UnitOfMeasurePrice>4.27</UnitOfMeasurePrice>
      <AllowDiscount>0</AllowDiscount>
      <itemStatus>1</itemStatus>
      <LastUpdateDate />
      <LastUpdateTime />
    </Product>
    <Product>
      <PriceUpdateDate>2018/04/24 12:15</PriceUpdateDate>
      <ItemCode>395422</ItemCode>
      <ItemType>0</ItemType>
      <ItemName>גבנצ 22% נעם חריץ פיקוח מעדנייה</ItemName>
      <ManufactureName>החב` המרכזית - טרה</ManufactureName>
      <ManufactureCountry />
      <ManufactureItemDescription />
      <UnitQty>ק"ג</UnitQty>
      <Quantity>10</Quantity>
      <UnitMeasure>100 גרם</UnitMeasure>
      <BisWeighted>1</BisWeighted>
      <QtyInPackage>1</QtyInPackage>
      <ItemPrice>39</ItemPrice>
      <UnitOfMeasurePrice>3.90</UnitOfMeasurePrice>
      <AllowDiscount>0</AllowDiscount>
      <itemStatus>1</itemStatus>
      <LastUpdateDate />
      <LastUpdateTime />
    </Product>
    <Product>
      <PriceUpdateDate>2018/04/24 09:27</PriceUpdateDate>
      <ItemCode>416106</ItemCode>
      <ItemType>0</ItemType>
      <ItemName>חלבה א.ח נוכרי חלבי בלוק נוגט</ItemName>
      <ManufactureName>השחר העולה תעשית ממתקים בעמ</ManufactureName>
      <ManufactureCountry />
      <ManufactureItemDescription />
      <UnitQty>ק"ג</UnitQty>
      <Quantity>1.50</Quantity>
      <UnitMeasure>ק"ג</UnitMeasure>
      <BisWeighted>1</BisWeighted>
      <QtyInPackage>1</QtyInPackage>
      <ItemPrice>42.90</ItemPrice>
      <UnitOfMeasurePrice>28.60</UnitOfMeasurePrice>
      <AllowDiscount>0</AllowDiscount>
      <itemStatus>1</itemStatus>
      <LastUpdateDate />
      <LastUpdateTime />
    </Product>
    <Product>
      <PriceUpdateDate>2019/12/29 10:04</PriceUpdateDate>
      <ItemCode>482933</ItemCode>
      <ItemType>0</ItemType>
      <ItemName>גבינת גאודה מהולנד וילי פוד מעדניה</ItemName>
      <ManufactureName>ג.וילי-פוד אינטרנשיונל בעמ</ManufactureName>
      <ManufactureCountry />
      <ManufactureItemDescription />
      <UnitQty>ק"ג</UnitQty>
      <Quantity>10</Quantity>
      <UnitMeasure>100 גרם</UnitMeasure>
      <BisWeighted>1</BisWeighted>
      <QtyInPackage>1</QtyInPackage>
      <ItemPrice>59</ItemPrice>
      <UnitOfMeasurePrice>5.90</UnitOfMeasurePrice>
      <AllowDiscount>0</AllowDiscount>
      <itemStatus>1</itemStatus>
      <LastUpdateDate />
      <LastUpdateTime />
    </Product>
    <Product>
      <PriceUpdateDate>2018/04/24 10:33</PriceUpdateDate>
      <ItemCode>7290100335086</ItemCode>
      <ItemType>1</ItemType>
      <ItemName>צלי כתף טרי מוכשר</ItemName>
      <ManufactureName>אדום אדום - תנובה בקר</ManufactureName>
      <ManufactureCountry />
      <ManufactureItemDescription />
      <UnitQty>ק"ג</UnitQty>
      <Quantity>10</Quantity>
      <UnitMeasure>100 גרם</UnitMeasure>
      <BisWeighted>1</BisWeighted>
      <QtyInPackage>1</QtyInPackage>
      <ItemPrice>89.90</ItemPrice>
      <UnitOfMeasurePrice>8.99</UnitOfMeasurePrice>
      <AllowDiscount>1</AllowDiscount>
      <itemStatus>1</itemStatus>
      <LastUpdateDate />
      <LastUpdateTime />
    </Product>
    <Product>
      <PriceUpdateDate>2018/04/24 09:35</PriceUpdateDate>
      <ItemCode>497303</ItemCode>
      <ItemType>0</ItemType>
      <ItemName>לחמניות מקמח מלא ברמן) (6</ItemName>
      <ManufactureName>י.את א. ברמן בעמ</ManufactureName>
      <ManufactureCountry />
      <ManufactureItemDescription />
      <UnitQty>יח`</UnitQty>
      <Quantity>5.40</Quantity>
      <UnitMeasure>100 גרם</UnitMeasure>
      <BisWeighted>0</BisWeighted>
      <QtyInPackage>1</QtyInPackage>
      <ItemPrice>10.90</ItemPrice>
      <UnitOfMeasurePrice>2.02</UnitOfMeasurePrice>
      <AllowDiscount>0</AllowDiscount>
      <itemStatus>1</itemStatus>
      <LastUpdateDate />
      <LastUpdateTime />
    </Product>
    <Product>
      <PriceUpdateDate>2019/06/10 10:53</PriceUpdateDate>
      <ItemCode>7290014455184</ItemCode>
      <ItemType>1</ItemType>
      <ItemName>קאשקבל משולש מעדנייה גד</ItemName>
      <ManufactureName>מחלבות גד שיווק 1992 בעמ</ManufactureName>
      <ManufactureCountry />
      <ManufactureItemDescription />
      <UnitQty>ק"ג</UnitQty>
      <Quantity>10</Quantity>
      <UnitMeasure>100 גרם</UnitMeasure>
      <BisWeighted>1</BisWeighted>
      <QtyInPackage>1</QtyInPackage>
      <ItemPrice>120</ItemPrice>
      <UnitOfMeasurePrice>12</UnitOfMeasurePrice>
      <AllowDiscount>0</AllowDiscount>
      <itemStatus>1</itemStatus>
      <LastUpdateDate />
      <LastUpdateTime />
    </Product>
    <Product>
      <PriceUpdateDate>2019/02/04 08:56</PriceUpdateDate>
      <ItemCode>554655</ItemCode>
      <ItemType>0</ItemType>
      <ItemName>מוצרלה נקניק מעושן 22% מעדנייה גד</ItemName>
      <ManufactureName>מחלבות גד שיווק 1992 בעמ</ManufactureName>
      <ManufactureCountry />
      <ManufactureItemDescription />
      <UnitQty>ק"ג</UnitQty>
      <Quantity>10</Quantity>
      <UnitMeasure>100 גרם</UnitMeasure>
      <BisWeighted>1</BisWeighted>
      <QtyInPackage>1</QtyInPackage>
      <ItemPrice>84</ItemPrice>
      <UnitOfMeasurePrice>8.40</UnitOfMeasurePrice>
      <AllowDiscount>0</AllowDiscount>
      <itemStatus>1</itemStatus>
      <LastUpdateDate />
      <LastUpdateTime />
    </Product>
    <Product>
      <PriceUpdateDate>2019/06/10 10:53</PriceUpdateDate>
      <ItemCode>554792</ItemCode>
      <ItemType>0</ItemType>
      <ItemName>בולגרית 5% 16%  מעודנת- גד מעדניה</ItemName>
      <ManufactureName>מחלבות גד שיווק 1992 בעמ</ManufactureName>
      <ManufactureCountry />
      <ManufactureItemDescription />
      <UnitQty>ק"ג</UnitQty>
      <Quantity>10</Quantity>
      <UnitMeasure>100 גרם</UnitMeasure>
      <BisWeighted>1</BisWeighted>
      <QtyInPackage>1</QtyInPackage>
      <ItemPrice>56</ItemPrice>
      <UnitOfMeasurePrice>5.60</UnitOfMeasurePrice>
      <AllowDiscount>0</AllowDiscount>
      <itemStatus>1</itemStatus>
      <LastUpdateDate />
      <LastUpdateTime />
    </Product>
    <Product>
      <PriceUpdateDate>2020/03/01 13:52</PriceUpdateDate>
      <ItemCode>7290000554815</ItemCode>
      <ItemType>1</ItemType>
      <ItemName>גבינת מוצרלה נקניק מעדנייה גד</ItemName>
      <ManufactureName>מחלבות גד שיווק 1992 בעמ</ManufactureName>
      <ManufactureCountry />
      <ManufactureItemDescription />
      <UnitQty>ק"ג</UnitQty>
      <Quantity>10</Quantity>
      <UnitMeasure>100 גרם</UnitMeasure>
      <BisWeighted>1</BisWeighted>
      <QtyInPackage>1</QtyInPackage>
      <ItemPrice>80</ItemPrice>
      <UnitOfMeasurePrice>8</UnitOfMeasurePrice>
      <AllowDiscount>0</AllowDiscount>
      <itemStatus>1</itemStatus>
      <LastUpdateDate />
      <LastUpdateTime />
    </Product>
    <Product>
      <PriceUpdateDate>2020/05/03 09:24</PriceUpdateDate>
      <ItemCode>554914</ItemCode>
      <ItemType>0</ItemType>
      <ItemName>גבינה צפתית רכה 5% מעדנייה גד</ItemName>
      <ManufactureName>מחלבות גד שיווק 1992 בעמ</ManufactureName>
      <ManufactureCountry />
      <ManufactureItemDescription />
      <UnitQty>ק"ג</UnitQty>
      <Quantity>10</Quantity>
      <UnitMeasure>100 גרם</UnitMeasure>
      <BisWeighted>1</BisWeighted>
      <QtyInPackage>1</QtyInPackage>
      <ItemPrice>60</ItemPrice>
      <UnitOfMeasurePrice>6</UnitOfMeasurePrice>
      <AllowDiscount>0</AllowDiscount>
      <itemStatus>1</itemStatus>
      <LastUpdateDate />
      <LastUpdateTime />
    </Product>
    <Product>
      <PriceUpdateDate>2019/10/29 08:40</PriceUpdateDate>
      <ItemCode>554969</ItemCode>
      <ItemType>0</ItemType>
      <ItemName>שמנות 30% בטעמים מעדנייה גד</ItemName>
      <ManufactureName>מחלבות גד שיווק 1992 בעמ</ManufactureName>
      <ManufactureCountry />
      <ManufactureItemDescription />
      <UnitQty>ק"ג</UnitQty>
      <Quantity>10</Quantity>
      <UnitMeasure>100 גרם</UnitMeasure>
      <BisWeighted>1</BisWeighted>
      <QtyInPackage>1</QtyInPackage>
      <ItemPrice>45</ItemPrice>
      <UnitOfMeasurePrice>4.50</UnitOfMeasurePrice>
      <AllowDiscount>0</AllowDiscount>
      <itemStatus>1</itemStatus>
      <LastUpdateDate />
      <LastUpdateTime />
    </Product>
    <Product>
      <PriceUpdateDate>2019/12/29 10:04</PriceUpdateDate>
      <ItemCode>554990</ItemCode>
      <ItemType>0</ItemType>
      <ItemName>מוצרלה במים גד מעדניה</ItemName>
      <ManufactureName>מחלבות גד שיווק 1992 בעמ</ManufactureName>
      <ManufactureCountry />
      <ManufactureItemDescription />
      <UnitQty>ק"ג</UnitQty>
      <Quantity>10</Quantity>
      <UnitMeasure>100 גרם</UnitMeasure>
      <BisWeighted>1</BisWeighted>
      <QtyInPackage>1</QtyInPackage>
      <ItemPrice>92</ItemPrice>
      <UnitOfMeasurePrice>9.20</UnitOfMeasurePrice>
      <AllowDiscount>0</AllowDiscount>
      <itemStatus>1</itemStatus>
      <LastUpdateDate />
      <LastUpdateTime />
    </Product>
    <Product>
      <PriceUpdateDate>2019/11/13 12:28</PriceUpdateDate>
      <ItemCode>560915</ItemCode>
      <ItemType>0</ItemType>
      <ItemName>דג דניס טרי נקי</ItemName>
      <ManufactureName>מאסטרפוד בעמ</ManufactureName>
      <ManufactureCountry />
      <ManufactureItemDescription />
      <UnitQty>ק"ג</UnitQty>
      <Quantity>1</Quantity>
      <UnitMeasure />
      <BisWeighted>1</BisWeighted>
      <QtyInPackage>1</QtyInPackage>
      <ItemPrice>59.90</ItemPrice>
      <UnitOfMeasurePrice>59.90</UnitOfMeasurePrice>
      <AllowDiscount>1</AllowDiscount>
      <itemStatus>1</itemStatus>
      <LastUpdateDate />
      <LastUpdateTime />
    </Product>
    <Product>
      <PriceUpdateDate>2019/06/10 10:53</PriceUpdateDate>
      <ItemCode>7290000571119</ItemCode>
      <ItemType>1</ItemType>
      <ItemName>גאודה 30% חריץ מעדניה</ItemName>
      <ManufactureName>תנובה - חלב</ManufactureName>
      <ManufactureCountry />
      <ManufactureItemDescription />
      <UnitQty>ק"ג</UnitQty>
      <Quantity>10</Quantity>
      <UnitMeasure>100 גרם</UnitMeasure>
      <BisWeighted>1</BisWeighted>
      <QtyInPackage>1</QtyInPackage>
      <ItemPrice>108</ItemPrice>
      <UnitOfMeasurePrice>10.80</UnitOfMeasurePrice>
      <AllowDiscount>0</AllowDiscount>
      <itemStatus>1</itemStatus>
      <LastUpdateDate />
      <LastUpdateTime />
    </Product>
    <Product>
      <PriceUpdateDate>2019/01/07 10:57</PriceUpdateDate>
      <ItemCode>571126</ItemCode>
      <ItemType>0</ItemType>
      <ItemName>גאודה כמון 30%</ItemName>
      <ManufactureName>תנובה - חלב</ManufactureName>
      <ManufactureCountry />
      <ManufactureItemDescription />
      <UnitQty>ק"ג</UnitQty>
      <Quantity>10</Quantity>
      <UnitMeasure>100 גרם</UnitMeasure>
      <BisWeighted>1</BisWeighted>
      <QtyInPackage>1</QtyInPackage>
      <ItemPrice>108</ItemPrice>
      <UnitOfMeasurePrice>10.80</UnitOfMeasurePrice>
      <AllowDiscount>0</AllowDiscount>
      <itemStatus>1</itemStatus>
      <LastUpdateDate />
      <LastUpdateTime />
    </Product>
    <Product>
      <PriceUpdateDate>2019/01/04 07:45</PriceUpdateDate>
      <ItemCode>7290000571188</ItemCode>
      <ItemType>1</ItemType>
      <ItemName>גאודה עז 28%</ItemName>
      <ManufactureName>תנובה - חלב</ManufactureName>
      <ManufactureCountry />
      <ManufactureItemDescription />
      <UnitQty>ק"ג</UnitQty>
      <Quantity>10</Quantity>
      <UnitMeasure>100 גרם</UnitMeasure>
      <BisWeighted>1</BisWeighted>
      <QtyInPackage>1</QtyInPackage>
      <ItemPrice>144</ItemPrice>
      <UnitOfMeasurePrice>14.40</UnitOfMeasurePrice>
      <AllowDiscount>0</AllowDiscount>
      <itemStatus>1</itemStatus>
      <LastUpdateDate />
      <LastUpdateTime />
    </Product>
    <Product>
      <PriceUpdateDate>2019/06/10 10:53</PriceUpdateDate>
      <ItemCode>571294</ItemCode>
      <ItemType>0</ItemType>
      <ItemName>גאודה מעושנת 30% במשקל</ItemName>
      <ManufactureName>תנובה - חלב</ManufactureName>
      <ManufactureCountry />
      <ManufactureItemDescription />
      <UnitQty>ק"ג</UnitQty>
      <Quantity>10</Quantity>
      <UnitMeasure>100 גרם</UnitMeasure>
      <BisWeighted>1</BisWeighted>
      <QtyInPackage>1</QtyInPackage>
      <ItemPrice>108</ItemPrice>
      <UnitOfMeasurePrice>10.80</UnitOfMeasurePrice>
      <AllowDiscount>0</AllowDiscount>
      <itemStatus>1</itemStatus>
      <LastUpdateDate />
      <LastUpdateTime />
    </Product>
    <Product>
      <PriceUpdateDate>2019/12/23 13:21</PriceUpdateDate>
      <ItemCode>571515</ItemCode>
      <ItemType>0</ItemType>
      <ItemName>פילה סלמון נורבגי שלם -טרי</ItemName>
      <ManufactureName>מאסטרפוד בעמ</ManufactureName>
      <ManufactureCountry />
      <ManufactureItemDescription />
      <UnitQty>ק"ג</UnitQty>
      <Quantity>10</Quantity>
      <UnitMeasure>100 גרם</UnitMeasure>
      <BisWeighted>1</BisWeighted>
      <QtyInPackage>1</QtyInPackage>
      <ItemPrice>99</ItemPrice>
      <UnitOfMeasurePrice>9.90</UnitOfMeasurePrice>
      <AllowDiscount>1</AllowDiscount>
      <itemStatus>1</itemStatus>
      <LastUpdateDate />
      <LastUpdateTime />
    </Product>
    <Product>
      <PriceUpdateDate>2019/06/10 10:53</PriceUpdateDate>
      <ItemCode>571584</ItemCode>
      <ItemType>0</ItemType>
      <ItemName>גאודה כבשים 30%</ItemName>
      <ManufactureName>תנובה - חלב</ManufactureName>
      <ManufactureCountry />
      <ManufactureItemDescription />
      <UnitQty>ק"ג</UnitQty>
      <Quantity>10</Quantity>
      <UnitMeasure>100 גרם</UnitMeasure>
      <BisWeighted>1</BisWeighted>
      <QtyInPackage>1</QtyInPackage>
      <ItemPrice>102</ItemPrice>
      <UnitOfMeasurePrice>10.20</UnitOfMeasurePrice>
      <AllowDiscount>0</AllowDiscount>
      <itemStatus>1</itemStatus>
      <LastUpdateDate />
      <LastUpdateTime />
    </Product>
    <Product>
      <PriceUpdateDate>2018/10/04 11:55</PriceUpdateDate>
      <ItemCode>7290000644783</ItemCode>
      <ItemType>1</ItemType>
      <ItemName>פילה סלמון תנובה מנות</ItemName>
      <ManufactureName>תנובה קפואים</ManufactureName>
      <ManufactureCountry />
      <ManufactureItemDescription />
      <UnitQty>ק"ג</UnitQty>
      <Quantity>10</Quantity>
      <UnitMeasure>100 גרם</UnitMeasure>
      <BisWeighted>1</BisWeighted>
      <QtyInPackage>1</QtyInPackage>
      <ItemPrice>79.90</ItemPrice>
      <UnitOfMeasurePrice>7.99</UnitOfMeasurePrice>
      <AllowDiscount>0</AllowDiscount>
      <itemStatus>1</itemStatus>
      <LastUpdateDate />
      <LastUpdateTime />
    </Product>
    <Product>
      <PriceUpdateDate>2020/03/17 10:11</PriceUpdateDate>
      <ItemCode>7290000652542</ItemCode>
      <ItemType>1</ItemType>
      <ItemName>פילה אמנון 5-7 100% דג - תנובה</ItemName>
      <ManufactureName>תנובה קפואים</ManufactureName>
      <ManufactureCountry />
      <ManufactureItemDescription />
      <UnitQty>ק"ג</UnitQty>
      <Quantity>10</Quantity>
      <UnitMeasure>100 גרם</UnitMeasure>
      <BisWeighted>1</BisWeighted>
      <QtyInPackage>1</QtyInPackage>
      <ItemPrice>29.90</ItemPrice>
      <UnitOfMeasurePrice>2.99</UnitOfMeasurePrice>
      <AllowDiscount>1</AllowDiscount>
      <itemStatus>1</itemStatus>
      <LastUpdateDate />
      <LastUpdateTime />
    </Product>
    <Product>
      <PriceUpdateDate>2020/01/15 14:29</PriceUpdateDate>
      <ItemCode>7290000652603</ItemCode>
      <ItemType>1</ItemType>
      <ItemName>נילוס פרוס</ItemName>
      <ManufactureName>תנובה קפואים</ManufactureName>
      <ManufactureCountry />
      <ManufactureItemDescription />
      <UnitQty>ק"ג</UnitQty>
      <Quantity>0</Quantity>
      <UnitMeasure>100 גרם</UnitMeasure>
      <BisWeighted>1</BisWeighted>
      <QtyInPackage>1</QtyInPackage>
      <ItemPrice>34.90</ItemPrice>
      <UnitOfMeasurePrice>34.90</UnitOfMeasurePrice>
      <AllowDiscount>0</AllowDiscount>
      <itemStatus>1</itemStatus>
      <LastUpdateDate />
      <LastUpdateTime />
    </Product>
    <Product>
      <PriceUpdateDate>2020/03/17 10:11</PriceUpdateDate>
      <ItemCode>7290000652832</ItemCode>
      <ItemType>1</ItemType>
      <ItemName>זוג סלמון קפוא ללא עור 100%  דג- תנובה</ItemName>
      <ManufactureName>תנובה קפואים</ManufactureName>
      <ManufactureCountry />
      <ManufactureItemDescription />
      <UnitQty>ק"ג</UnitQty>
      <Quantity>1</Quantity>
      <UnitMeasure />
      <BisWeighted>1</BisWeighted>
      <QtyInPackage>1</QtyInPackage>
      <ItemPrice>89.90</ItemPrice>
      <UnitOfMeasurePrice>89.90</UnitOfMeasurePrice>
      <AllowDiscount>0</AllowDiscount>
      <itemStatus>1</itemStatus>
      <LastUpdateDate />
      <LastUpdateTime />
    </Product>
    <Product>
      <PriceUpdateDate>2020/03/19 17:53</PriceUpdateDate>
      <ItemCode>654935</ItemCode>
      <ItemType>0</ItemType>
      <ItemName>שיפודי פרגיות קפוא</ItemName>
      <ManufactureName>קורניש חן (1987) בעמ</ManufactureName>
      <ManufactureCountry />
      <ManufactureItemDescription />
      <UnitQty>ק"ג</UnitQty>
      <Quantity>10</Quantity>
      <UnitMeasure>100 גרם</UnitMeasure>
      <BisWeighted>1</BisWeighted>
      <QtyInPackage>1</QtyInPackage>
      <ItemPrice>54.90</ItemPrice>
      <UnitOfMeasurePrice>5.49</UnitOfMeasurePrice>
      <AllowDiscount>1</AllowDiscount>
      <itemStatus>1</itemStatus>
      <LastUpdateDate />
      <LastUpdateTime />
    </Product>
    <Product>
      <PriceUpdateDate>2020/01/15 14:29</PriceUpdateDate>
      <ItemCode>659312</ItemCode>
      <ItemType>0</ItemType>
      <ItemName>פילה סלמון תנובה קפוא בוואקום</ItemName>
      <ManufactureName>תנובה קפואים</ManufactureName>
      <ManufactureCountry />
      <ManufactureItemDescription />
      <UnitQty>ק"ג</UnitQty>
      <Quantity>10</Quantity>
      <UnitMeasure>100 גרם</UnitMeasure>
      <BisWeighted>1</BisWeighted>
      <QtyInPackage>1</QtyInPackage>
      <ItemPrice>64.90</ItemPrice>
      <UnitOfMeasurePrice>6.49</UnitOfMeasurePrice>
      <AllowDiscount>0</AllowDiscount>
      <itemStatus>1</itemStatus>
      <LastUpdateDate />
      <LastUpdateTime />
    </Product>
    <Product>
      <PriceUpdateDate>2018/12/16 12:42</PriceUpdateDate>
      <ItemCode>662213</ItemCode>
      <ItemType>0</ItemType>
      <ItemName>נתח פילה סלמון קפוא</ItemName>
      <ManufactureName>תנובה קפואים</ManufactureName>
      <ManufactureCountry />
      <ManufactureItemDescription />
      <UnitQty>ק"ג</UnitQty>
      <Quantity>10</Quantity>
      <UnitMeasure>100 גרם</UnitMeasure>
      <BisWeighted>1</BisWeighted>
      <QtyInPackage>1</QtyInPackage>
      <ItemPrice>87.90</ItemPrice>
      <UnitOfMeasurePrice>8.79</UnitOfMeasurePrice>
      <AllowDiscount>0</AllowDiscount>
      <itemStatus>1</itemStatus>
      <LastUpdateDate />
      <LastUpdateTime />
    </Product>
    <Product>
      <PriceUpdateDate>2019/01/07 08:22</PriceUpdateDate>
      <ItemCode>756325</ItemCode>
      <ItemType>0</ItemType>
      <ItemName>כתף טרי מוכשר ללא עצם</ItemName>
      <ManufactureName>אדום אדום - תנובה בקר</ManufactureName>
      <ManufactureCountry />
      <ManufactureItemDescription />
      <UnitQty>ק"ג</UnitQty>
      <Quantity>1</Quantity>
      <UnitMeasure>ק"ג</UnitMeasure>
      <BisWeighted>1</BisWeighted>
      <QtyInPackage>1</QtyInPackage>
      <ItemPrice>79.90</ItemPrice>
      <UnitOfMeasurePrice>79.90</UnitOfMeasurePrice>
      <AllowDiscount>1</AllowDiscount>
      <itemStatus>1</itemStatus>
      <LastUpdateDate />
      <LastUpdateTime />
    </Product>
    <Product>
      <PriceUpdateDate>2020/05/03 09:27</PriceUpdateDate>
      <ItemCode>820859</ItemCode>
      <ItemType>0</ItemType>
      <ItemName>סטייק עין קפוא פריגומרק מוביל</ItemName>
      <ManufactureName>מאסטרפוד בעמ</ManufactureName>
      <ManufactureCountry />
      <ManufactureItemDescription />
      <UnitQty>ק"ג</UnitQty>
      <Quantity>0</Quantity>
      <UnitMeasure>100 גרם</UnitMeasure>
      <BisWeighted>1</BisWeighted>
      <QtyInPackage>1</QtyInPackage>
      <ItemPrice>49.90</ItemPrice>
      <UnitOfMeasurePrice>49.90</UnitOfMeasurePrice>
      <AllowDiscount>0</AllowDiscount>
      <itemStatus>1</itemStatus>
      <LastUpdateDate />
      <LastUpdateTime />
    </Product>
    <Product>
      <PriceUpdateDate>2020/02/10 14:07</PriceUpdateDate>
      <ItemCode>7290011530839</ItemCode>
      <ItemType>1</ItemType>
      <ItemName>אצבעות  קשתית(אנטריקוט) קפוא</ItemName>
      <ManufactureName>בלדי בעמ</ManufactureName>
      <ManufactureCountry />
      <ManufactureItemDescription />
      <UnitQty>ק"ג</UnitQty>
      <Quantity>1</Quantity>
      <UnitMeasure />
      <BisWeighted>1</BisWeighted>
      <QtyInPackage>1</QtyInPackage>
      <ItemPrice>49.90</ItemPrice>
      <UnitOfMeasurePrice>49.90</UnitOfMeasurePrice>
      <AllowDiscount>0</AllowDiscount>
      <itemStatus>1</itemStatus>
      <LastUpdateDate />
      <LastUpdateTime />
    </Product>
    <Product>
      <PriceUpdateDate>2020/05/01 10:49</PriceUpdateDate>
      <ItemCode>986708</ItemCode>
      <ItemType>0</ItemType>
      <ItemName>ענבים אדומים ארוז</ItemName>
      <ManufactureName>פירות אביב בעמ</ManufactureName>
      <ManufactureCountry />
      <ManufactureItemDescription />
      <UnitQty>יח`</UnitQty>
      <Quantity>1</Quantity>
      <UnitMeasure />
      <BisWeighted>0</BisWeighted>
      <QtyInPackage>1</QtyInPackage>
      <ItemPrice>12.90</ItemPrice>
      <UnitOfMeasurePrice>12.90</UnitOfMeasurePrice>
      <AllowDiscount>1</AllowDiscount>
      <itemStatus>1</itemStatus>
      <LastUpdateDate />
      <LastUpdateTime />
    </Product>
    <Product>
      <PriceUpdateDate>2019/02/10 15:22</PriceUpdateDate>
      <ItemCode>1007246</ItemCode>
      <ItemType>0</ItemType>
      <ItemName>מגש אקס אל 24 יח`</ItemName>
      <ManufactureName>טמפו משקאות בעמ</ManufactureName>
      <ManufactureCountry />
      <ManufactureItemDescription />
      <UnitQty>יח`</UnitQty>
      <Quantity>1</Quantity>
      <UnitMeasure />
      <BisWeighted>0</BisWeighted>
      <QtyInPackage>1</QtyInPackage>
      <ItemPrice>65</ItemPrice>
      <UnitOfMeasurePrice>65</UnitOfMeasurePrice>
      <AllowDiscount>0</AllowDiscount>
      <itemStatus>1</itemStatus>
      <LastUpdateDate />
      <LastUpdateTime />
    </Product>
    <Product>
      <PriceUpdateDate>2018/04/24 12:01</PriceUpdateDate>
      <ItemCode>7290001121238</ItemCode>
      <ItemType>1</ItemType>
      <ItemName>קורנדביף 4% שומן יחיעם (180 גרם)</ItemName>
      <ManufactureName>מעדני יחיעם (1993) בעמ</ManufactureName>
      <ManufactureCountry />
      <ManufactureItemDescription />
      <UnitQty>יח`</UnitQty>
      <Quantity>1.80</Quantity>
      <UnitMeasure>100 גרם</UnitMeasure>
      <BisWeighted>0</BisWeighted>
      <QtyInPackage>1</QtyInPackage>
      <ItemPrice>24.90</ItemPrice>
      <UnitOfMeasurePrice>13.83</UnitOfMeasurePrice>
      <AllowDiscount>0</AllowDiscount>
      <itemStatus>1</itemStatus>
      <LastUpdateDate />
      <LastUpdateTime />
    </Product>
    <Product>
      <PriceUpdateDate>2018/04/24 12:01</PriceUpdateDate>
      <ItemCode>7290001121979</ItemCode>
      <ItemType>1</ItemType>
      <ItemName>סלמי הרץ יחיעם (150 גרם)</ItemName>
      <ManufactureName>מעדני יחיעם (1993) בעמ</ManufactureName>
      <ManufactureCountry />
      <ManufactureItemDescription />
      <UnitQty>יח`</UnitQty>
      <Quantity>1.50</Quantity>
      <UnitMeasure>100 גרם</UnitMeasure>
      <BisWeighted>0</BisWeighted>
      <QtyInPackage>1</QtyInPackage>
      <ItemPrice>24.90</ItemPrice>
      <UnitOfMeasurePrice>16.60</UnitOfMeasurePrice>
      <AllowDiscount>0</AllowDiscount>
      <itemStatus>1</itemStatus>
      <LastUpdateDate />
      <LastUpdateTime />
    </Product>
    <Product>
      <PriceUpdateDate>2019/05/08 11:28</PriceUpdateDate>
      <ItemCode>1230234</ItemCode>
      <ItemType>0</ItemType>
      <ItemName>כאמל סופט</ItemName>
      <ManufactureName>גלוברנדס בעמ - שיווק סיגריות</ManufactureName>
      <ManufactureCountry />
      <ManufactureItemDescription />
      <UnitQty>יח`</UnitQty>
      <Quantity>1</Quantity>
      <UnitMeasure />
      <BisWeighted>0</BisWeighted>
      <QtyInPackage>1</QtyInPackage>
      <ItemPrice>28.50</ItemPrice>
      <UnitOfMeasurePrice>28.50</UnitOfMeasurePrice>
      <AllowDiscount>0</AllowDiscount>
      <itemStatus>1</itemStatus>
      <LastUpdateDate />
      <LastUpdateTime />
    </Product>
    <Product>
      <PriceUpdateDate>2019/05/08 11:28</PriceUpdateDate>
      <ItemCode>1230331</ItemCode>
      <ItemType>0</ItemType>
      <ItemName>כאמל בוקס</ItemName>
      <ManufactureName>גלוברנדס בעמ - שיווק סיגריות</ManufactureName>
      <ManufactureCountry />
      <ManufactureItemDescription />
      <UnitQty>יח`</UnitQty>
      <Quantity>1</Quantity>
      <UnitMeasure />
      <BisWeighted>0</BisWeighted>
      <QtyInPackage>1</QtyInPackage>
      <ItemPrice>28.50</ItemPrice>
      <UnitOfMeasurePrice>28.50</UnitOfMeasurePrice>
      <AllowDiscount>0</AllowDiscount>
      <itemStatus>1</itemStatus>
      <LastUpdateDate />
      <LastUpdateTime />
    </Product>
    <Product>
      <PriceUpdateDate>2019/05/08 11:28</PriceUpdateDate>
      <ItemCode>1230739</ItemCode>
      <ItemType>0</ItemType>
      <ItemName>כאמל כחול</ItemName>
      <ManufactureName>גלוברנדס בעמ - שיווק סיגריות</ManufactureName>
      <ManufactureCountry />
      <ManufactureItemDescription />
      <UnitQty>יח`</UnitQty>
      <Quantity>1</Quantity>
      <UnitMeasure />
      <BisWeighted>0</BisWeighted>
      <QtyInPackage>1</QtyInPackage>
      <ItemPrice>28.50</ItemPrice>
      <UnitOfMeasurePrice>28.50</UnitOfMeasurePrice>
      <AllowDiscount>0</AllowDiscount>
      <itemStatus>1</itemStatus>
      <LastUpdateDate />
      <LastUpdateTime />
    </Product>
    <Product>
      <PriceUpdateDate>2018/12/09 11:35</PriceUpdateDate>
      <ItemCode>1231233</ItemCode>
      <ItemType>0</ItemType>
      <ItemName>וינסטון בוקס</ItemName>
      <ManufactureName>גלוברנדס בעמ - שיווק סיגריות</ManufactureName>
      <ManufactureCountry />
      <ManufactureItemDescription />
      <UnitQty>יח`</UnitQty>
      <Quantity>1</Quantity>
      <UnitMeasure />
      <BisWeighted>0</BisWeighted>
      <QtyInPackage>1</QtyInPackage>
      <ItemPrice>30.50</ItemPrice>
      <UnitOfMeasurePrice>30.50</UnitOfMeasurePrice>
      <AllowDiscount>0</AllowDiscount>
      <itemStatus>1</itemStatus>
      <LastUpdateDate />
      <LastUpdateTime />
    </Product>
    <Product>
      <PriceUpdateDate>2019/12/27 07:24</PriceUpdateDate>
      <ItemCode>1322888</ItemCode>
      <ItemType>0</ItemType>
      <ItemName>פילה בקר חלק מוביל</ItemName>
      <ManufactureName>בלדי בעמ</ManufactureName>
      <ManufactureCountry />
      <ManufactureItemDescription />
      <UnitQty>ק"ג</UnitQty>
      <Quantity>0.01</Quantity>
      <UnitMeasure>100 גרם</UnitMeasure>
      <BisWeighted>1</BisWeighted>
      <QtyInPackage>1</QtyInPackage>
      <ItemPrice>99</ItemPrice>
      <UnitOfMeasurePrice>9900</UnitOfMeasurePrice>
      <AllowDiscount>0</AllowDiscount>
      <itemStatus>1</itemStatus>
      <LastUpdateDate />
      <LastUpdateTime />
    </Product>
    <Product>
      <PriceUpdateDate>2019/02/07 09:20</PriceUpdateDate>
      <ItemCode>1385159</ItemCode>
      <ItemType>0</ItemType>
      <ItemName>קוביות לגולש טרי ארוז מוכשר</ItemName>
      <ManufactureName>אדום אדום - תנובה בקר</ManufactureName>
      <ManufactureCountry />
      <ManufactureItemDescription />
      <UnitQty>ק"ג</UnitQty>
      <Quantity>1</Quantity>
      <UnitMeasure>100 גרם</UnitMeasure>
      <BisWeighted>1</BisWeighted>
      <QtyInPackage>1</QtyInPackage>
      <ItemPrice>64.90</ItemPrice>
      <UnitOfMeasurePrice>64.90</UnitOfMeasurePrice>
      <AllowDiscount>1</AllowDiscount>
      <itemStatus>1</itemStatus>
      <LastUpdateDate />
      <LastUpdateTime />
    </Product>
    <Product>
      <PriceUpdateDate>2018/04/24 13:15</PriceUpdateDate>
      <ItemCode>1436356</ItemCode>
      <ItemType>0</ItemType>
      <ItemName>סטייק סלמון נורבגי וואקום</ItemName>
      <ManufactureName>בלדי בעמ</ManufactureName>
      <ManufactureCountry />
      <ManufactureItemDescription />
      <UnitQty>ק"ג</UnitQty>
      <Quantity>0</Quantity>
      <UnitMeasure>ק"ג</UnitMeasure>
      <BisWeighted>1</BisWeighted>
      <QtyInPackage>1</QtyInPackage>
      <ItemPrice>49.90</ItemPrice>
      <UnitOfMeasurePrice>49.90</UnitOfMeasurePrice>
      <AllowDiscount>0</AllowDiscount>
      <itemStatus>1</itemStatus>
      <LastUpdateDate />
      <LastUpdateTime />
    </Product>
    <Product>
      <PriceUpdateDate>2018/04/24 10:54</PriceUpdateDate>
      <ItemCode>1482094</ItemCode>
      <ItemType>0</ItemType>
      <ItemName>וילי פוד פרמז`נו 200 גר`</ItemName>
      <ManufactureName>ג.וילי-פוד אינטרנשיונל בעמ</ManufactureName>
      <ManufactureCountry />
      <ManufactureItemDescription />
      <UnitQty>יח`</UnitQty>
      <Quantity>2</Quantity>
      <UnitMeasure>100 גרם</UnitMeasure>
      <BisWeighted>0</BisWeighted>
      <QtyInPackage>1</QtyInPackage>
      <ItemPrice>26.90</ItemPrice>
      <UnitOfMeasurePrice>13.45</UnitOfMeasurePrice>
      <AllowDiscount>1</AllowDiscount>
      <itemStatus>1</itemStatus>
      <LastUpdateDate />
      <LastUpdateTime />
    </Product>
    <Product>
      <PriceUpdateDate>2018/08/05 11:28</PriceUpdateDate>
      <ItemCode>1714904</ItemCode>
      <ItemType>0</ItemType>
      <ItemName>ריאות עגל קפוא מוכשר</ItemName>
      <ManufactureName>אדום אדום - תנובה בקר</ManufactureName>
      <ManufactureCountry />
      <ManufactureItemDescription />
      <UnitQty>ק"ג</UnitQty>
      <Quantity>0</Quantity>
      <UnitMeasure>100 גרם</UnitMeasure>
      <BisWeighted>1</BisWeighted>
      <QtyInPackage>1</QtyInPackage>
      <ItemPrice>29.90</ItemPrice>
      <UnitOfMeasurePrice>29.90</UnitOfMeasurePrice>
      <AllowDiscount>0</AllowDiscount>
      <itemStatus>1</itemStatus>
      <LastUpdateDate />
      <LastUpdateTime />
    </Product>
    <Product>
      <PriceUpdateDate>2019/07/25 09:31</PriceUpdateDate>
      <ItemCode>1842867</ItemCode>
      <ItemType>0</ItemType>
      <ItemName>מארז רגלים פרוס קפוא חלק מוביל</ItemName>
      <ManufactureName>אדום אדום - תנובה בקר</ManufactureName>
      <ManufactureCountry />
      <ManufactureItemDescription />
      <UnitQty>ק"ג</UnitQty>
      <Quantity>1</Quantity>
      <UnitMeasure />
      <BisWeighted>1</BisWeighted>
      <QtyInPackage>1</QtyInPackage>
      <ItemPrice>39.90</ItemPrice>
      <UnitOfMeasurePrice>39.90</UnitOfMeasurePrice>
      <AllowDiscount>0</AllowDiscount>
      <itemStatus>1</itemStatus>
      <LastUpdateDate />
      <LastUpdateTime />
    </Product>
    <Product>
      <PriceUpdateDate>2018/04/24 11:49</PriceUpdateDate>
      <ItemCode>2077657</ItemCode>
      <ItemType>0</ItemType>
      <ItemName>גבינה סגנון פטה</ItemName>
      <ManufactureName>נטו מלינדה סחר בעמ</ManufactureName>
      <ManufactureCountry />
      <ManufactureItemDescription />
      <UnitQty>ק"ג</UnitQty>
      <Quantity>10</Quantity>
      <UnitMeasure>100 גרם</UnitMeasure>
      <BisWeighted>1</BisWeighted>
      <QtyInPackage>1</QtyInPackage>
      <ItemPrice>29</ItemPrice>
      <UnitOfMeasurePrice>2.90</UnitOfMeasurePrice>
      <AllowDiscount>0</AllowDiscount>
      <itemStatus>1</itemStatus>
      <LastUpdateDate />
      <LastUpdateTime />
    </Product>
    <Product>
      <PriceUpdateDate>2019/01/07 08:22</PriceUpdateDate>
      <ItemCode>2105367</ItemCode>
      <ItemType>0</ItemType>
      <ItemName>אנטריקוט עגל מעובד מופשר מחפוד אנגוס</ItemName>
      <ManufactureName>עוף ירושלים שיווק בעמ</ManufactureName>
      <ManufactureCountry />
      <ManufactureItemDescription />
      <UnitQty>ק"ג</UnitQty>
      <Quantity>1</Quantity>
      <UnitMeasure>ק"ג</UnitMeasure>
      <BisWeighted>1</BisWeighted>
      <QtyInPackage>1</QtyInPackage>
      <ItemPrice>99</ItemPrice>
      <UnitOfMeasurePrice>99</UnitOfMeasurePrice>
      <AllowDiscount>1</AllowDiscount>
      <itemStatus>1</itemStatus>
      <LastUpdateDate />
      <LastUpdateTime />
    </Product>
    <Product>
      <PriceUpdateDate>2018/12/28 08:01</PriceUpdateDate>
      <ItemCode>2129806</ItemCode>
      <ItemType>0</ItemType>
      <ItemName>צלי כתף טרי יבוא מוכשר  צרפתי/  פולני/</ItemName>
      <ManufactureName>נטו בשרים</ManufactureName>
      <ManufactureCountry />
      <ManufactureItemDescription />
      <UnitQty>ק"ג</UnitQty>
      <Quantity>0</Quantity>
      <UnitMeasure>100 גרם</UnitMeasure>
      <BisWeighted>1</BisWeighted>
      <QtyInPackage>1</QtyInPackage>
      <ItemPrice>69.90</ItemPrice>
      <UnitOfMeasurePrice>69.90</UnitOfMeasurePrice>
      <AllowDiscount>1</AllowDiscount>
      <itemStatus>1</itemStatus>
      <LastUpdateDate />
      <LastUpdateTime />
    </Product>
    <Product>
      <PriceUpdateDate>2018/04/24 12:55</PriceUpdateDate>
      <ItemCode>2129905</ItemCode>
      <ItemType>0</ItemType>
      <ItemName>צלעות טרי יבוא חלק  צרפתי/ פולני</ItemName>
      <ManufactureName>נטו בשרים</ManufactureName>
      <ManufactureCountry />
      <ManufactureItemDescription />
      <UnitQty>ק"ג</UnitQty>
      <Quantity>0</Quantity>
      <UnitMeasure>100 גרם</UnitMeasure>
      <BisWeighted>1</BisWeighted>
      <QtyInPackage>1</QtyInPackage>
      <ItemPrice>49.90</ItemPrice>
      <UnitOfMeasurePrice>49.90</UnitOfMeasurePrice>
      <AllowDiscount>1</AllowDiscount>
      <itemStatus>1</itemStatus>
      <LastUpdateDate />
      <LastUpdateTime />
    </Product>
    <Product>
      <PriceUpdateDate>2020/03/16 12:15</PriceUpdateDate>
      <ItemCode>2206019</ItemCode>
      <ItemType>0</ItemType>
      <ItemName>כרעיים עוף טרי ארוז</ItemName>
      <ManufactureName>טל הל יסכה בעמ</ManufactureName>
      <ManufactureCountry />
      <ManufactureItemDescription />
      <UnitQty>ק"ג</UnitQty>
      <Quantity>1</Quantity>
      <UnitMeasure />
      <BisWeighted>1</BisWeighted>
      <QtyInPackage>1</QtyInPackage>
      <ItemPrice>26.90</ItemPrice>
      <UnitOfMeasurePrice>26.90</UnitOfMeasurePrice>
      <AllowDiscount>1</AllowDiscount>
      <itemStatus>1</itemStatus>
      <LastUpdateDate />
      <LastUpdateTime />
    </Product>
    <Product>
      <PriceUpdateDate>2020/02/17 16:45</PriceUpdateDate>
      <ItemCode>2206033</ItemCode>
      <ItemType>0</ItemType>
      <ItemName>שוקיים עוף טרי ארוז</ItemName>
      <ManufactureName>עוף עוז שיווק בעמ</ManufactureName>
      <ManufactureCountry />
      <ManufactureItemDescription />
      <UnitQty>ק"ג</UnitQty>
      <Quantity>1</Quantity>
      <UnitMeasure />
      <BisWeighted>1</BisWeighted>
      <QtyInPackage>1</QtyInPackage>
      <ItemPrice>26.90</ItemPrice>
      <UnitOfMeasurePrice>26.90</UnitOfMeasurePrice>
      <AllowDiscount>0</AllowDiscount>
      <itemStatus>1</itemStatus>
      <LastUpdateDate />
      <LastUpdateTime />
    </Product>
    <Product>
      <PriceUpdateDate>2020/03/15 15:56</PriceUpdateDate>
      <ItemCode>2206040</ItemCode>
      <ItemType>0</ItemType>
      <ItemName>כנפיים עוף טרי ארוז</ItemName>
      <ManufactureName>עוף עוז שיווק בעמ</ManufactureName>
      <ManufactureCountry />
      <ManufactureItemDescription />
      <UnitQty>ק"ג</UnitQty>
      <Quantity>1</Quantity>
      <UnitMeasure />
      <BisWeighted>1</BisWeighted>
      <QtyInPackage>1</QtyInPackage>
      <ItemPrice>11.90</ItemPrice>
      <UnitOfMeasurePrice>11.90</UnitOfMeasurePrice>
      <AllowDiscount>1</AllowDiscount>
      <itemStatus>1</itemStatus>
      <LastUpdateDate />
      <LastUpdateTime />
    </Product>
    <Product>
      <PriceUpdateDate>2020/03/16 12:15</PriceUpdateDate>
      <ItemCode>2206057</ItemCode>
      <ItemType>0</ItemType>
      <ItemName>חזה עוף טרי שלם ארוז</ItemName>
      <ManufactureName>עוף עוז שיווק בעמ</ManufactureName>
      <ManufactureCountry />
      <ManufactureItemDescription />
      <UnitQty>ק"ג</UnitQty>
      <Quantity>1</Quantity>
      <UnitMeasure />
      <BisWeighted>1</BisWeighted>
      <QtyInPackage>1</QtyInPackage>
      <ItemPrice>36.90</ItemPrice>
      <UnitOfMeasurePrice>36.90</UnitOfMeasurePrice>
      <AllowDiscount>1</AllowDiscount>
      <itemStatus>1</itemStatus>
      <LastUpdateDate />
      <LastUpdateTime />
    </Product>
    <Product>
      <PriceUpdateDate>2020/02/17 16:45</PriceUpdateDate>
      <ItemCode>2206064</ItemCode>
      <ItemType>0</ItemType>
      <ItemName>חזה עוף פרוס טרי ארוז שניצל</ItemName>
      <ManufactureName>עוף עוז שיווק בעמ</ManufactureName>
      <ManufactureCountry />
      <ManufactureItemDescription />
      <UnitQty>ק"ג</UnitQty>
      <Quantity>1</Quantity>
      <UnitMeasure />
      <BisWeighted>1</BisWeighted>
      <QtyInPackage>1</QtyInPackage>
      <ItemPrice>39.90</ItemPrice>
      <UnitOfMeasurePrice>39.90</UnitOfMeasurePrice>
      <AllowDiscount>1</AllowDiscount>
      <itemStatus>1</itemStatus>
      <LastUpdateDate />
      <LastUpdateTime />
    </Product>
    <Product>
      <PriceUpdateDate>2019/11/13 12:10</PriceUpdateDate>
      <ItemCode>2206101</ItemCode>
      <ItemType>0</ItemType>
      <ItemName>סטייק פרגית ללא עור</ItemName>
      <ManufactureName>טל הל יסכה בעמ</ManufactureName>
      <ManufactureCountry />
      <ManufactureItemDescription />
      <UnitQty>ק"ג</UnitQty>
      <Quantity>1</Quantity>
      <UnitMeasure />
      <BisWeighted>1</BisWeighted>
      <QtyInPackage>1</QtyInPackage>
      <ItemPrice>44.90</ItemPrice>
      <UnitOfMeasurePrice>44.90</UnitOfMeasurePrice>
      <AllowDiscount>0</AllowDiscount>
      <itemStatus>1</itemStatus>
      <LastUpdateDate />
      <LastUpdateTime />
    </Product>
    <Product>
      <PriceUpdateDate>2020/03/15 15:56</PriceUpdateDate>
      <ItemCode>2206118</ItemCode>
      <ItemType>0</ItemType>
      <ItemName>כבד עוף לצליה טרי ארוז</ItemName>
      <ManufactureName>עוף עוז שיווק בעמ</ManufactureName>
      <ManufactureCountry />
      <ManufactureItemDescription />
      <UnitQty>ק"ג</UnitQty>
      <Quantity>1</Quantity>
      <UnitMeasure />
      <BisWeighted>1</BisWeighted>
      <QtyInPackage>1</QtyInPackage>
      <ItemPrice>23.90</ItemPrice>
      <UnitOfMeasurePrice>23.90</UnitOfMeasurePrice>
      <AllowDiscount>0</AllowDiscount>
      <itemStatus>1</itemStatus>
      <LastUpdateDate />
      <LastUpdateTime />
    </Product>
    <Product>
      <PriceUpdateDate>2020/03/15 10:33</PriceUpdateDate>
      <ItemCode>2206385</ItemCode>
      <ItemType>0</ItemType>
      <ItemName>גרון הודו נקבה טרי ארוז</ItemName>
      <ManufactureName>עוף עוז שיווק בעמ</ManufactureName>
      <ManufactureCountry />
      <ManufactureItemDescription />
      <UnitQty>ק"ג</UnitQty>
      <Quantity>1</Quantity>
      <UnitMeasure />
      <BisWeighted>1</BisWeighted>
      <QtyInPackage>1</QtyInPackage>
      <ItemPrice>27.90</ItemPrice>
      <UnitOfMeasurePrice>27.90</UnitOfMeasurePrice>
      <AllowDiscount>0</AllowDiscount>
      <itemStatus>1</itemStatus>
      <LastUpdateDate />
      <LastUpdateTime />
    </Product>
    <Product>
      <PriceUpdateDate>2019/04/15 13:46</PriceUpdateDate>
      <ItemCode>2206408</ItemCode>
      <ItemType>0</ItemType>
      <ItemName>חזה הודו נקבה טרי ארוז מוביל</ItemName>
      <ManufactureName>עוף עוז שיווק בעמ</ManufactureName>
      <ManufactureCountry />
      <ManufactureItemDescription />
      <UnitQty>ק"ג</UnitQty>
      <Quantity>1</Quantity>
      <UnitMeasure />
      <BisWeighted>1</BisWeighted>
      <QtyInPackage>1</QtyInPackage>
      <ItemPrice>27.90</ItemPrice>
      <UnitOfMeasurePrice>27.90</UnitOfMeasurePrice>
      <AllowDiscount>0</AllowDiscount>
      <itemStatus>1</itemStatus>
      <LastUpdateDate />
      <LastUpdateTime />
    </Product>
    <Product>
      <PriceUpdateDate>2019/02/21 13:02</PriceUpdateDate>
      <ItemCode>2206415</ItemCode>
      <ItemType>0</ItemType>
      <ItemName>שוקיים הודו נקבה טרי ארוז מוביל</ItemName>
      <ManufactureName>עוף עוז שיווק בעמ</ManufactureName>
      <ManufactureCountry />
      <ManufactureItemDescription />
      <UnitQty>ק"ג</UnitQty>
      <Quantity>1</Quantity>
      <UnitMeasure />
      <BisWeighted>1</BisWeighted>
      <QtyInPackage>1</QtyInPackage>
      <ItemPrice>24.90</ItemPrice>
      <UnitOfMeasurePrice>24.90</UnitOfMeasurePrice>
      <AllowDiscount>0</AllowDiscount>
      <itemStatus>1</itemStatus>
      <LastUpdateDate />
      <LastUpdateTime />
    </Product>
    <Product>
      <PriceUpdateDate>2020/03/16 12:15</PriceUpdateDate>
      <ItemCode>2209071</ItemCode>
      <ItemType>0</ItemType>
      <ItemName>פילה עוף טרי ארוז</ItemName>
      <ManufactureName>עוף עוז שיווק בעמ</ManufactureName>
      <ManufactureCountry />
      <ManufactureItemDescription />
      <UnitQty>ק"ג</UnitQty>
      <Quantity>1</Quantity>
      <UnitMeasure />
      <BisWeighted>1</BisWeighted>
      <QtyInPackage>1</QtyInPackage>
      <ItemPrice>36.90</ItemPrice>
      <UnitOfMeasurePrice>36.90</UnitOfMeasurePrice>
      <AllowDiscount>0</AllowDiscount>
      <itemStatus>1</itemStatus>
      <LastUpdateDate />
      <LastUpdateTime />
    </Product>
    <Product>
      <PriceUpdateDate>2020/05/03 09:24</PriceUpdateDate>
      <ItemCode>2300878</ItemCode>
      <ItemType>0</ItemType>
      <ItemName>גבינת צדר אנגלית במשקל</ItemName>
      <ManufactureName>נטו מלינדה סחר בעמ</ManufactureName>
      <ManufactureCountry />
      <ManufactureItemDescription />
      <UnitQty>ק"ג</UnitQty>
      <Quantity>10</Quantity>
      <UnitMeasure>100 גרם</UnitMeasure>
      <BisWeighted>1</BisWeighted>
      <QtyInPackage>1</QtyInPackage>
      <ItemPrice>104</ItemPrice>
      <UnitOfMeasurePrice>10.40</UnitOfMeasurePrice>
      <AllowDiscount>0</AllowDiscount>
      <itemStatus>1</itemStatus>
      <LastUpdateDate />
      <LastUpdateTime />
    </Product>
    <Product>
      <PriceUpdateDate>2020/05/03 09:24</PriceUpdateDate>
      <ItemCode>2300885</ItemCode>
      <ItemType>0</ItemType>
      <ItemName>גבינת צ`דר אנגלי כתום משקל</ItemName>
      <ManufactureName>נטו מלינדה סחר בעמ</ManufactureName>
      <ManufactureCountry />
      <ManufactureItemDescription />
      <UnitQty>ק"ג</UnitQty>
      <Quantity>10</Quantity>
      <UnitMeasure>100 גרם</UnitMeasure>
      <BisWeighted>1</BisWeighted>
      <QtyInPackage>1</QtyInPackage>
      <ItemPrice>120</ItemPrice>
      <UnitOfMeasurePrice>12</UnitOfMeasurePrice>
      <AllowDiscount>0</AllowDiscount>
      <itemStatus>1</itemStatus>
      <LastUpdateDate />
      <LastUpdateTime />
    </Product>
    <Product>
      <PriceUpdateDate>2019/08/02 10:13</PriceUpdateDate>
      <ItemCode>2336358</ItemCode>
      <ItemType>0</ItemType>
      <ItemName>פילה בקר טרי יבוא חלק צרפתי / פולני</ItemName>
      <ManufactureName>נטו בשרים</ManufactureName>
      <ManufactureCountry />
      <ManufactureItemDescription />
      <UnitQty>ק"ג</UnitQty>
      <Quantity>1</Quantity>
      <UnitMeasure>100 גרם</UnitMeasure>
      <BisWeighted>1</BisWeighted>
      <QtyInPackage>1</QtyInPackage>
      <ItemPrice>199</ItemPrice>
      <UnitOfMeasurePrice>199</UnitOfMeasurePrice>
      <AllowDiscount>1</AllowDiscount>
      <itemStatus>1</itemStatus>
      <LastUpdateDate />
      <LastUpdateTime />
    </Product>
    <Product>
      <PriceUpdateDate>2020/05/03 09:30</PriceUpdateDate>
      <ItemCode>2370017</ItemCode>
      <ItemType>0</ItemType>
      <ItemName>גבינת גאודה בתוספת תערובת בזיליקום ושום</ItemName>
      <ManufactureName>ג.וילי-פוד אינטרנשיונל בעמ</ManufactureName>
      <ManufactureCountry />
      <ManufactureItemDescription />
      <UnitQty>ק"ג</UnitQty>
      <Quantity>10</Quantity>
      <UnitMeasure>100 גרם</UnitMeasure>
      <BisWeighted>1</BisWeighted>
      <QtyInPackage>1</QtyInPackage>
      <ItemPrice>80</ItemPrice>
      <UnitOfMeasurePrice>8</UnitOfMeasurePrice>
      <AllowDiscount>0</AllowDiscount>
      <itemStatus>1</itemStatus>
      <LastUpdateDate />
      <LastUpdateTime />
    </Product>
    <Product>
      <PriceUpdateDate>2020/05/03 09:30</PriceUpdateDate>
      <ItemCode>2370130</ItemCode>
      <ItemType>0</ItemType>
      <ItemName>גבינת ברי צרפתית מעדנייה וילי פוד</ItemName>
      <ManufactureName>ג.וילי-פוד אינטרנשיונל בעמ</ManufactureName>
      <ManufactureCountry />
      <ManufactureItemDescription />
      <UnitQty>ק"ג</UnitQty>
      <Quantity>10</Quantity>
      <UnitMeasure>100 גרם</UnitMeasure>
      <BisWeighted>1</BisWeighted>
      <QtyInPackage>1</QtyInPackage>
      <ItemPrice>69</ItemPrice>
      <UnitOfMeasurePrice>6.90</UnitOfMeasurePrice>
      <AllowDiscount>0</AllowDiscount>
      <itemStatus>1</itemStatus>
      <LastUpdateDate />
      <LastUpdateTime />
    </Product>
    <Product>
      <PriceUpdateDate>2020/05/03 09:30</PriceUpdateDate>
      <ItemCode>2370246</ItemCode>
      <ItemType>0</ItemType>
      <ItemName>גבינת גרנה פנדו מעדנייה-וילי  פוד</ItemName>
      <ManufactureName>ג.וילי-פוד אינטרנשיונל בעמ</ManufactureName>
      <ManufactureCountry />
      <ManufactureItemDescription />
      <UnitQty>ק"ג</UnitQty>
      <Quantity>10</Quantity>
      <UnitMeasure>100 גרם</UnitMeasure>
      <BisWeighted>1</BisWeighted>
      <QtyInPackage>1</QtyInPackage>
      <ItemPrice>80</ItemPrice>
      <UnitOfMeasurePrice>8</UnitOfMeasurePrice>
      <AllowDiscount>0</AllowDiscount>
      <itemStatus>1</itemStatus>
      <LastUpdateDate />
      <LastUpdateTime />
    </Product>
    <Product>
      <PriceUpdateDate>2020/05/01 10:49</PriceUpdateDate>
      <ItemCode>2370468</ItemCode>
      <ItemType>0</ItemType>
      <ItemName>גאודה סטייל גלגל מעדנייה-וילי  פוד</ItemName>
      <ManufactureName>ג.וילי-פוד אינטרנשיונל בעמ</ManufactureName>
      <ManufactureCountry />
      <ManufactureItemDescription />
      <UnitQty>ק"ג</UnitQty>
      <Quantity>10</Quantity>
      <UnitMeasure>100 גרם</UnitMeasure>
      <BisWeighted>1</BisWeighted>
      <QtyInPackage>1</QtyInPackage>
      <ItemPrice>42</ItemPrice>
      <UnitOfMeasurePrice>4.20</UnitOfMeasurePrice>
      <AllowDiscount>0</AllowDiscount>
      <itemStatus>1</itemStatus>
      <LastUpdateDate />
      <LastUpdateTime />
    </Product>
    <Product>
      <PriceUpdateDate>2018/10/21 12:50</PriceUpdateDate>
      <ItemCode>2385127</ItemCode>
      <ItemType>0</ItemType>
      <ItemName>לאבנה שמן זית מעדנייה גד</ItemName>
      <ManufactureName>מחלבות גד שיווק 1992 בעמ</ManufactureName>
      <ManufactureCountry />
      <ManufactureItemDescription />
      <UnitQty>ק"ג</UnitQty>
      <Quantity>10</Quantity>
      <UnitMeasure>100 גרם</UnitMeasure>
      <BisWeighted>1</BisWeighted>
      <QtyInPackage>1</QtyInPackage>
      <ItemPrice>41</ItemPrice>
      <UnitOfMeasurePrice>4.10</UnitOfMeasurePrice>
      <AllowDiscount>0</AllowDiscount>
      <itemStatus>1</itemStatus>
      <LastUpdateDate />
      <LastUpdateTime />
    </Product>
    <Product>
      <PriceUpdateDate>2019/06/10 10:53</PriceUpdateDate>
      <ItemCode>2385424</ItemCode>
      <ItemType>0</ItemType>
      <ItemName>בולגרית מסורתית/מעודנת 5% מעדנייה גד</ItemName>
      <ManufactureName>מחלבות גד שיווק 1992 בעמ</ManufactureName>
      <ManufactureCountry />
      <ManufactureItemDescription />
      <UnitQty>ק"ג</UnitQty>
      <Quantity>10</Quantity>
      <UnitMeasure>100 גרם</UnitMeasure>
      <BisWeighted>1</BisWeighted>
      <QtyInPackage>1</QtyInPackage>
      <ItemPrice>58</ItemPrice>
      <UnitOfMeasurePrice>5.80</UnitOfMeasurePrice>
      <AllowDiscount>0</AllowDiscount>
      <itemStatus>1</itemStatus>
      <LastUpdateDate />
      <LastUpdateTime />
    </Product>
    <Product>
      <PriceUpdateDate>2019/10/29 08:40</PriceUpdateDate>
      <ItemCode>2385486</ItemCode>
      <ItemType>0</ItemType>
      <ItemName>שמנות 30% טעמים מהדרים מעדנייה גד</ItemName>
      <ManufactureName>מחלבות גד שיווק 1992 בעמ</ManufactureName>
      <ManufactureCountry />
      <ManufactureItemDescription />
      <UnitQty>ק"ג</UnitQty>
      <Quantity>10</Quantity>
      <UnitMeasure>100 גרם</UnitMeasure>
      <BisWeighted>1</BisWeighted>
      <QtyInPackage>1</QtyInPackage>
      <ItemPrice>45</ItemPrice>
      <UnitOfMeasurePrice>4.50</UnitOfMeasurePrice>
      <AllowDiscount>0</AllowDiscount>
      <itemStatus>1</itemStatus>
      <LastUpdateDate />
      <LastUpdateTime />
    </Product>
    <Product>
      <PriceUpdateDate>2020/03/01 13:49</PriceUpdateDate>
      <ItemCode>2403517</ItemCode>
      <ItemType>0</ItemType>
      <ItemName>חזה אווז</ItemName>
      <ManufactureName>בלדי בעמ</ManufactureName>
      <ManufactureCountry />
      <ManufactureItemDescription />
      <UnitQty>ק"ג</UnitQty>
      <Quantity>1</Quantity>
      <UnitMeasure>ק"ג</UnitMeasure>
      <BisWeighted>1</BisWeighted>
      <QtyInPackage>1</QtyInPackage>
      <ItemPrice>79.90</ItemPrice>
      <UnitOfMeasurePrice>79.90</UnitOfMeasurePrice>
      <AllowDiscount>1</AllowDiscount>
      <itemStatus>1</itemStatus>
      <LastUpdateDate />
      <LastUpdateTime />
    </Product>
    <Product>
      <PriceUpdateDate>2018/07/08 11:10</PriceUpdateDate>
      <ItemCode>2447405</ItemCode>
      <ItemType>0</ItemType>
      <ItemName>צוואר /צלעות ללא עצם מוכשר טרי</ItemName>
      <ManufactureName>אדום אדום - תנובה בקר</ManufactureName>
      <ManufactureCountry />
      <ManufactureItemDescription />
      <UnitQty>ק"ג</UnitQty>
      <Quantity>1</Quantity>
      <UnitMeasure />
      <BisWeighted>1</BisWeighted>
      <QtyInPackage>1</QtyInPackage>
      <ItemPrice>69.90</ItemPrice>
      <UnitOfMeasurePrice>69.90</UnitOfMeasurePrice>
      <AllowDiscount>1</AllowDiscount>
      <itemStatus>1</itemStatus>
      <LastUpdateDate />
      <LastUpdateTime />
    </Product>
    <Product>
      <PriceUpdateDate>2018/04/24 10:25</PriceUpdateDate>
      <ItemCode>2447559</ItemCode>
      <ItemType>0</ItemType>
      <ItemName>סינטה עגל טרי מוכשר</ItemName>
      <ManufactureName>אדום אדום - תנובה בקר</ManufactureName>
      <ManufactureCountry />
      <ManufactureItemDescription />
      <UnitQty>ק"ג</UnitQty>
      <Quantity>1</Quantity>
      <UnitMeasure>ק"ג</UnitMeasure>
      <BisWeighted>1</BisWeighted>
      <QtyInPackage>1</QtyInPackage>
      <ItemPrice>133</ItemPrice>
      <UnitOfMeasurePrice>133</UnitOfMeasurePrice>
      <AllowDiscount>1</AllowDiscount>
      <itemStatus>1</itemStatus>
      <LastUpdateDate />
      <LastUpdateTime />
    </Product>
    <Product>
      <PriceUpdateDate>2018/04/24 10:25</PriceUpdateDate>
      <ItemCode>2447573</ItemCode>
      <ItemType>0</ItemType>
      <ItemName>שייטל עגל טרי מוכשר</ItemName>
      <ManufactureName>אדום אדום - תנובה בקר</ManufactureName>
      <ManufactureCountry />
      <ManufactureItemDescription />
      <UnitQty>ק"ג</UnitQty>
      <Quantity>1</Quantity>
      <UnitMeasure />
      <BisWeighted>1</BisWeighted>
      <QtyInPackage>1</QtyInPackage>
      <ItemPrice>79.90</ItemPrice>
      <UnitOfMeasurePrice>79.90</UnitOfMeasurePrice>
      <AllowDiscount>1</AllowDiscount>
      <itemStatus>1</itemStatus>
      <LastUpdateDate />
      <LastUpdateTime />
    </Product>
    <Product>
      <PriceUpdateDate>2018/09/09 10:29</PriceUpdateDate>
      <ItemCode>2447924</ItemCode>
      <ItemType>0</ItemType>
      <ItemName>קיט נתחים לקצב טחון מוכשר</ItemName>
      <ManufactureName>אדום אדום - תנובה בקר</ManufactureName>
      <ManufactureCountry />
      <ManufactureItemDescription />
      <UnitQty>ק"ג</UnitQty>
      <Quantity>1</Quantity>
      <UnitMeasure />
      <BisWeighted>1</BisWeighted>
      <QtyInPackage>1</QtyInPackage>
      <ItemPrice>49.90</ItemPrice>
      <UnitOfMeasurePrice>49.90</UnitOfMeasurePrice>
      <AllowDiscount>1</AllowDiscount>
      <itemStatus>1</itemStatus>
      <LastUpdateDate />
      <LastUpdateTime />
    </Product>
    <Product>
      <PriceUpdateDate>2018/06/03 13:47</PriceUpdateDate>
      <ItemCode>2507383</ItemCode>
      <ItemType>0</ItemType>
      <ItemName>בולגרית 5% מחלב  בקר- מעדנייה</ItemName>
      <ManufactureName>נטו מלינדה סחר בעמ</ManufactureName>
      <ManufactureCountry />
      <ManufactureItemDescription />
      <UnitQty>ק"ג</UnitQty>
      <Quantity>10</Quantity>
      <UnitMeasure>100 גרם</UnitMeasure>
      <BisWeighted>1</BisWeighted>
      <QtyInPackage>1</QtyInPackage>
      <ItemPrice>74</ItemPrice>
      <UnitOfMeasurePrice>7.40</UnitOfMeasurePrice>
      <AllowDiscount>0</AllowDiscount>
      <itemStatus>1</itemStatus>
      <LastUpdateDate />
      <LastUpdateTime />
    </Product>
    <Product>
      <PriceUpdateDate>2018/04/24 11:30</PriceUpdateDate>
      <ItemCode>2519546</ItemCode>
      <ItemType>0</ItemType>
      <ItemName>אנטריקוט עגל טרי חלק ללא עצם סטייק</ItemName>
      <ManufactureName>אדום אדום - תנובה בקר</ManufactureName>
      <ManufactureCountry />
      <ManufactureItemDescription />
      <UnitQty>ק"ג</UnitQty>
      <Quantity>1</Quantity>
      <UnitMeasure>ק"ג</UnitMeasure>
      <BisWeighted>1</BisWeighted>
      <QtyInPackage>1</QtyInPackage>
      <ItemPrice>138</ItemPrice>
      <UnitOfMeasurePrice>138</UnitOfMeasurePrice>
      <AllowDiscount>1</AllowDiscount>
      <itemStatus>1</itemStatus>
      <LastUpdateDate />
      <LastUpdateTime />
    </Product>
    <Product>
      <PriceUpdateDate>2018/07/09 14:50</PriceUpdateDate>
      <ItemCode>2596745</ItemCode>
      <ItemType>0</ItemType>
      <ItemName>פילה סול פוטית</ItemName>
      <ManufactureName>בשר לכל חיים פסקוביץ ובניו בעמ</ManufactureName>
      <ManufactureCountry />
      <ManufactureItemDescription />
      <UnitQty>ק"ג</UnitQty>
      <Quantity>10</Quantity>
      <UnitMeasure>100 גרם</UnitMeasure>
      <BisWeighted>1</BisWeighted>
      <QtyInPackage>1</QtyInPackage>
      <ItemPrice>26.90</ItemPrice>
      <UnitOfMeasurePrice>2.69</UnitOfMeasurePrice>
      <AllowDiscount>0</AllowDiscount>
      <itemStatus>1</itemStatus>
      <LastUpdateDate />
      <LastUpdateTime />
    </Product>
    <Product>
      <PriceUpdateDate>2019/11/13 12:10</PriceUpdateDate>
      <ItemCode>2621621</ItemCode>
      <ItemType>0</ItemType>
      <ItemName>בשר שריר מס 8 קפוא בלדי בדץ מוצפי</ItemName>
      <ManufactureName>בלדי בעמ</ManufactureName>
      <ManufactureCountry />
      <ManufactureItemDescription />
      <UnitQty>ק"ג</UnitQty>
      <Quantity>40</Quantity>
      <UnitMeasure>100 גרם</UnitMeasure>
      <BisWeighted>1</BisWeighted>
      <QtyInPackage>1</QtyInPackage>
      <ItemPrice>39.90</ItemPrice>
      <UnitOfMeasurePrice>1</UnitOfMeasurePrice>
      <AllowDiscount>0</AllowDiscount>
      <itemStatus>1</itemStatus>
      <LastUpdateDate />
      <LastUpdateTime />
    </Product>
    <Product>
      <PriceUpdateDate>2018/04/24 11:00</PriceUpdateDate>
      <ItemCode>2757177</ItemCode>
      <ItemType>0</ItemType>
      <ItemName>סטייק אנטריקוט מוכשר מעובד מופשר</ItemName>
      <ManufactureName>נטו בשרים</ManufactureName>
      <ManufactureCountry />
      <ManufactureItemDescription />
      <UnitQty>ק"ג</UnitQty>
      <Quantity>1</Quantity>
      <UnitMeasure />
      <BisWeighted>1</BisWeighted>
      <QtyInPackage>1</QtyInPackage>
      <ItemPrice>99</ItemPrice>
      <UnitOfMeasurePrice>99</UnitOfMeasurePrice>
      <AllowDiscount>1</AllowDiscount>
      <itemStatus>1</itemStatus>
      <LastUpdateDate />
      <LastUpdateTime />
    </Product>
    <Product>
      <PriceUpdateDate>2019/04/15 13:21</PriceUpdateDate>
      <ItemCode>2812522</ItemCode>
      <ItemType>0</ItemType>
      <ItemName>פרלמנט נייט ארוך חפיסה) (20</ItemName>
      <ManufactureName>פיליפ מוריס בעמ</ManufactureName>
      <ManufactureCountry />
      <ManufactureItemDescription />
      <UnitQty>יח`</UnitQty>
      <Quantity>1</Quantity>
      <UnitMeasure />
      <BisWeighted>0</BisWeighted>
      <QtyInPackage>1</QtyInPackage>
      <ItemPrice>38</ItemPrice>
      <UnitOfMeasurePrice>38</UnitOfMeasurePrice>
      <AllowDiscount>0</AllowDiscount>
      <itemStatus>1</itemStatus>
      <LastUpdateDate />
      <LastUpdateTime />
    </Product>
    <Product>
      <PriceUpdateDate>2019/04/15 13:21</PriceUpdateDate>
      <ItemCode>2814928</ItemCode>
      <ItemType>0</ItemType>
      <ItemName>פרלמנט קצר בודד</ItemName>
      <ManufactureName>פיליפ מוריס בעמ</ManufactureName>
      <ManufactureCountry />
      <ManufactureItemDescription />
      <UnitQty>יח`</UnitQty>
      <Quantity>1</Quantity>
      <UnitMeasure />
      <BisWeighted>0</BisWeighted>
      <QtyInPackage>1</QtyInPackage>
      <ItemPrice>38</ItemPrice>
      <UnitOfMeasurePrice>38</UnitOfMeasurePrice>
      <AllowDiscount>0</AllowDiscount>
      <itemStatus>1</itemStatus>
      <LastUpdateDate />
      <LastUpdateTime />
    </Product>
    <Product>
      <PriceUpdateDate>2019/07/29 13:00</PriceUpdateDate>
      <ItemCode>2833525</ItemCode>
      <ItemType>0</ItemType>
      <ItemName>מרלבורו רד חפיסה) (20</ItemName>
      <ManufactureName>פיליפ מוריס בעמ</ManufactureName>
      <ManufactureCountry />
      <ManufactureItemDescription />
      <UnitQty>יח`</UnitQty>
      <Quantity>1</Quantity>
      <UnitMeasure />
      <BisWeighted>0</BisWeighted>
      <QtyInPackage>1</QtyInPackage>
      <ItemPrice>32</ItemPrice>
      <UnitOfMeasurePrice>32</UnitOfMeasurePrice>
      <AllowDiscount>0</AllowDiscount>
      <itemStatus>1</itemStatus>
      <LastUpdateDate />
      <LastUpdateTime />
    </Product>
    <Product>
      <PriceUpdateDate>2019/04/15 13:21</PriceUpdateDate>
      <ItemCode>2876326</ItemCode>
      <ItemType>0</ItemType>
      <ItemName>פרלמנט קצר בלו בודד</ItemName>
      <ManufactureName>פיליפ מוריס בעמ</ManufactureName>
      <ManufactureCountry />
      <ManufactureItemDescription />
      <UnitQty>יח`</UnitQty>
      <Quantity>1</Quantity>
      <UnitMeasure />
      <BisWeighted>0</BisWeighted>
      <QtyInPackage>1</QtyInPackage>
      <ItemPrice>38</ItemPrice>
      <UnitOfMeasurePrice>38</UnitOfMeasurePrice>
      <AllowDiscount>0</AllowDiscount>
      <itemStatus>1</itemStatus>
      <LastUpdateDate />
      <LastUpdateTime />
    </Product>
    <Product>
      <PriceUpdateDate>2019/07/29 13:00</PriceUpdateDate>
      <ItemCode>2886925</ItemCode>
      <ItemType>0</ItemType>
      <ItemName>מרלבורו גולד חפיסה) (20</ItemName>
      <ManufactureName>פיליפ מוריס בעמ</ManufactureName>
      <ManufactureCountry />
      <ManufactureItemDescription />
      <UnitQty>יח`</UnitQty>
      <Quantity>1</Quantity>
      <UnitMeasure />
      <BisWeighted>0</BisWeighted>
      <QtyInPackage>1</QtyInPackage>
      <ItemPrice>32</ItemPrice>
      <UnitOfMeasurePrice>32</UnitOfMeasurePrice>
      <AllowDiscount>0</AllowDiscount>
      <itemStatus>1</itemStatus>
      <LastUpdateDate />
      <LastUpdateTime />
    </Product>
    <Product>
      <PriceUpdateDate>2020/01/12 16:21</PriceUpdateDate>
      <ItemCode>2919612</ItemCode>
      <ItemType>0</ItemType>
      <ItemName>אסאדו עגל קפוא מס 99 בעדני גלם מובי</ItemName>
      <ManufactureName>בלדי בעמ</ManufactureName>
      <ManufactureCountry />
      <ManufactureItemDescription />
      <UnitQty>ק"ג</UnitQty>
      <Quantity>1</Quantity>
      <UnitMeasure />
      <BisWeighted>1</BisWeighted>
      <QtyInPackage>1</QtyInPackage>
      <ItemPrice>39.90</ItemPrice>
      <UnitOfMeasurePrice>39.90</UnitOfMeasurePrice>
      <AllowDiscount>0</AllowDiscount>
      <itemStatus>1</itemStatus>
      <LastUpdateDate />
      <LastUpdateTime />
    </Product>
    <Product>
      <PriceUpdateDate>2020/05/03 09:24</PriceUpdateDate>
      <ItemCode>2929130</ItemCode>
      <ItemType>0</ItemType>
      <ItemName>דנאבלו גבינה+עובש משקל</ItemName>
      <ManufactureName>נטו מלינדה סחר בעמ</ManufactureName>
      <ManufactureCountry />
      <ManufactureItemDescription />
      <UnitQty>ק"ג</UnitQty>
      <Quantity>10</Quantity>
      <UnitMeasure>100 גרם</UnitMeasure>
      <BisWeighted>1</BisWeighted>
      <QtyInPackage>1</QtyInPackage>
      <ItemPrice>110</ItemPrice>
      <UnitOfMeasurePrice>11</UnitOfMeasurePrice>
      <AllowDiscount>0</AllowDiscount>
      <itemStatus>1</itemStatus>
      <LastUpdateDate />
      <LastUpdateTime />
    </Product>
    <Product>
      <PriceUpdateDate>2019/09/08 16:31</PriceUpdateDate>
      <ItemCode>2930808</ItemCode>
      <ItemType>0</ItemType>
      <ItemName>רבע כבש עטרה קפוא</ItemName>
      <ManufactureName>נטו בשרים</ManufactureName>
      <ManufactureCountry />
      <ManufactureItemDescription />
      <UnitQty>ק"ג</UnitQty>
      <Quantity>10</Quantity>
      <UnitMeasure>100 גרם</UnitMeasure>
      <BisWeighted>1</BisWeighted>
      <QtyInPackage>1</QtyInPackage>
      <ItemPrice>69.90</ItemPrice>
      <UnitOfMeasurePrice>6.99</UnitOfMeasurePrice>
      <AllowDiscount>1</AllowDiscount>
      <itemStatus>1</itemStatus>
      <LastUpdateDate />
      <LastUpdateTime />
    </Product>
    <Product>
      <PriceUpdateDate>2018/04/24 10:35</PriceUpdateDate>
      <ItemCode>2939177</ItemCode>
      <ItemType>0</ItemType>
      <ItemName>גרון הודו טרי א עטרה</ItemName>
      <ManufactureName>נטו מלינדה סחר - עטרה</ManufactureName>
      <ManufactureCountry />
      <ManufactureItemDescription />
      <UnitQty>ק"ג</UnitQty>
      <Quantity>1</Quantity>
      <UnitMeasure />
      <BisWeighted>1</BisWeighted>
      <QtyInPackage>1</QtyInPackage>
      <ItemPrice>28.90</ItemPrice>
      <UnitOfMeasurePrice>28.90</UnitOfMeasurePrice>
      <AllowDiscount>0</AllowDiscount>
      <itemStatus>1</itemStatus>
      <LastUpdateDate />
      <LastUpdateTime />
    </Product>
    <Product>
      <PriceUpdateDate>2020/01/10 08:22</PriceUpdateDate>
      <ItemCode>2996170</ItemCode>
      <ItemType>0</ItemType>
      <ItemName>סינטה קפוא רבנות</ItemName>
      <ManufactureName>עוף ירושלים שיווק בעמ</ManufactureName>
      <ManufactureCountry />
      <ManufactureItemDescription />
      <UnitQty>ק"ג</UnitQty>
      <Quantity>1</Quantity>
      <UnitMeasure />
      <BisWeighted>1</BisWeighted>
      <QtyInPackage>1</QtyInPackage>
      <ItemPrice>39.90</ItemPrice>
      <UnitOfMeasurePrice>39.90</UnitOfMeasurePrice>
      <AllowDiscount>1</AllowDiscount>
      <itemStatus>1</itemStatus>
      <LastUpdateDate />
      <LastUpdateTime />
    </Product>
    <Product>
      <PriceUpdateDate>2020/03/24 14:09</PriceUpdateDate>
      <ItemCode>3001316</ItemCode>
      <ItemType>0</ItemType>
      <ItemName>פילה אילתית סיני וואקום.</ItemName>
      <ManufactureName>ישראל פלדמן בעמ</ManufactureName>
      <ManufactureCountry />
      <ManufactureItemDescription />
      <UnitQty>ק"ג</UnitQty>
      <Quantity>0</Quantity>
      <UnitMeasure>100 גרם</UnitMeasure>
      <BisWeighted>1</BisWeighted>
      <QtyInPackage>1</QtyInPackage>
      <ItemPrice>29.90</ItemPrice>
      <UnitOfMeasurePrice>29.90</UnitOfMeasurePrice>
      <AllowDiscount>0</AllowDiscount>
      <itemStatus>1</itemStatus>
      <LastUpdateDate />
      <LastUpdateTime />
    </Product>
    <Product>
      <PriceUpdateDate>2018/04/24 09:37</PriceUpdateDate>
      <ItemCode>3031719</ItemCode>
      <ItemType>0</ItemType>
      <ItemName>נקניקיות הודו במשקל מחפוד טירת צבי</ItemName>
      <ManufactureName>תנובה קפואים</ManufactureName>
      <ManufactureCountry />
      <ManufactureItemDescription />
      <UnitQty>ק"ג</UnitQty>
      <Quantity>10</Quantity>
      <UnitMeasure>100 גרם</UnitMeasure>
      <BisWeighted>1</BisWeighted>
      <QtyInPackage>1</QtyInPackage>
      <ItemPrice>26</ItemPrice>
      <UnitOfMeasurePrice>2.60</UnitOfMeasurePrice>
      <AllowDiscount>0</AllowDiscount>
      <itemStatus>1</itemStatus>
      <LastUpdateDate />
      <LastUpdateTime />
    </Product>
    <Product>
      <PriceUpdateDate>2019/07/23 17:07</PriceUpdateDate>
      <ItemCode>3451050</ItemCode>
      <ItemType>0</ItemType>
      <ItemName>דג פילה מרלוזה סיני מוביל</ItemName>
      <ManufactureName>ג.ת. שיווק בן בקר בעמ</ManufactureName>
      <ManufactureCountry />
      <ManufactureItemDescription />
      <UnitQty>ק"ג</UnitQty>
      <Quantity>10</Quantity>
      <UnitMeasure>100 גרם</UnitMeasure>
      <BisWeighted>1</BisWeighted>
      <QtyInPackage>1</QtyInPackage>
      <ItemPrice>19.90</ItemPrice>
      <UnitOfMeasurePrice>1.99</UnitOfMeasurePrice>
      <AllowDiscount>0</AllowDiscount>
      <itemStatus>1</itemStatus>
      <LastUpdateDate />
      <LastUpdateTime />
    </Product>
    <Product>
      <PriceUpdateDate>2019/12/15 11:59</PriceUpdateDate>
      <ItemCode>3714942</ItemCode>
      <ItemType>0</ItemType>
      <ItemName>כבד קפוא פרוס מוכשר מעובד בקר מוביל</ItemName>
      <ManufactureName>ציון שמכה ובניו בעמ</ManufactureName>
      <ManufactureCountry />
      <ManufactureItemDescription />
      <UnitQty>ק"ג</UnitQty>
      <Quantity>0</Quantity>
      <UnitMeasure>100 גרם</UnitMeasure>
      <BisWeighted>1</BisWeighted>
      <QtyInPackage>1</QtyInPackage>
      <ItemPrice>19.90</ItemPrice>
      <UnitOfMeasurePrice>19.90</UnitOfMeasurePrice>
      <AllowDiscount>0</AllowDiscount>
      <itemStatus>1</itemStatus>
      <LastUpdateDate />
      <LastUpdateTime />
    </Product>
    <Product>
      <PriceUpdateDate>2018/04/24 12:23</PriceUpdateDate>
      <ItemCode>4014407</ItemCode>
      <ItemType>0</ItemType>
      <ItemName>אמ אנד אם עדשי חמאת בוטנים 46 גרם</ItemName>
      <ManufactureName>מרס ריגלי ישראל בעמ</ManufactureName>
      <ManufactureCountry />
      <ManufactureItemDescription />
      <UnitQty>יח`</UnitQty>
      <Quantity>1</Quantity>
      <UnitMeasure />
      <BisWeighted>0</BisWeighted>
      <QtyInPackage>1</QtyInPackage>
      <ItemPrice>4.90</ItemPrice>
      <UnitOfMeasurePrice>4.90</UnitOfMeasurePrice>
      <AllowDiscount>1</AllowDiscount>
      <itemStatus>1</itemStatus>
      <LastUpdateDate />
      <LastUpdateTime />
    </Product>
    <Product>
      <PriceUpdateDate>2018/04/24 13:04</PriceUpdateDate>
      <ItemCode>4043205</ItemCode>
      <ItemType>0</ItemType>
      <ItemName>מ@מס פיאנטס</ItemName>
      <ManufactureName>מרס ריגלי ישראל בעמ</ManufactureName>
      <ManufactureCountry />
      <ManufactureItemDescription />
      <UnitQty>יח`</UnitQty>
      <Quantity>0.9270</Quantity>
      <UnitMeasure>100 גרם</UnitMeasure>
      <BisWeighted>0</BisWeighted>
      <QtyInPackage>1</QtyInPackage>
      <ItemPrice>5.90</ItemPrice>
      <UnitOfMeasurePrice>6.36</UnitOfMeasurePrice>
      <AllowDiscount>0</AllowDiscount>
      <itemStatus>1</itemStatus>
      <LastUpdateDate />
      <LastUpdateTime />
    </Product>
    <Product>
      <PriceUpdateDate>2019/12/29 10:04</PriceUpdateDate>
      <ItemCode>4068332</ItemCode>
      <ItemType>0</ItemType>
      <ItemName>קממבר בקר משולשים מעדנייה גד</ItemName>
      <ManufactureName>מחלבות גד שיווק 1992 בעמ</ManufactureName>
      <ManufactureCountry />
      <ManufactureItemDescription />
      <UnitQty>ק"ג</UnitQty>
      <Quantity>10</Quantity>
      <UnitMeasure>100 גרם</UnitMeasure>
      <BisWeighted>1</BisWeighted>
      <QtyInPackage>1</QtyInPackage>
      <ItemPrice>115</ItemPrice>
      <UnitOfMeasurePrice>11.50</UnitOfMeasurePrice>
      <AllowDiscount>0</AllowDiscount>
      <itemStatus>1</itemStatus>
      <LastUpdateDate />
      <LastUpdateTime />
    </Product>
    <Product>
      <PriceUpdateDate>2020/05/03 09:24</PriceUpdateDate>
      <ItemCode>4068424</ItemCode>
      <ItemType>0</ItemType>
      <ItemName>גאודה בקר משולש מעדנייה גד</ItemName>
      <ManufactureName>מחלבות גד שיווק 1992 בעמ</ManufactureName>
      <ManufactureCountry />
      <ManufactureItemDescription />
      <UnitQty>ק"ג</UnitQty>
      <Quantity>10</Quantity>
      <UnitMeasure>100 גרם</UnitMeasure>
      <BisWeighted>1</BisWeighted>
      <QtyInPackage>1</QtyInPackage>
      <ItemPrice>108</ItemPrice>
      <UnitOfMeasurePrice>10.80</UnitOfMeasurePrice>
      <AllowDiscount>0</AllowDiscount>
      <itemStatus>1</itemStatus>
      <LastUpdateDate />
      <LastUpdateTime />
    </Product>
    <Product>
      <PriceUpdateDate>2020/05/03 09:24</PriceUpdateDate>
      <ItemCode>4068585</ItemCode>
      <ItemType>0</ItemType>
      <ItemName>גאודה עיזים משולש מעדנייה גד</ItemName>
      <ManufactureName>מחלבות גד שיווק 1992 בעמ</ManufactureName>
      <ManufactureCountry />
      <ManufactureItemDescription />
      <UnitQty>ק"ג</UnitQty>
      <Quantity>10</Quantity>
      <UnitMeasure>100 גרם</UnitMeasure>
      <BisWeighted>1</BisWeighted>
      <QtyInPackage>1</QtyInPackage>
      <ItemPrice>132</ItemPrice>
      <UnitOfMeasurePrice>13.20</UnitOfMeasurePrice>
      <AllowDiscount>0</AllowDiscount>
      <itemStatus>1</itemStatus>
      <LastUpdateDate />
      <LastUpdateTime />
    </Product>
    <Product>
      <PriceUpdateDate>2020/01/30 09:16</PriceUpdateDate>
      <ItemCode>4068912</ItemCode>
      <ItemType>0</ItemType>
      <ItemName>גרנה פדנו מעדנייה-גד </ItemName>
      <ManufactureName>מחלבות גד שיווק 1992 בעמ</ManufactureName>
      <ManufactureCountry />
      <ManufactureItemDescription />
      <UnitQty>ק"ג</UnitQty>
      <Quantity>10</Quantity>
      <UnitMeasure>100 גרם</UnitMeasure>
      <BisWeighted>1</BisWeighted>
      <QtyInPackage>1</QtyInPackage>
      <ItemPrice>149</ItemPrice>
      <UnitOfMeasurePrice>14.90</UnitOfMeasurePrice>
      <AllowDiscount>0</AllowDiscount>
      <itemStatus>1</itemStatus>
      <LastUpdateDate />
      <LastUpdateTime />
    </Product>
    <Product>
      <PriceUpdateDate>2018/08/08 12:35</PriceUpdateDate>
      <ItemCode>4122607</ItemCode>
      <ItemType>0</ItemType>
      <ItemName>עמק לייט 9% חריץ מעדניה צהובה</ItemName>
      <ManufactureName>תנובה - חלב</ManufactureName>
      <ManufactureCountry />
      <ManufactureItemDescription />
      <UnitQty>ק"ג</UnitQty>
      <Quantity>10</Quantity>
      <UnitMeasure>100 גרם</UnitMeasure>
      <BisWeighted>1</BisWeighted>
      <QtyInPackage>1</QtyInPackage>
      <ItemPrice>75</ItemPrice>
      <UnitOfMeasurePrice>7.50</UnitOfMeasurePrice>
      <AllowDiscount>0</AllowDiscount>
      <itemStatus>1</itemStatus>
      <LastUpdateDate />
      <LastUpdateTime />
    </Product>
    <Product>
      <PriceUpdateDate>2019/06/10 10:53</PriceUpdateDate>
      <ItemCode>4135324</ItemCode>
      <ItemType>0</ItemType>
      <ItemName>פיראוס בולגרית 5% מעודנת</ItemName>
      <ManufactureName>תנובה - חלב</ManufactureName>
      <ManufactureCountry />
      <ManufactureItemDescription />
      <UnitQty>ק"ג</UnitQty>
      <Quantity>10</Quantity>
      <UnitMeasure>100 גרם</UnitMeasure>
      <BisWeighted>1</BisWeighted>
      <QtyInPackage>1</QtyInPackage>
      <ItemPrice>43</ItemPrice>
      <UnitOfMeasurePrice>4.30</UnitOfMeasurePrice>
      <AllowDiscount>0</AllowDiscount>
      <itemStatus>1</itemStatus>
      <LastUpdateDate />
      <LastUpdateTime />
    </Product>
    <Product>
      <PriceUpdateDate>2019/06/10 10:53</PriceUpdateDate>
      <ItemCode>4136291</ItemCode>
      <ItemType>0</ItemType>
      <ItemName>צפתית/מעודנת 5%</ItemName>
      <ManufactureName>תנובה - חלב</ManufactureName>
      <ManufactureCountry />
      <ManufactureItemDescription />
      <UnitQty>ק"ג</UnitQty>
      <Quantity>10</Quantity>
      <UnitMeasure>100 גרם</UnitMeasure>
      <BisWeighted>1</BisWeighted>
      <QtyInPackage>1</QtyInPackage>
      <ItemPrice>51</ItemPrice>
      <UnitOfMeasurePrice>5.10</UnitOfMeasurePrice>
      <AllowDiscount>0</AllowDiscount>
      <itemStatus>1</itemStatus>
      <LastUpdateDate />
      <LastUpdateTime />
    </Product>
    <Product>
      <PriceUpdateDate>2020/01/31 07:57</PriceUpdateDate>
      <ItemCode>4193317</ItemCode>
      <ItemType>0</ItemType>
      <ItemName>חזה אסאדו כבש קפוא</ItemName>
      <ManufactureName>מאסטרפוד בעמ</ManufactureName>
      <ManufactureCountry />
      <ManufactureItemDescription />
      <UnitQty>ק"ג</UnitQty>
      <Quantity>1</Quantity>
      <UnitMeasure />
      <BisWeighted>1</BisWeighted>
      <QtyInPackage>1</QtyInPackage>
      <ItemPrice>39.90</ItemPrice>
      <UnitOfMeasurePrice>39.90</UnitOfMeasurePrice>
      <AllowDiscount>0</AllowDiscount>
      <itemStatus>1</itemStatus>
      <LastUpdateDate />
      <LastUpdateTime />
    </Product>
    <Product>
      <PriceUpdateDate>2020/02/24 08:44</PriceUpdateDate>
      <ItemCode>4193324</ItemCode>
      <ItemType>0</ItemType>
      <ItemName>כתף כבש קפוא חלק</ItemName>
      <ManufactureName>אדום גרופ למזון שיווק והפצה בע</ManufactureName>
      <ManufactureCountry />
      <ManufactureItemDescription />
      <UnitQty>ק"ג</UnitQty>
      <Quantity>1</Quantity>
      <UnitMeasure />
      <BisWeighted>1</BisWeighted>
      <QtyInPackage>1</QtyInPackage>
      <ItemPrice>59.90</ItemPrice>
      <UnitOfMeasurePrice>59.90</UnitOfMeasurePrice>
      <AllowDiscount>1</AllowDiscount>
      <itemStatus>1</itemStatus>
      <LastUpdateDate />
      <LastUpdateTime />
    </Product>
    <Product>
      <PriceUpdateDate>2020/05/03 09:24</PriceUpdateDate>
      <ItemCode>4229740</ItemCode>
      <ItemType>0</ItemType>
      <ItemName>סגנון פטה</ItemName>
      <ManufactureName>נטו מלינדה סחר בעמ</ManufactureName>
      <ManufactureCountry />
      <ManufactureItemDescription />
      <UnitQty>ק"ג</UnitQty>
      <Quantity>10</Quantity>
      <UnitMeasure>100 גרם</UnitMeasure>
      <BisWeighted>1</BisWeighted>
      <QtyInPackage>1</QtyInPackage>
      <ItemPrice>30</ItemPrice>
      <UnitOfMeasurePrice>3</UnitOfMeasurePrice>
      <AllowDiscount>0</AllowDiscount>
      <itemStatus>1</itemStatus>
      <LastUpdateDate />
      <LastUpdateTime />
    </Product>
    <Product>
      <PriceUpdateDate>2018/07/25 08:51</PriceUpdateDate>
      <ItemCode>7290004324605</ItemCode>
      <ItemType>1</ItemType>
      <ItemName>מון בלאן רוקפור 120 גר`</ItemName>
      <ManufactureName>נטו מלינדה סחר בעמ</ManufactureName>
      <ManufactureCountry />
      <ManufactureItemDescription />
      <UnitQty>יח`</UnitQty>
      <Quantity>1.20</Quantity>
      <UnitMeasure>100 גרם</UnitMeasure>
      <BisWeighted>0</BisWeighted>
      <QtyInPackage>1</QtyInPackage>
      <ItemPrice>13.90</ItemPrice>
      <UnitOfMeasurePrice>11.58</UnitOfMeasurePrice>
      <AllowDiscount>1</AllowDiscount>
      <itemStatus>1</itemStatus>
      <LastUpdateDate />
      <LastUpdateTime />
    </Product>
    <Product>
      <PriceUpdateDate>2020/04/19 08:11</PriceUpdateDate>
      <ItemCode>4456122</ItemCode>
      <ItemType>0</ItemType>
      <ItemName>צלעות כבש(קארה  ) קפוא טלה</ItemName>
      <ManufactureName>בלדי בעמ</ManufactureName>
      <ManufactureCountry />
      <ManufactureItemDescription />
      <UnitQty>ק"ג</UnitQty>
      <Quantity>1</Quantity>
      <UnitMeasure>100 גרם</UnitMeasure>
      <BisWeighted>1</BisWeighted>
      <QtyInPackage>1</QtyInPackage>
      <ItemPrice>118</ItemPrice>
      <UnitOfMeasurePrice>118</UnitOfMeasurePrice>
      <AllowDiscount>0</AllowDiscount>
      <itemStatus>1</itemStatus>
      <LastUpdateDate />
      <LastUpdateTime />
    </Product>
    <Product>
      <PriceUpdateDate>2020/05/03 09:24</PriceUpdateDate>
      <ItemCode>7290004982355</ItemCode>
      <ItemType>1</ItemType>
      <ItemName>צ`דר  טריפל- מעדנייה</ItemName>
      <ManufactureName>נטו מלינדה סחר בעמ</ManufactureName>
      <ManufactureCountry />
      <ManufactureItemDescription />
      <UnitQty>ק"ג</UnitQty>
      <Quantity>10</Quantity>
      <UnitMeasure>100 גרם</UnitMeasure>
      <BisWeighted>1</BisWeighted>
      <QtyInPackage>1</QtyInPackage>
      <ItemPrice>119</ItemPrice>
      <UnitOfMeasurePrice>11.90</UnitOfMeasurePrice>
      <AllowDiscount>0</AllowDiscount>
      <itemStatus>1</itemStatus>
      <LastUpdateDate />
      <LastUpdateTime />
    </Product>
    <Product>
      <PriceUpdateDate>2018/10/10 15:30</PriceUpdateDate>
      <ItemCode>7290005079290</ItemCode>
      <ItemType>1</ItemType>
      <ItemName>גבנצ 15% נעם חריץ מעדנייה</ItemName>
      <ManufactureName>החב` המרכזית - טרה</ManufactureName>
      <ManufactureCountry />
      <ManufactureItemDescription />
      <UnitQty>ק"ג</UnitQty>
      <Quantity>10</Quantity>
      <UnitMeasure>100 גרם</UnitMeasure>
      <BisWeighted>1</BisWeighted>
      <QtyInPackage>1</QtyInPackage>
      <ItemPrice>65</ItemPrice>
      <UnitOfMeasurePrice>6.50</UnitOfMeasurePrice>
      <AllowDiscount>0</AllowDiscount>
      <itemStatus>1</itemStatus>
      <LastUpdateDate />
      <LastUpdateTime />
    </Product>
    <Product>
      <PriceUpdateDate>2018/12/09 11:34</PriceUpdateDate>
      <ItemCode>5079412</ItemCode>
      <ItemType>0</ItemType>
      <ItemName>גבנצ חריץ אמנטל נעם מעדנייה</ItemName>
      <ManufactureName>החב` המרכזית - טרה</ManufactureName>
      <ManufactureCountry />
      <ManufactureItemDescription />
      <UnitQty>ק"ג</UnitQty>
      <Quantity>10</Quantity>
      <UnitMeasure>100 גרם</UnitMeasure>
      <BisWeighted>1</BisWeighted>
      <QtyInPackage>1</QtyInPackage>
      <ItemPrice>69</ItemPrice>
      <UnitOfMeasurePrice>6.90</UnitOfMeasurePrice>
      <AllowDiscount>0</AllowDiscount>
      <itemStatus>1</itemStatus>
      <LastUpdateDate />
      <LastUpdateTime />
    </Product>
    <Product>
      <PriceUpdateDate>2018/09/06 11:46</PriceUpdateDate>
      <ItemCode>5079474</ItemCode>
      <ItemType>0</ItemType>
      <ItemName>מוצרלה-נעם  מעדנייה</ItemName>
      <ManufactureName>החב` המרכזית - טרה</ManufactureName>
      <ManufactureCountry />
      <ManufactureItemDescription />
      <UnitQty>ק"ג</UnitQty>
      <Quantity>0</Quantity>
      <UnitMeasure>100 גרם</UnitMeasure>
      <BisWeighted>1</BisWeighted>
      <QtyInPackage>1</QtyInPackage>
      <ItemPrice>82</ItemPrice>
      <UnitOfMeasurePrice>82</UnitOfMeasurePrice>
      <AllowDiscount>0</AllowDiscount>
      <itemStatus>1</itemStatus>
      <LastUpdateDate />
      <LastUpdateTime />
    </Product>
    <Product>
      <PriceUpdateDate>2020/02/03 11:55</PriceUpdateDate>
      <ItemCode>5079511</ItemCode>
      <ItemType>0</ItemType>
      <ItemName>צפתית 5% מעדנייה</ItemName>
      <ManufactureName>החב` המרכזית - טרה</ManufactureName>
      <ManufactureCountry />
      <ManufactureItemDescription />
      <UnitQty>ק"ג</UnitQty>
      <Quantity>0</Quantity>
      <UnitMeasure>100 גרם</UnitMeasure>
      <BisWeighted>1</BisWeighted>
      <QtyInPackage>1</QtyInPackage>
      <ItemPrice>56</ItemPrice>
      <UnitOfMeasurePrice>56</UnitOfMeasurePrice>
      <AllowDiscount>0</AllowDiscount>
      <itemStatus>1</itemStatus>
      <LastUpdateDate />
      <LastUpdateTime />
    </Product>
    <Product>
      <PriceUpdateDate>2019/03/08 09:29</PriceUpdateDate>
      <ItemCode>5358005</ItemCode>
      <ItemType>0</ItemType>
      <ItemName>נסיכת הנילוס שלם.</ItemName>
      <ManufactureName>בשר לכל חיים פסקוביץ ובניו בעמ</ManufactureName>
      <ManufactureCountry />
      <ManufactureItemDescription />
      <UnitQty>ק"ג</UnitQty>
      <Quantity>10</Quantity>
      <UnitMeasure>100 גרם</UnitMeasure>
      <BisWeighted>1</BisWeighted>
      <QtyInPackage>1</QtyInPackage>
      <ItemPrice>24.90</ItemPrice>
      <UnitOfMeasurePrice>2.49</UnitOfMeasurePrice>
      <AllowDiscount>0</AllowDiscount>
      <itemStatus>1</itemStatus>
      <LastUpdateDate />
      <LastUpdateTime />
    </Product>
    <Product>
      <PriceUpdateDate>2019/12/22 17:05</PriceUpdateDate>
      <ItemCode>5358180</ItemCode>
      <ItemType>0</ItemType>
      <ItemName>ריאות בקר מעובד</ItemName>
      <ManufactureName>ציון שמכה ובניו בעמ</ManufactureName>
      <ManufactureCountry />
      <ManufactureItemDescription />
      <UnitQty>ק"ג</UnitQty>
      <Quantity>10</Quantity>
      <UnitMeasure>100 גרם</UnitMeasure>
      <BisWeighted>1</BisWeighted>
      <QtyInPackage>1</QtyInPackage>
      <ItemPrice>13.90</ItemPrice>
      <UnitOfMeasurePrice>1.39</UnitOfMeasurePrice>
      <AllowDiscount>0</AllowDiscount>
      <itemStatus>1</itemStatus>
      <LastUpdateDate />
      <LastUpdateTime />
    </Product>
    <Product>
      <PriceUpdateDate>2019/11/26 12:18</PriceUpdateDate>
      <ItemCode>5384295</ItemCode>
      <ItemType>0</ItemType>
      <ItemName>גבינה חצי קשה גאודה</ItemName>
      <ManufactureName>ג.וילי-פוד אינטרנשיונל בעמ</ManufactureName>
      <ManufactureCountry />
      <ManufactureItemDescription />
      <UnitQty>ק"ג</UnitQty>
      <Quantity>10</Quantity>
      <UnitMeasure>100 גרם</UnitMeasure>
      <BisWeighted>1</BisWeighted>
      <QtyInPackage>1</QtyInPackage>
      <ItemPrice>29</ItemPrice>
      <UnitOfMeasurePrice>2.90</UnitOfMeasurePrice>
      <AllowDiscount>0</AllowDiscount>
      <itemStatus>1</itemStatus>
      <LastUpdateDate />
      <LastUpdateTime />
    </Product>
    <Product>
      <PriceUpdateDate>2020/05/03 09:30</PriceUpdateDate>
      <ItemCode>5384356</ItemCode>
      <ItemType>0</ItemType>
      <ItemName>גבינה קשה למחצה אמנטל 28% שומן</ItemName>
      <ManufactureName>ג.וילי-פוד אינטרנשיונל בעמ</ManufactureName>
      <ManufactureCountry />
      <ManufactureItemDescription />
      <UnitQty>ק"ג</UnitQty>
      <Quantity>10</Quantity>
      <UnitMeasure>100 גרם</UnitMeasure>
      <BisWeighted>1</BisWeighted>
      <QtyInPackage>1</QtyInPackage>
      <ItemPrice>69</ItemPrice>
      <UnitOfMeasurePrice>6.90</UnitOfMeasurePrice>
      <AllowDiscount>0</AllowDiscount>
      <itemStatus>1</itemStatus>
      <LastUpdateDate />
      <LastUpdateTime />
    </Product>
    <Product>
      <PriceUpdateDate>2020/03/01 13:52</PriceUpdateDate>
      <ItemCode>5384899</ItemCode>
      <ItemType>0</ItemType>
      <ItemName>גבינת פטינה מעדניה</ItemName>
      <ManufactureName>ג.וילי-פוד אינטרנשיונל בעמ</ManufactureName>
      <ManufactureCountry />
      <ManufactureItemDescription />
      <UnitQty>ק"ג</UnitQty>
      <Quantity>10</Quantity>
      <UnitMeasure>100 גרם</UnitMeasure>
      <BisWeighted>1</BisWeighted>
      <QtyInPackage>1</QtyInPackage>
      <ItemPrice>30</ItemPrice>
      <UnitOfMeasurePrice>3</UnitOfMeasurePrice>
      <AllowDiscount>0</AllowDiscount>
      <itemStatus>1</itemStatus>
      <LastUpdateDate />
      <LastUpdateTime />
    </Product>
    <Product>
      <PriceUpdateDate>2020/02/05 08:40</PriceUpdateDate>
      <ItemCode>5387227</ItemCode>
      <ItemType>0</ItemType>
      <ItemName>בשר מס 8 שריר חלק מו</ItemName>
      <ManufactureName>לוי שמואל ובניו בעמ</ManufactureName>
      <ManufactureCountry />
      <ManufactureItemDescription />
      <UnitQty>ק"ג</UnitQty>
      <Quantity>1</Quantity>
      <UnitMeasure />
      <BisWeighted>1</BisWeighted>
      <QtyInPackage>1</QtyInPackage>
      <ItemPrice>29.90</ItemPrice>
      <UnitOfMeasurePrice>29.90</UnitOfMeasurePrice>
      <AllowDiscount>0</AllowDiscount>
      <itemStatus>1</itemStatus>
      <LastUpdateDate />
      <LastUpdateTime />
    </Product>
    <Product>
      <PriceUpdateDate>2020/02/03 11:55</PriceUpdateDate>
      <ItemCode>5992247</ItemCode>
      <ItemType>0</ItemType>
      <ItemName>חלומי 24% מעדנייה גד</ItemName>
      <ManufactureName>מחלבות גד שיווק 1992 בעמ</ManufactureName>
      <ManufactureCountry />
      <ManufactureItemDescription />
      <UnitQty>ק"ג</UnitQty>
      <Quantity>10</Quantity>
      <UnitMeasure>100 גרם</UnitMeasure>
      <BisWeighted>1</BisWeighted>
      <QtyInPackage>1</QtyInPackage>
      <ItemPrice>95</ItemPrice>
      <UnitOfMeasurePrice>9.50</UnitOfMeasurePrice>
      <AllowDiscount>0</AllowDiscount>
      <itemStatus>1</itemStatus>
      <LastUpdateDate />
      <LastUpdateTime />
    </Product>
    <Product>
      <PriceUpdateDate>2019/06/10 10:53</PriceUpdateDate>
      <ItemCode>5992667</ItemCode>
      <ItemType>0</ItemType>
      <ItemName>בולגרית מסורתית מעודנת 5%-16% מעדניה גד</ItemName>
      <ManufactureName>מחלבות גד שיווק 1992 בעמ</ManufactureName>
      <ManufactureCountry />
      <ManufactureItemDescription />
      <UnitQty>ק"ג</UnitQty>
      <Quantity>10</Quantity>
      <UnitMeasure>100 גרם</UnitMeasure>
      <BisWeighted>1</BisWeighted>
      <QtyInPackage>1</QtyInPackage>
      <ItemPrice>56</ItemPrice>
      <UnitOfMeasurePrice>5.60</UnitOfMeasurePrice>
      <AllowDiscount>0</AllowDiscount>
      <itemStatus>1</itemStatus>
      <LastUpdateDate />
      <LastUpdateTime />
    </Product>
    <Product>
      <PriceUpdateDate>2018/04/24 11:49</PriceUpdateDate>
      <ItemCode>5992858</ItemCode>
      <ItemType>0</ItemType>
      <ItemName>פטה עיזים 5%-20% גד מעדניה</ItemName>
      <ManufactureName>מחלבות גד שיווק 1992 בעמ</ManufactureName>
      <ManufactureCountry />
      <ManufactureItemDescription />
      <UnitQty>ק"ג</UnitQty>
      <Quantity>10</Quantity>
      <UnitMeasure>100 גרם</UnitMeasure>
      <BisWeighted>1</BisWeighted>
      <QtyInPackage>1</QtyInPackage>
      <ItemPrice>110</ItemPrice>
      <UnitOfMeasurePrice>11</UnitOfMeasurePrice>
      <AllowDiscount>0</AllowDiscount>
      <itemStatus>1</itemStatus>
      <LastUpdateDate />
      <LastUpdateTime />
    </Product>
    <Product>
      <PriceUpdateDate>2018/04/24 11:47</PriceUpdateDate>
      <ItemCode>6040619</ItemCode>
      <ItemType>0</ItemType>
      <ItemName>גבינת טבורוג 5% יבנה</ItemName>
      <ManufactureName>צ.י תעשיות מזון יבנה בעמ</ManufactureName>
      <ManufactureCountry />
      <ManufactureItemDescription />
      <UnitQty>ק"ג</UnitQty>
      <Quantity>10</Quantity>
      <UnitMeasure>100 גרם</UnitMeasure>
      <BisWeighted>1</BisWeighted>
      <QtyInPackage>1</QtyInPackage>
      <ItemPrice>22</ItemPrice>
      <UnitOfMeasurePrice>2.20</UnitOfMeasurePrice>
      <AllowDiscount>0</AllowDiscount>
      <itemStatus>1</itemStatus>
      <LastUpdateDate />
      <LastUpdateTime />
    </Product>
    <Product>
      <PriceUpdateDate>2019/08/04 10:24</PriceUpdateDate>
      <ItemCode>6131058</ItemCode>
      <ItemType>0</ItemType>
      <ItemName>פילה טונה בהירה ALBACARES אלבקור</ItemName>
      <ManufactureName>גול סחר בעמ</ManufactureName>
      <ManufactureCountry />
      <ManufactureItemDescription />
      <UnitQty>ק"ג</UnitQty>
      <Quantity>1</Quantity>
      <UnitMeasure />
      <BisWeighted>1</BisWeighted>
      <QtyInPackage>1</QtyInPackage>
      <ItemPrice>49.90</ItemPrice>
      <UnitOfMeasurePrice>49.90</UnitOfMeasurePrice>
      <AllowDiscount>0</AllowDiscount>
      <itemStatus>1</itemStatus>
      <LastUpdateDate />
      <LastUpdateTime />
    </Product>
    <Product>
      <PriceUpdateDate>2018/07/04 15:46</PriceUpdateDate>
      <ItemCode>6131188</ItemCode>
      <ItemType>0</ItemType>
      <ItemName>פילה סלמון</ItemName>
      <ManufactureName>נ.ת.נ.ג.ב החזקות יעוץ וניהול ב</ManufactureName>
      <ManufactureCountry />
      <ManufactureItemDescription />
      <UnitQty>ק"ג</UnitQty>
      <Quantity>10</Quantity>
      <UnitMeasure>100 גרם</UnitMeasure>
      <BisWeighted>1</BisWeighted>
      <QtyInPackage>1</QtyInPackage>
      <ItemPrice>69.90</ItemPrice>
      <UnitOfMeasurePrice>6.99</UnitOfMeasurePrice>
      <AllowDiscount>0</AllowDiscount>
      <itemStatus>1</itemStatus>
      <LastUpdateDate />
      <LastUpdateTime />
    </Product>
    <Product>
      <PriceUpdateDate>2018/04/24 10:17</PriceUpdateDate>
      <ItemCode>6131287</ItemCode>
      <ItemType>0</ItemType>
      <ItemName>פילה מרלוזה ארגנטנאי מוביל בלי עו</ItemName>
      <ManufactureName>גול סחר בעמ</ManufactureName>
      <ManufactureCountry />
      <ManufactureItemDescription />
      <UnitQty>ק"ג</UnitQty>
      <Quantity>10</Quantity>
      <UnitMeasure>100 גרם</UnitMeasure>
      <BisWeighted>1</BisWeighted>
      <QtyInPackage>1</QtyInPackage>
      <ItemPrice>29.90</ItemPrice>
      <UnitOfMeasurePrice>2.99</UnitOfMeasurePrice>
      <AllowDiscount>0</AllowDiscount>
      <itemStatus>1</itemStatus>
      <LastUpdateDate />
      <LastUpdateTime />
    </Product>
    <Product>
      <PriceUpdateDate>2018/04/24 10:30</PriceUpdateDate>
      <ItemCode>6131706</ItemCode>
      <ItemType>0</ItemType>
      <ItemName>פילה אמנון (מושט) קפוא</ItemName>
      <ManufactureName>נטו בשרים</ManufactureName>
      <ManufactureCountry />
      <ManufactureItemDescription />
      <UnitQty>ק"ג</UnitQty>
      <Quantity>10</Quantity>
      <UnitMeasure>100 גרם</UnitMeasure>
      <BisWeighted>1</BisWeighted>
      <QtyInPackage>1</QtyInPackage>
      <ItemPrice>29.90</ItemPrice>
      <UnitOfMeasurePrice>2.99</UnitOfMeasurePrice>
      <AllowDiscount>1</AllowDiscount>
      <itemStatus>1</itemStatus>
      <LastUpdateDate />
      <LastUpdateTime />
    </Product>
    <Product>
      <PriceUpdateDate>2019/07/23 12:30</PriceUpdateDate>
      <ItemCode>6131829</ItemCode>
      <ItemType>0</ItemType>
      <ItemName>פילה סלמון מנות מ</ItemName>
      <ManufactureName>נ.ת.נ.ג.ב החזקות יעוץ וניהול ב</ManufactureName>
      <ManufactureCountry />
      <ManufactureItemDescription />
      <UnitQty>ק"ג</UnitQty>
      <Quantity>10</Quantity>
      <UnitMeasure>100 גרם</UnitMeasure>
      <BisWeighted>1</BisWeighted>
      <QtyInPackage>1</QtyInPackage>
      <ItemPrice>74.90</ItemPrice>
      <UnitOfMeasurePrice>7.49</UnitOfMeasurePrice>
      <AllowDiscount>0</AllowDiscount>
      <itemStatus>1</itemStatus>
      <LastUpdateDate />
      <LastUpdateTime />
    </Product>
    <Product>
      <PriceUpdateDate>2018/06/05 10:54</PriceUpdateDate>
      <ItemCode>6131935</ItemCode>
      <ItemType>0</ItemType>
      <ItemName>טונה פרוס בוואקום</ItemName>
      <ManufactureName>גול סחר בעמ</ManufactureName>
      <ManufactureCountry />
      <ManufactureItemDescription />
      <UnitQty>ק"ג</UnitQty>
      <Quantity>10</Quantity>
      <UnitMeasure>100 גרם</UnitMeasure>
      <BisWeighted>1</BisWeighted>
      <QtyInPackage>1</QtyInPackage>
      <ItemPrice>39.90</ItemPrice>
      <UnitOfMeasurePrice>3.99</UnitOfMeasurePrice>
      <AllowDiscount>0</AllowDiscount>
      <itemStatus>1</itemStatus>
      <LastUpdateDate />
      <LastUpdateTime />
    </Product>
    <Product>
      <PriceUpdateDate>2020/04/01 10:17</PriceUpdateDate>
      <ItemCode>6153005</ItemCode>
      <ItemType>0</ItemType>
      <ItemName>צלעות טלה פרוס חלק קפוא כבש</ItemName>
      <ManufactureName>אדום גרופ למזון שיווק והפצה בע</ManufactureName>
      <ManufactureCountry />
      <ManufactureItemDescription />
      <UnitQty>ק"ג</UnitQty>
      <Quantity>1</Quantity>
      <UnitMeasure>100 גרם</UnitMeasure>
      <BisWeighted>1</BisWeighted>
      <QtyInPackage>1</QtyInPackage>
      <ItemPrice>129</ItemPrice>
      <UnitOfMeasurePrice>129</UnitOfMeasurePrice>
      <AllowDiscount>0</AllowDiscount>
      <itemStatus>1</itemStatus>
      <LastUpdateDate />
      <LastUpdateTime />
    </Product>
    <Product>
      <PriceUpdateDate>2020/03/01 17:57</PriceUpdateDate>
      <ItemCode>6464828</ItemCode>
      <ItemType>0</ItemType>
      <ItemName>בשר  מס`8 שריר</ItemName>
      <ManufactureName>בלדי בעמ</ManufactureName>
      <ManufactureCountry />
      <ManufactureItemDescription />
      <UnitQty>ק"ג</UnitQty>
      <Quantity>10</Quantity>
      <UnitMeasure>100 גרם</UnitMeasure>
      <BisWeighted>1</BisWeighted>
      <QtyInPackage>1</QtyInPackage>
      <ItemPrice>29.90</ItemPrice>
      <UnitOfMeasurePrice>2.99</UnitOfMeasurePrice>
      <AllowDiscount>0</AllowDiscount>
      <itemStatus>1</itemStatus>
      <LastUpdateDate />
      <LastUpdateTime />
    </Product>
    <Product>
      <PriceUpdateDate>2020/05/01 10:49</PriceUpdateDate>
      <ItemCode>6511010</ItemCode>
      <ItemType>0</ItemType>
      <ItemName>פרמז`נו במשקל</ItemName>
      <ManufactureName>ג.וילי-פוד אינטרנשיונל בעמ</ManufactureName>
      <ManufactureCountry />
      <ManufactureItemDescription />
      <UnitQty>ק"ג</UnitQty>
      <Quantity>10</Quantity>
      <UnitMeasure>100 גרם</UnitMeasure>
      <BisWeighted>1</BisWeighted>
      <QtyInPackage>1</QtyInPackage>
      <ItemPrice>95</ItemPrice>
      <UnitOfMeasurePrice>9.50</UnitOfMeasurePrice>
      <AllowDiscount>0</AllowDiscount>
      <itemStatus>1</itemStatus>
      <LastUpdateDate />
      <LastUpdateTime />
    </Product>
    <Product>
      <PriceUpdateDate>2020/03/17 10:12</PriceUpdateDate>
      <ItemCode>6707079</ItemCode>
      <ItemType>0</ItemType>
      <ItemName>כרעיים עוף קפוא</ItemName>
      <ManufactureName>עוף עוז שיווק בעמ</ManufactureName>
      <ManufactureCountry />
      <ManufactureItemDescription />
      <UnitQty>ק"ג</UnitQty>
      <Quantity>10</Quantity>
      <UnitMeasure>100 גרם</UnitMeasure>
      <BisWeighted>1</BisWeighted>
      <QtyInPackage>1</QtyInPackage>
      <ItemPrice>22.90</ItemPrice>
      <UnitOfMeasurePrice>2.29</UnitOfMeasurePrice>
      <AllowDiscount>0</AllowDiscount>
      <itemStatus>1</itemStatus>
      <LastUpdateDate />
      <LastUpdateTime />
    </Product>
    <Product>
      <PriceUpdateDate>2018/05/31 08:07</PriceUpdateDate>
      <ItemCode>6714213</ItemCode>
      <ItemType>0</ItemType>
      <ItemName>בשר צלי כתף מס 5</ItemName>
      <ManufactureName>מאסטרפוד בעמ</ManufactureName>
      <ManufactureCountry />
      <ManufactureItemDescription />
      <UnitQty>ק"ג</UnitQty>
      <Quantity>10</Quantity>
      <UnitMeasure>100 גרם</UnitMeasure>
      <BisWeighted>1</BisWeighted>
      <QtyInPackage>1</QtyInPackage>
      <ItemPrice>49.90</ItemPrice>
      <UnitOfMeasurePrice>4.99</UnitOfMeasurePrice>
      <AllowDiscount>0</AllowDiscount>
      <itemStatus>1</itemStatus>
      <LastUpdateDate />
      <LastUpdateTime />
    </Product>
    <Product>
      <PriceUpdateDate>2020/03/08 18:30</PriceUpdateDate>
      <ItemCode>7290006739544</ItemCode>
      <ItemType>1</ItemType>
      <ItemName>כתף בקר 3% שומן זוגלובק (300 גרם)</ItemName>
      <ManufactureName>זוגלובק שיווק בעמ</ManufactureName>
      <ManufactureCountry />
      <ManufactureItemDescription />
      <UnitQty>יח`</UnitQty>
      <Quantity>3</Quantity>
      <UnitMeasure>100 גרם</UnitMeasure>
      <BisWeighted>0</BisWeighted>
      <QtyInPackage>1</QtyInPackage>
      <ItemPrice>28.90</ItemPrice>
      <UnitOfMeasurePrice>9.63</UnitOfMeasurePrice>
      <AllowDiscount>1</AllowDiscount>
      <itemStatus>1</itemStatus>
      <LastUpdateDate />
      <LastUpdateTime />
    </Product>
    <Product>
      <PriceUpdateDate>2018/04/24 10:40</PriceUpdateDate>
      <ItemCode>6739810</ItemCode>
      <ItemType>0</ItemType>
      <ItemName>לשון בקר מוביל חלק</ItemName>
      <ManufactureName>אדום גרופ למזון שיווק והפצה בע</ManufactureName>
      <ManufactureCountry />
      <ManufactureItemDescription />
      <UnitQty>ק"ג</UnitQty>
      <Quantity>10</Quantity>
      <UnitMeasure>100 גרם</UnitMeasure>
      <BisWeighted>1</BisWeighted>
      <QtyInPackage>1</QtyInPackage>
      <ItemPrice>39.90</ItemPrice>
      <UnitOfMeasurePrice>3.99</UnitOfMeasurePrice>
      <AllowDiscount>0</AllowDiscount>
      <itemStatus>1</itemStatus>
      <LastUpdateDate />
      <LastUpdateTime />
    </Product>
    <Product>
      <PriceUpdateDate>2019/03/04 07:52</PriceUpdateDate>
      <ItemCode>8175777</ItemCode>
      <ItemType>0</ItemType>
      <ItemName>איבריקו ויליפוד</ItemName>
      <ManufactureName>ג.וילי-פוד אינטרנשיונל בעמ</ManufactureName>
      <ManufactureCountry />
      <ManufactureItemDescription />
      <UnitQty>ק"ג</UnitQty>
      <Quantity>10</Quantity>
      <UnitMeasure>100 גרם</UnitMeasure>
      <BisWeighted>1</BisWeighted>
      <QtyInPackage>1</QtyInPackage>
      <ItemPrice>99</ItemPrice>
      <UnitOfMeasurePrice>9.90</UnitOfMeasurePrice>
      <AllowDiscount>0</AllowDiscount>
      <itemStatus>1</itemStatus>
      <LastUpdateDate />
      <LastUpdateTime />
    </Product>
    <Product>
      <PriceUpdateDate>2019/09/02 10:55</PriceUpdateDate>
      <ItemCode>8175906</ItemCode>
      <ItemType>0</ItemType>
      <ItemName>גאודה מחלב עיזים חצי קשה 32%</ItemName>
      <ManufactureName>ג.וילי-פוד אינטרנשיונל בעמ</ManufactureName>
      <ManufactureCountry />
      <ManufactureItemDescription />
      <UnitQty>ק"ג</UnitQty>
      <Quantity>10</Quantity>
      <UnitMeasure>100 גרם</UnitMeasure>
      <BisWeighted>1</BisWeighted>
      <QtyInPackage>1</QtyInPackage>
      <ItemPrice>119</ItemPrice>
      <UnitOfMeasurePrice>11.90</UnitOfMeasurePrice>
      <AllowDiscount>0</AllowDiscount>
      <itemStatus>1</itemStatus>
      <LastUpdateDate />
      <LastUpdateTime />
    </Product>
    <Product>
      <PriceUpdateDate>2020/05/01 10:49</PriceUpdateDate>
      <ItemCode>8347730</ItemCode>
      <ItemType>0</ItemType>
      <ItemName>סלמון הילטון מצונן מעדניה</ItemName>
      <ManufactureName>נטו מלינדה סחר בעמ</ManufactureName>
      <ManufactureCountry />
      <ManufactureItemDescription />
      <UnitQty>ק"ג</UnitQty>
      <Quantity>0</Quantity>
      <UnitMeasure>100 גרם</UnitMeasure>
      <BisWeighted>1</BisWeighted>
      <QtyInPackage>1</QtyInPackage>
      <ItemPrice>179</ItemPrice>
      <UnitOfMeasurePrice>179</UnitOfMeasurePrice>
      <AllowDiscount>0</AllowDiscount>
      <itemStatus>1</itemStatus>
      <LastUpdateDate />
      <LastUpdateTime />
    </Product>
    <Product>
      <PriceUpdateDate>2020/02/03 11:55</PriceUpdateDate>
      <ItemCode>8403450</ItemCode>
      <ItemType>0</ItemType>
      <ItemName>מנצ`גו מעדנייה</ItemName>
      <ManufactureName>נטו מלינדה סחר בעמ</ManufactureName>
      <ManufactureCountry />
      <ManufactureItemDescription />
      <UnitQty>ק"ג</UnitQty>
      <Quantity>10</Quantity>
      <UnitMeasure>100 גרם</UnitMeasure>
      <BisWeighted>1</BisWeighted>
      <QtyInPackage>1</QtyInPackage>
      <ItemPrice>155</ItemPrice>
      <UnitOfMeasurePrice>15.50</UnitOfMeasurePrice>
      <AllowDiscount>0</AllowDiscount>
      <itemStatus>1</itemStatus>
      <LastUpdateDate />
      <LastUpdateTime />
    </Product>
    <Product>
      <PriceUpdateDate>2020/03/01 13:52</PriceUpdateDate>
      <ItemCode>8461047</ItemCode>
      <ItemType>0</ItemType>
      <ItemName>סיימן ברי לה רוסטיק מעדנייה</ItemName>
      <ManufactureName>נטו מלינדה סחר בעמ</ManufactureName>
      <ManufactureCountry />
      <ManufactureItemDescription />
      <UnitQty>ק"ג</UnitQty>
      <Quantity>10</Quantity>
      <UnitMeasure>100 גרם</UnitMeasure>
      <BisWeighted>1</BisWeighted>
      <QtyInPackage>1</QtyInPackage>
      <ItemPrice>145</ItemPrice>
      <UnitOfMeasurePrice>14.50</UnitOfMeasurePrice>
      <AllowDiscount>0</AllowDiscount>
      <itemStatus>1</itemStatus>
      <LastUpdateDate />
      <LastUpdateTime />
    </Product>
    <Product>
      <PriceUpdateDate>2018/12/31 08:23</PriceUpdateDate>
      <ItemCode>8462310</ItemCode>
      <ItemType>0</ItemType>
      <ItemName>סנט מור  במשקל- מעדנייה</ItemName>
      <ManufactureName>נטו מלינדה סחר בעמ</ManufactureName>
      <ManufactureCountry />
      <ManufactureItemDescription />
      <UnitQty>ק"ג</UnitQty>
      <Quantity>10</Quantity>
      <UnitMeasure>100 גרם</UnitMeasure>
      <BisWeighted>1</BisWeighted>
      <QtyInPackage>1</QtyInPackage>
      <ItemPrice>149</ItemPrice>
      <UnitOfMeasurePrice>14.90</UnitOfMeasurePrice>
      <AllowDiscount>0</AllowDiscount>
      <itemStatus>1</itemStatus>
      <LastUpdateDate />
      <LastUpdateTime />
    </Product>
    <Product>
      <PriceUpdateDate>2020/03/08 19:50</PriceUpdateDate>
      <ItemCode>7290008464222</ItemCode>
      <ItemType>1</ItemType>
      <ItemName>מכבי 7.9 500 פחית</ItemName>
      <ManufactureName>טמפו משקאות בעמ</ManufactureName>
      <ManufactureCountry />
      <ManufactureItemDescription />
      <UnitQty>יח`</UnitQty>
      <Quantity>1</Quantity>
      <UnitMeasure />
      <BisWeighted>0</BisWeighted>
      <QtyInPackage>1</QtyInPackage>
      <ItemPrice>7.50</ItemPrice>
      <UnitOfMeasurePrice>7.50</UnitOfMeasurePrice>
      <AllowDiscount>0</AllowDiscount>
      <itemStatus>1</itemStatus>
      <LastUpdateDate />
      <LastUpdateTime />
    </Product>
    <Product>
      <PriceUpdateDate>2020/03/15 15:56</PriceUpdateDate>
      <ItemCode>8577267</ItemCode>
      <ItemType>0</ItemType>
      <ItemName>עוף טרי שלם ארוז</ItemName>
      <ManufactureName>עוף עוז שיווק בעמ</ManufactureName>
      <ManufactureCountry />
      <ManufactureItemDescription />
      <UnitQty>ק"ג</UnitQty>
      <Quantity>1</Quantity>
      <UnitMeasure>ק"ג</UnitMeasure>
      <BisWeighted>1</BisWeighted>
      <QtyInPackage>1</QtyInPackage>
      <ItemPrice>21.90</ItemPrice>
      <UnitOfMeasurePrice>21.90</UnitOfMeasurePrice>
      <AllowDiscount>1</AllowDiscount>
      <itemStatus>1</itemStatus>
      <LastUpdateDate />
      <LastUpdateTime />
    </Product>
    <Product>
      <PriceUpdateDate>2020/01/23 15:18</PriceUpdateDate>
      <ItemCode>13581921</ItemCode>
      <ItemType>0</ItemType>
      <ItemName>סטייק עין פרגוואי  מוכשר/</ItemName>
      <ManufactureName>בלדי בעמ</ManufactureName>
      <ManufactureCountry />
      <ManufactureItemDescription />
      <UnitQty>ק"ג</UnitQty>
      <Quantity>0.01</Quantity>
      <UnitMeasure>100 גרם</UnitMeasure>
      <BisWeighted>1</BisWeighted>
      <QtyInPackage>1</QtyInPackage>
      <ItemPrice>39.90</ItemPrice>
      <UnitOfMeasurePrice>3990</UnitOfMeasurePrice>
      <AllowDiscount>0</AllowDiscount>
      <itemStatus>1</itemStatus>
      <LastUpdateDate />
      <LastUpdateTime />
    </Product>
    <Product>
      <PriceUpdateDate>2018/04/24 10:20</PriceUpdateDate>
      <ItemCode>32147230</ItemCode>
      <ItemType>0</ItemType>
      <ItemName>מיץ לימון 200 מל</ItemName>
      <ManufactureName>דנשר (1963) בעמ</ManufactureName>
      <ManufactureCountry />
      <ManufactureItemDescription />
      <UnitQty>יח`</UnitQty>
      <Quantity>2</Quantity>
      <UnitMeasure>100 מ"ל</UnitMeasure>
      <BisWeighted>0</BisWeighted>
      <QtyInPackage>1</QtyInPackage>
      <ItemPrice>8.90</ItemPrice>
      <UnitOfMeasurePrice>4.45</UnitOfMeasurePrice>
      <AllowDiscount>0</AllowDiscount>
      <itemStatus>1</itemStatus>
      <LastUpdateDate />
      <LastUpdateTime />
    </Product>
    <Product>
      <PriceUpdateDate>2019/12/22 17:04</PriceUpdateDate>
      <ItemCode>40084077</ItemCode>
      <ItemType>0</ItemType>
      <ItemName>קינדר מקסי 21ג</ItemName>
      <ManufactureName>פרימיום-חברה לדברי מתיקה ולמסח</ManufactureName>
      <ManufactureCountry />
      <ManufactureItemDescription />
      <UnitQty>יח`</UnitQty>
      <Quantity>0.21</Quantity>
      <UnitMeasure>100 גרם</UnitMeasure>
      <BisWeighted>0</BisWeighted>
      <QtyInPackage>1</QtyInPackage>
      <ItemPrice>1.90</ItemPrice>
      <UnitOfMeasurePrice>9.05</UnitOfMeasurePrice>
      <AllowDiscount>0</AllowDiscount>
      <itemStatus>1</itemStatus>
      <LastUpdateDate />
      <LastUpdateTime />
    </Product>
    <Product>
      <PriceUpdateDate>2019/12/22 17:04</PriceUpdateDate>
      <ItemCode>40084107</ItemCode>
      <ItemType>0</ItemType>
      <ItemName>קינדר ביצת הפתעה</ItemName>
      <ManufactureName>פרימיום-חברה לדברי מתיקה ולמסח</ManufactureName>
      <ManufactureCountry />
      <ManufactureItemDescription />
      <UnitQty>יח`</UnitQty>
      <Quantity>1</Quantity>
      <UnitMeasure />
      <BisWeighted>0</BisWeighted>
      <QtyInPackage>1</QtyInPackage>
      <ItemPrice>4.90</ItemPrice>
      <UnitOfMeasurePrice>4.90</UnitOfMeasurePrice>
      <AllowDiscount>0</AllowDiscount>
      <itemStatus>1</itemStatus>
      <LastUpdateDate />
      <LastUpdateTime />
    </Product>
    <Product>
      <PriceUpdateDate>2018/04/24 11:15</PriceUpdateDate>
      <ItemCode>40099132</ItemCode>
      <ItemType>0</ItemType>
      <ItemName>מסטיק בטעם תות הובה בובה (35 גרם)</ItemName>
      <ManufactureName>מרס ריגלי ישראל בעמ</ManufactureName>
      <ManufactureCountry />
      <ManufactureItemDescription />
      <UnitQty>יח`</UnitQty>
      <Quantity>0.35</Quantity>
      <UnitMeasure>100 גרם</UnitMeasure>
      <BisWeighted>0</BisWeighted>
      <QtyInPackage>1</QtyInPackage>
      <ItemPrice>3</ItemPrice>
      <UnitOfMeasurePrice>8.57</UnitOfMeasurePrice>
      <AllowDiscount>0</AllowDiscount>
      <itemStatus>1</itemStatus>
      <LastUpdateDate />
      <LastUpdateTime />
    </Product>
    <Product>
      <PriceUpdateDate>2018/04/24 09:41</PriceUpdateDate>
      <ItemCode>40111216</ItemCode>
      <ItemType>0</ItemType>
      <ItemName>באונטי חטיף שוקולד קוקוס 57 גרם</ItemName>
      <ManufactureName>מרס ריגלי ישראל בעמ</ManufactureName>
      <ManufactureCountry />
      <ManufactureItemDescription />
      <UnitQty>יח`</UnitQty>
      <Quantity>0.57</Quantity>
      <UnitMeasure>100 גרם</UnitMeasure>
      <BisWeighted>0</BisWeighted>
      <QtyInPackage>1</QtyInPackage>
      <ItemPrice>3.90</ItemPrice>
      <UnitOfMeasurePrice>6.84</UnitOfMeasurePrice>
      <AllowDiscount>1</AllowDiscount>
      <itemStatus>1</itemStatus>
      <LastUpdateDate />
      <LastUpdateTime />
    </Product>
    <Product>
      <PriceUpdateDate>2019/01/07 10:57</PriceUpdateDate>
      <ItemCode>42101666</ItemCode>
      <ItemType>0</ItemType>
      <ItemName>איירוייבז מנטה ואקליפטוס</ItemName>
      <ManufactureName>מרס ריגלי ישראל בעמ</ManufactureName>
      <ManufactureCountry />
      <ManufactureItemDescription />
      <UnitQty>יח`</UnitQty>
      <Quantity>1</Quantity>
      <UnitMeasure />
      <BisWeighted>0</BisWeighted>
      <QtyInPackage>1</QtyInPackage>
      <ItemPrice>5.90</ItemPrice>
      <UnitOfMeasurePrice>5.90</UnitOfMeasurePrice>
      <AllowDiscount>0</AllowDiscount>
      <itemStatus>1</itemStatus>
      <LastUpdateDate />
      <LastUpdateTime />
    </Product>
    <Product>
      <PriceUpdateDate>2018/04/24 09:15</PriceUpdateDate>
      <ItemCode>42123866</ItemCode>
      <ItemType>0</ItemType>
      <ItemName>הובה בובה קלאסי</ItemName>
      <ManufactureName>מרס ריגלי ישראל בעמ</ManufactureName>
      <ManufactureCountry />
      <ManufactureItemDescription />
      <UnitQty>יח`</UnitQty>
      <Quantity>0.35</Quantity>
      <UnitMeasure>100 גרם</UnitMeasure>
      <BisWeighted>0</BisWeighted>
      <QtyInPackage>1</QtyInPackage>
      <ItemPrice>3</ItemPrice>
      <UnitOfMeasurePrice>8.57</UnitOfMeasurePrice>
      <AllowDiscount>0</AllowDiscount>
      <itemStatus>1</itemStatus>
      <LastUpdateDate />
      <LastUpdateTime />
    </Product>
    <Product>
      <PriceUpdateDate>2018/08/06 15:26</PriceUpdateDate>
      <ItemCode>42288923</ItemCode>
      <ItemType>0</ItemType>
      <ItemName>רול און פרש לאישה FLOWER - (0% Aluminum)</ItemName>
      <ManufactureName>אלפא- ב.ד.ף בעמ</ManufactureName>
      <ManufactureCountry />
      <ManufactureItemDescription />
      <UnitQty>יח`</UnitQty>
      <Quantity>1</Quantity>
      <UnitMeasure />
      <BisWeighted>0</BisWeighted>
      <QtyInPackage>1</QtyInPackage>
      <ItemPrice>14.90</ItemPrice>
      <UnitOfMeasurePrice>14.90</UnitOfMeasurePrice>
      <AllowDiscount>1</AllowDiscount>
      <itemStatus>1</itemStatus>
      <LastUpdateDate />
      <LastUpdateTime />
    </Product>
    <Product>
      <PriceUpdateDate>2018/04/24 12:32</PriceUpdateDate>
      <ItemCode>42306788</ItemCode>
      <ItemType>0</ItemType>
      <ItemName>איירוייבז אוכמניות ומנטה</ItemName>
      <ManufactureName>מרס ריגלי ישראל בעמ</ManufactureName>
      <ManufactureCountry />
      <ManufactureItemDescription />
      <UnitQty>יח`</UnitQty>
      <Quantity>1</Quantity>
      <UnitMeasure />
      <BisWeighted>0</BisWeighted>
      <QtyInPackage>1</QtyInPackage>
      <ItemPrice>5.90</ItemPrice>
      <UnitOfMeasurePrice>5.90</UnitOfMeasurePrice>
      <AllowDiscount>0</AllowDiscount>
      <itemStatus>1</itemStatus>
      <LastUpdateDate />
      <LastUpdateTime />
    </Product>
    <Product>
      <PriceUpdateDate>2018/06/14 09:25</PriceUpdateDate>
      <ItemCode>46024817</ItemCode>
      <ItemType>0</ItemType>
      <ItemName>נקסט FF בודד</ItemName>
      <ManufactureName>פיליפ מוריס בעמ</ManufactureName>
      <ManufactureCountry />
      <ManufactureItemDescription />
      <UnitQty>יח`</UnitQty>
      <Quantity>1</Quantity>
      <UnitMeasure />
      <BisWeighted>0</BisWeighted>
      <QtyInPackage>1</QtyInPackage>
      <ItemPrice>27</ItemPrice>
      <UnitOfMeasurePrice>27</UnitOfMeasurePrice>
      <AllowDiscount>0</AllowDiscount>
      <itemStatus>1</itemStatus>
      <LastUpdateDate />
      <LastUpdateTime />
    </Product>
    <Product>
      <PriceUpdateDate>2018/06/14 09:25</PriceUpdateDate>
      <ItemCode>46024824</ItemCode>
      <ItemType>0</ItemType>
      <ItemName>נקסט לייט חפיסה) (20</ItemName>
      <ManufactureName>פיליפ מוריס בעמ</ManufactureName>
      <ManufactureCountry />
      <ManufactureItemDescription />
      <UnitQty>יח`</UnitQty>
      <Quantity>1</Quantity>
      <UnitMeasure />
      <BisWeighted>0</BisWeighted>
      <QtyInPackage>1</QtyInPackage>
      <ItemPrice>27</ItemPrice>
      <UnitOfMeasurePrice>27</UnitOfMeasurePrice>
      <AllowDiscount>0</AllowDiscount>
      <itemStatus>1</itemStatus>
      <LastUpdateDate />
      <LastUpdateTime />
    </Product>
    <Product>
      <PriceUpdateDate>2019/01/07 10:57</PriceUpdateDate>
      <ItemCode>57300443</ItemCode>
      <ItemType>0</ItemType>
      <ItemName>כבד דג שיבוט במיץ טבעי אופיסר (120 גרם)</ItemName>
      <ManufactureName>דיפלומט היינץ</ManufactureName>
      <ManufactureCountry />
      <ManufactureItemDescription />
      <UnitQty>יח`</UnitQty>
      <Quantity>1.20</Quantity>
      <UnitMeasure>100 גרם</UnitMeasure>
      <BisWeighted>0</BisWeighted>
      <QtyInPackage>1</QtyInPackage>
      <ItemPrice>13.90</ItemPrice>
      <UnitOfMeasurePrice>11.58</UnitOfMeasurePrice>
      <AllowDiscount>0</AllowDiscount>
      <itemStatus>1</itemStatus>
      <LastUpdateDate />
      <LastUpdateTime />
    </Product>
    <Product>
      <PriceUpdateDate>2018/04/24 11:11</PriceUpdateDate>
      <ItemCode>59039549</ItemCode>
      <ItemType>0</ItemType>
      <ItemName>ווג פריזון לייט</ItemName>
      <ManufactureName>גלוברנדס בעמ - שיווק סיגריות</ManufactureName>
      <ManufactureCountry />
      <ManufactureItemDescription />
      <UnitQty>יח`</UnitQty>
      <Quantity>1</Quantity>
      <UnitMeasure />
      <BisWeighted>0</BisWeighted>
      <QtyInPackage>1</QtyInPackage>
      <ItemPrice>37</ItemPrice>
      <UnitOfMeasurePrice>37</UnitOfMeasurePrice>
      <AllowDiscount>0</AllowDiscount>
      <itemStatus>1</itemStatus>
      <LastUpdateDate />
      <LastUpdateTime />
    </Product>
    <Product>
      <PriceUpdateDate>2018/04/24 09:53</PriceUpdateDate>
      <ItemCode>72917367</ItemCode>
      <ItemType>0</ItemType>
      <ItemName>חטיף טעמי עלית (40 גרם)</ItemName>
      <ManufactureName>שטראוס גרופ בעמ</ManufactureName>
      <ManufactureCountry />
      <ManufactureItemDescription />
      <UnitQty>יח`</UnitQty>
      <Quantity>0.40</Quantity>
      <UnitMeasure>100 גרם</UnitMeasure>
      <BisWeighted>0</BisWeighted>
      <QtyInPackage>1</QtyInPackage>
      <ItemPrice>3.90</ItemPrice>
      <UnitOfMeasurePrice>9.75</UnitOfMeasurePrice>
      <AllowDiscount>1</AllowDiscount>
      <itemStatus>1</itemStatus>
      <LastUpdateDate />
      <LastUpdateTime />
    </Product>
    <Product>
      <PriceUpdateDate>2018/04/24 09:53</PriceUpdateDate>
      <ItemCode>72917589</ItemCode>
      <ItemType>0</ItemType>
      <ItemName>חטיף מקופלת עלית (25 גרם)</ItemName>
      <ManufactureName>שטראוס גרופ בעמ</ManufactureName>
      <ManufactureCountry />
      <ManufactureItemDescription />
      <UnitQty>יח`</UnitQty>
      <Quantity>0.25</Quantity>
      <UnitMeasure>100 גרם</UnitMeasure>
      <BisWeighted>0</BisWeighted>
      <QtyInPackage>1</QtyInPackage>
      <ItemPrice>3.90</ItemPrice>
      <UnitOfMeasurePrice>15.60</UnitOfMeasurePrice>
      <AllowDiscount>1</AllowDiscount>
      <itemStatus>1</itemStatus>
      <LastUpdateDate />
      <LastUpdateTime />
    </Product>
    <Product>
      <PriceUpdateDate>2018/04/24 09:53</PriceUpdateDate>
      <ItemCode>72917893</ItemCode>
      <ItemType>0</ItemType>
      <ItemName>פסק זמן חטיף קלאסי עלית (45 גרם)</ItemName>
      <ManufactureName>שטראוס גרופ בעמ</ManufactureName>
      <ManufactureCountry />
      <ManufactureItemDescription />
      <UnitQty>יח`</UnitQty>
      <Quantity>0.45</Quantity>
      <UnitMeasure>100 גרם</UnitMeasure>
      <BisWeighted>0</BisWeighted>
      <QtyInPackage>1</QtyInPackage>
      <ItemPrice>4.90</ItemPrice>
      <UnitOfMeasurePrice>10.89</UnitOfMeasurePrice>
      <AllowDiscount>0</AllowDiscount>
      <itemStatus>1</itemStatus>
      <LastUpdateDate />
      <LastUpdateTime />
    </Product>
    <Product>
      <PriceUpdateDate>2018/04/24 09:53</PriceUpdateDate>
      <ItemCode>72918388</ItemCode>
      <ItemType>0</ItemType>
      <ItemName>טוויסט</ItemName>
      <ManufactureName>שטראוס גרופ בעמ</ManufactureName>
      <ManufactureCountry />
      <ManufactureItemDescription />
      <UnitQty>יח`</UnitQty>
      <Quantity>0.28</Quantity>
      <UnitMeasure>100 גרם</UnitMeasure>
      <BisWeighted>0</BisWeighted>
      <QtyInPackage>1</QtyInPackage>
      <ItemPrice>3.90</ItemPrice>
      <UnitOfMeasurePrice>13.93</UnitOfMeasurePrice>
      <AllowDiscount>1</AllowDiscount>
      <itemStatus>1</itemStatus>
      <LastUpdateDate />
      <LastUpdateTime />
    </Product>
    <Product>
      <PriceUpdateDate>2018/04/24 10:35</PriceUpdateDate>
      <ItemCode>72940754</ItemCode>
      <ItemType>0</ItemType>
      <ItemName>מילקי וניל</ItemName>
      <ManufactureName>שטראוס גרופ בעמ/מצונן</ManufactureName>
      <ManufactureCountry />
      <ManufactureItemDescription />
      <UnitQty>יח`</UnitQty>
      <Quantity>1.30</Quantity>
      <UnitMeasure>100 מ"ל</UnitMeasure>
      <BisWeighted>0</BisWeighted>
      <QtyInPackage>1</QtyInPackage>
      <ItemPrice>2.70</ItemPrice>
      <UnitOfMeasurePrice>2.08</UnitOfMeasurePrice>
      <AllowDiscount>0</AllowDiscount>
      <itemStatus>1</itemStatus>
      <LastUpdateDate />
      <LastUpdateTime />
    </Product>
    <Product>
      <PriceUpdateDate>2018/04/24 10:35</PriceUpdateDate>
      <ItemCode>72940761</ItemCode>
      <ItemType>0</ItemType>
      <ItemName>מילקי שוקו</ItemName>
      <ManufactureName>שטראוס גרופ בעמ/מצונן</ManufactureName>
      <ManufactureCountry />
      <ManufactureItemDescription />
      <UnitQty>יח`</UnitQty>
      <Quantity>1.30</Quantity>
      <UnitMeasure>100 מ"ל</UnitMeasure>
      <BisWeighted>0</BisWeighted>
      <QtyInPackage>1</QtyInPackage>
      <ItemPrice>2.70</ItemPrice>
      <UnitOfMeasurePrice>2.08</UnitOfMeasurePrice>
      <AllowDiscount>0</AllowDiscount>
      <itemStatus>1</itemStatus>
      <LastUpdateDate />
      <LastUpdateTime />
    </Product>
    <Product>
      <PriceUpdateDate>2018/04/24 10:35</PriceUpdateDate>
      <ItemCode>72940952</ItemCode>
      <ItemType>0</ItemType>
      <ItemName>מילקי פי 2 קצפת</ItemName>
      <ManufactureName>שטראוס גרופ בעמ/מצונן</ManufactureName>
      <ManufactureCountry />
      <ManufactureItemDescription />
      <UnitQty>יח`</UnitQty>
      <Quantity>1.70</Quantity>
      <UnitMeasure>100 מ"ל</UnitMeasure>
      <BisWeighted>0</BisWeighted>
      <QtyInPackage>1</QtyInPackage>
      <ItemPrice>3.70</ItemPrice>
      <UnitOfMeasurePrice>2.18</UnitOfMeasurePrice>
      <AllowDiscount>0</AllowDiscount>
      <itemStatus>1</itemStatus>
      <LastUpdateDate />
      <LastUpdateTime />
    </Product>
    <Product>
      <PriceUpdateDate>2018/04/24 10:35</PriceUpdateDate>
      <ItemCode>72940976</ItemCode>
      <ItemType>0</ItemType>
      <ItemName>כרוב אדום 250</ItemName>
      <ManufactureName>שטראוס גרופ בעמ/מצונן</ManufactureName>
      <ManufactureCountry />
      <ManufactureItemDescription />
      <UnitQty>יח`</UnitQty>
      <Quantity>2.50</Quantity>
      <UnitMeasure>100 גרם</UnitMeasure>
      <BisWeighted>0</BisWeighted>
      <QtyInPackage>1</QtyInPackage>
      <ItemPrice>8.90</ItemPrice>
      <UnitOfMeasurePrice>3.56</UnitOfMeasurePrice>
      <AllowDiscount>0</AllowDiscount>
      <itemStatus>1</itemStatus>
      <LastUpdateDate />
      <LastUpdateTime />
    </Product>
    <Product>
      <PriceUpdateDate>2018/04/24 10:35</PriceUpdateDate>
      <ItemCode>72940983</ItemCode>
      <ItemType>0</ItemType>
      <ItemName>חומוס אחלה 250 גר</ItemName>
      <ManufactureName>שטראוס גרופ בעמ/מצונן</ManufactureName>
      <ManufactureCountry />
      <ManufactureItemDescription />
      <UnitQty>יח`</UnitQty>
      <Quantity>2.50</Quantity>
      <UnitMeasure>100 גרם</UnitMeasure>
      <BisWeighted>0</BisWeighted>
      <QtyInPackage>1</QtyInPackage>
      <ItemPrice>6.90</ItemPrice>
      <UnitOfMeasurePrice>2.76</UnitOfMeasurePrice>
      <AllowDiscount>0</AllowDiscount>
      <itemStatus>1</itemStatus>
      <LastUpdateDate />
      <LastUpdateTime />
    </Product>
    <Product>
      <PriceUpdateDate>2018/04/24 10:35</PriceUpdateDate>
      <ItemCode>72941041</ItemCode>
      <ItemType>0</ItemType>
      <ItemName>מילקי מיני שוקולד</ItemName>
      <ManufactureName>שטראוס גרופ בעמ/מצונן</ManufactureName>
      <ManufactureCountry />
      <ManufactureItemDescription />
      <UnitQty>יח`</UnitQty>
      <Quantity>1.30</Quantity>
      <UnitMeasure>100 מ"ל</UnitMeasure>
      <BisWeighted>0</BisWeighted>
      <QtyInPackage>1</QtyInPackage>
      <ItemPrice>2</ItemPrice>
      <UnitOfMeasurePrice>1.54</UnitOfMeasurePrice>
      <AllowDiscount>0</AllowDiscount>
      <itemStatus>1</itemStatus>
      <LastUpdateDate />
      <LastUpdateTime />
    </Product>
    <Product>
      <PriceUpdateDate>2018/08/08 12:35</PriceUpdateDate>
      <ItemCode>72961513</ItemCode>
      <ItemType>0</ItemType>
      <ItemName>יוגורט עם משמש 1.5% פרילי (125 גרם)</ItemName>
      <ManufactureName>תנובה - חלב</ManufactureName>
      <ManufactureCountry />
      <ManufactureItemDescription />
      <UnitQty>יח`</UnitQty>
      <Quantity>1.25</Quantity>
      <UnitMeasure>100 מ"ל</UnitMeasure>
      <BisWeighted>0</BisWeighted>
      <QtyInPackage>1</QtyInPackage>
      <ItemPrice>3.50</ItemPrice>
      <UnitOfMeasurePrice>2.80</UnitOfMeasurePrice>
      <AllowDiscount>0</AllowDiscount>
      <itemStatus>1</itemStatus>
      <LastUpdateDate />
      <LastUpdateTime />
    </Product>
    <Product>
      <PriceUpdateDate>2019/06/19 09:52</PriceUpdateDate>
      <ItemCode>72963104</ItemCode>
      <ItemType>0</ItemType>
      <ItemName>חמאה תנובה (100  גרם)פיקוח</ItemName>
      <ManufactureName>תנובה - חלב</ManufactureName>
      <ManufactureCountry />
      <ManufactureItemDescription />
      <UnitQty>יח`</UnitQty>
      <Quantity>1</Quantity>
      <UnitMeasure>100 גרם</UnitMeasure>
      <BisWeighted>0</BisWeighted>
      <QtyInPackage>1</QtyInPackage>
      <ItemPrice>3.94</ItemPrice>
      <UnitOfMeasurePrice>3.94</UnitOfMeasurePrice>
      <AllowDiscount>0</AllowDiscount>
      <itemStatus>1</itemStatus>
      <LastUpdateDate />
      <LastUpdateTime />
    </Product>
    <Product>
      <PriceUpdateDate>2018/08/08 12:35</PriceUpdateDate>
      <ItemCode>72963753</ItemCode>
      <ItemType>0</ItemType>
      <ItemName>שמנת של פעם 27% תנובה (200 גרם)</ItemName>
      <ManufactureName>תנובה - חלב</ManufactureName>
      <ManufactureCountry />
      <ManufactureItemDescription />
      <UnitQty>יח`</UnitQty>
      <Quantity>2</Quantity>
      <UnitMeasure>100 מ"ל</UnitMeasure>
      <BisWeighted>0</BisWeighted>
      <QtyInPackage>1</QtyInPackage>
      <ItemPrice>4.20</ItemPrice>
      <UnitOfMeasurePrice>2.10</UnitOfMeasurePrice>
      <AllowDiscount>0</AllowDiscount>
      <itemStatus>1</itemStatus>
      <LastUpdateDate />
      <LastUpdateTime />
    </Product>
    <Product>
      <PriceUpdateDate>2018/08/08 12:35</PriceUpdateDate>
      <ItemCode>72964132</ItemCode>
      <ItemType>0</ItemType>
      <ItemName>טבעגורט 200מל ל</ItemName>
      <ManufactureName>תנובה - חלב</ManufactureName>
      <ManufactureCountry />
      <ManufactureItemDescription />
      <UnitQty>יח`</UnitQty>
      <Quantity>2</Quantity>
      <UnitMeasure>100 מ"ל</UnitMeasure>
      <BisWeighted>0</BisWeighted>
      <QtyInPackage>1</QtyInPackage>
      <ItemPrice>5.10</ItemPrice>
      <UnitOfMeasurePrice>2.55</UnitOfMeasurePrice>
      <AllowDiscount>0</AllowDiscount>
      <itemStatus>1</itemStatus>
      <LastUpdateDate />
      <LastUpdateTime />
    </Product>
    <Product>
      <PriceUpdateDate>2019/01/07 10:57</PriceUpdateDate>
      <ItemCode>72964422</ItemCode>
      <ItemType>0</ItemType>
      <ItemName>יוגורט לבן 4.5% תנובה (200 מל)</ItemName>
      <ManufactureName>תנובה - חלב</ManufactureName>
      <ManufactureCountry />
      <ManufactureItemDescription />
      <UnitQty>יח`</UnitQty>
      <Quantity>2</Quantity>
      <UnitMeasure>100 מ"ל</UnitMeasure>
      <BisWeighted>0</BisWeighted>
      <QtyInPackage>1</QtyInPackage>
      <ItemPrice>2.90</ItemPrice>
      <UnitOfMeasurePrice>1.45</UnitOfMeasurePrice>
      <AllowDiscount>0</AllowDiscount>
      <itemStatus>1</itemStatus>
      <LastUpdateDate />
      <LastUpdateTime />
    </Product>
    <Product>
      <PriceUpdateDate>2018/08/08 12:35</PriceUpdateDate>
      <ItemCode>72986233</ItemCode>
      <ItemType>0</ItemType>
      <ItemName>מעדן חלב בטעם וניל באדי (125 גרם)</ItemName>
      <ManufactureName>תנובה - חלב</ManufactureName>
      <ManufactureCountry />
      <ManufactureItemDescription />
      <UnitQty>יח`</UnitQty>
      <Quantity>1.25</Quantity>
      <UnitMeasure>100 מ"ל</UnitMeasure>
      <BisWeighted>0</BisWeighted>
      <QtyInPackage>1</QtyInPackage>
      <ItemPrice>2.90</ItemPrice>
      <UnitOfMeasurePrice>2.32</UnitOfMeasurePrice>
      <AllowDiscount>0</AllowDiscount>
      <itemStatus>1</itemStatus>
      <LastUpdateDate />
      <LastUpdateTime />
    </Product>
    <Product>
      <PriceUpdateDate>2018/04/24 10:34</PriceUpdateDate>
      <ItemCode>72986370</ItemCode>
      <ItemType>0</ItemType>
      <ItemName>גלידת פיינטים וניל צרפתי בן אנד גריס</ItemName>
      <ManufactureName>מוצרי איכות אמריקאיים בעמ</ManufactureName>
      <ManufactureCountry />
      <ManufactureItemDescription />
      <UnitQty>יח`</UnitQty>
      <Quantity>4.20</Quantity>
      <UnitMeasure>100 מ"ל</UnitMeasure>
      <BisWeighted>0</BisWeighted>
      <QtyInPackage>1</QtyInPackage>
      <ItemPrice>19.90</ItemPrice>
      <UnitOfMeasurePrice>4.74</UnitOfMeasurePrice>
      <AllowDiscount>1</AllowDiscount>
      <itemStatus>1</itemStatus>
      <LastUpdateDate />
      <LastUpdateTime />
    </Product>
    <Product>
      <PriceUpdateDate>2018/04/24 10:34</PriceUpdateDate>
      <ItemCode>72986424</ItemCode>
      <ItemType>0</ItemType>
      <ItemName>גלידת פיינטים קרם עוגיות</ItemName>
      <ManufactureName>מוצרי איכות אמריקאיים בעמ</ManufactureName>
      <ManufactureCountry />
      <ManufactureItemDescription />
      <UnitQty>יח`</UnitQty>
      <Quantity>4.20</Quantity>
      <UnitMeasure>100 מ"ל</UnitMeasure>
      <BisWeighted>0</BisWeighted>
      <QtyInPackage>1</QtyInPackage>
      <ItemPrice>19.90</ItemPrice>
      <UnitOfMeasurePrice>4.74</UnitOfMeasurePrice>
      <AllowDiscount>1</AllowDiscount>
      <itemStatus>1</itemStatus>
      <LastUpdateDate />
      <LastUpdateTime />
    </Product>
    <Product>
      <PriceUpdateDate>2018/04/24 10:34</PriceUpdateDate>
      <ItemCode>72986448</ItemCode>
      <ItemType>0</ItemType>
      <ItemName>גלידת פיינטים טופי קרנץ</ItemName>
      <ManufactureName>מוצרי איכות אמריקאיים בעמ</ManufactureName>
      <ManufactureCountry />
      <ManufactureItemDescription />
      <UnitQty>יח`</UnitQty>
      <Quantity>4.20</Quantity>
      <UnitMeasure>100 מ"ל</UnitMeasure>
      <BisWeighted>0</BisWeighted>
      <QtyInPackage>1</QtyInPackage>
      <ItemPrice>19.90</ItemPrice>
      <UnitOfMeasurePrice>4.74</UnitOfMeasurePrice>
      <AllowDiscount>1</AllowDiscount>
      <itemStatus>1</itemStatus>
      <LastUpdateDate />
      <LastUpdateTime />
    </Product>
    <Product>
      <PriceUpdateDate>2018/04/24 10:34</PriceUpdateDate>
      <ItemCode>72986455</ItemCode>
      <ItemType>0</ItemType>
      <ItemName>גלידת פיינטים ניו-יורק סופר</ItemName>
      <ManufactureName>מוצרי איכות אמריקאיים בעמ</ManufactureName>
      <ManufactureCountry />
      <ManufactureItemDescription />
      <UnitQty>יח`</UnitQty>
      <Quantity>4.20</Quantity>
      <UnitMeasure>100 מ"ל</UnitMeasure>
      <BisWeighted>0</BisWeighted>
      <QtyInPackage>1</QtyInPackage>
      <ItemPrice>19.90</ItemPrice>
      <UnitOfMeasurePrice>4.74</UnitOfMeasurePrice>
      <AllowDiscount>1</AllowDiscount>
      <itemStatus>1</itemStatus>
      <LastUpdateDate />
      <LastUpdateTime />
    </Product>
    <Product>
      <PriceUpdateDate>2018/04/24 11:09</PriceUpdateDate>
      <ItemCode>72986479</ItemCode>
      <ItemType>0</ItemType>
      <ItemName>גלידת פיינטים צאנקי מנקי</ItemName>
      <ManufactureName>מוצרי איכות אמריקאיים בעמ</ManufactureName>
      <ManufactureCountry />
      <ManufactureItemDescription />
      <UnitQty>יח`</UnitQty>
      <Quantity>4.20</Quantity>
      <UnitMeasure>100 מ"ל</UnitMeasure>
      <BisWeighted>0</BisWeighted>
      <QtyInPackage>1</QtyInPackage>
      <ItemPrice>19.90</ItemPrice>
      <UnitOfMeasurePrice>4.74</UnitOfMeasurePrice>
      <AllowDiscount>1</AllowDiscount>
      <itemStatus>1</itemStatus>
      <LastUpdateDate />
      <LastUpdateTime />
    </Product>
    <Product>
      <PriceUpdateDate>2018/04/24 10:34</PriceUpdateDate>
      <ItemCode>72989425</ItemCode>
      <ItemType>0</ItemType>
      <ItemName>גלידת פיינטים שוקולד בראוניס</ItemName>
      <ManufactureName>מוצרי איכות אמריקאיים בעמ</ManufactureName>
      <ManufactureCountry />
      <ManufactureItemDescription />
      <UnitQty>יח`</UnitQty>
      <Quantity>4.20</Quantity>
      <UnitMeasure>100 מ"ל</UnitMeasure>
      <BisWeighted>0</BisWeighted>
      <QtyInPackage>1</QtyInPackage>
      <ItemPrice>19.90</ItemPrice>
      <UnitOfMeasurePrice>4.74</UnitOfMeasurePrice>
      <AllowDiscount>1</AllowDiscount>
      <itemStatus>1</itemStatus>
      <LastUpdateDate />
      <LastUpdateTime />
    </Product>
    <Product>
      <PriceUpdateDate>2018/10/28 11:59</PriceUpdateDate>
      <ItemCode>72991374</ItemCode>
      <ItemType>0</ItemType>
      <ItemName>טיים רד</ItemName>
      <ManufactureName>דובק בעמ</ManufactureName>
      <ManufactureCountry />
      <ManufactureItemDescription />
      <UnitQty>יח`</UnitQty>
      <Quantity>1</Quantity>
      <UnitMeasure />
      <BisWeighted>0</BisWeighted>
      <QtyInPackage>1</QtyInPackage>
      <ItemPrice>26.80</ItemPrice>
      <UnitOfMeasurePrice>26.80</UnitOfMeasurePrice>
      <AllowDiscount>0</AllowDiscount>
      <itemStatus>1</itemStatus>
      <LastUpdateDate />
      <LastUpdateTime />
    </Product>
    <Product>
      <PriceUpdateDate>2018/04/24 10:34</PriceUpdateDate>
      <ItemCode>72991886</ItemCode>
      <ItemType>0</ItemType>
      <ItemName>גלידת פיינטים בן אנד גריס פיינט 750 מל</ItemName>
      <ManufactureName>מוצרי איכות אמריקאיים בעמ</ManufactureName>
      <ManufactureCountry />
      <ManufactureItemDescription />
      <UnitQty>יח`</UnitQty>
      <Quantity>7.50</Quantity>
      <UnitMeasure>100 מ"ל</UnitMeasure>
      <BisWeighted>0</BisWeighted>
      <QtyInPackage>1</QtyInPackage>
      <ItemPrice>19.90</ItemPrice>
      <UnitOfMeasurePrice>2.65</UnitOfMeasurePrice>
      <AllowDiscount>1</AllowDiscount>
      <itemStatus>1</itemStatus>
      <LastUpdateDate />
      <LastUpdateTime />
    </Product>
    <Product>
      <PriceUpdateDate>2018/04/24 11:28</PriceUpdateDate>
      <ItemCode>72993637</ItemCode>
      <ItemType>0</ItemType>
      <ItemName>דני שוקולד בודד</ItemName>
      <ManufactureName>שטראוס גרופ בעמ/מצונן</ManufactureName>
      <ManufactureCountry />
      <ManufactureItemDescription />
      <UnitQty>יח`</UnitQty>
      <Quantity>1.25</Quantity>
      <UnitMeasure>100 מ"ל</UnitMeasure>
      <BisWeighted>0</BisWeighted>
      <QtyInPackage>1</QtyInPackage>
      <ItemPrice>2.60</ItemPrice>
      <UnitOfMeasurePrice>2.08</UnitOfMeasurePrice>
      <AllowDiscount>0</AllowDiscount>
      <itemStatus>1</itemStatus>
      <LastUpdateDate />
      <LastUpdateTime />
    </Product>
    <Product>
      <PriceUpdateDate>2019/05/08 11:28</PriceUpdateDate>
      <ItemCode>72994269</ItemCode>
      <ItemType>0</ItemType>
      <ItemName>מרלבורו גולד  טאצ`בודד</ItemName>
      <ManufactureName>פיליפ מוריס בעמ</ManufactureName>
      <ManufactureCountry />
      <ManufactureItemDescription />
      <UnitQty>יח`</UnitQty>
      <Quantity>1</Quantity>
      <UnitMeasure />
      <BisWeighted>0</BisWeighted>
      <QtyInPackage>1</QtyInPackage>
      <ItemPrice>28.50</ItemPrice>
      <UnitOfMeasurePrice>28.50</UnitOfMeasurePrice>
      <AllowDiscount>0</AllowDiscount>
      <itemStatus>1</itemStatus>
      <LastUpdateDate />
      <LastUpdateTime />
    </Product>
    <Product>
      <PriceUpdateDate>2018/04/24 09:25</PriceUpdateDate>
      <ItemCode>80050025</ItemCode>
      <ItemType>0</ItemType>
      <ItemName>טיק טק תפוז</ItemName>
      <ManufactureName>פרימיום-חברה לדברי מתיקה ולמסח</ManufactureName>
      <ManufactureCountry />
      <ManufactureItemDescription />
      <UnitQty>יח`</UnitQty>
      <Quantity>0.16</Quantity>
      <UnitMeasure>100 גרם</UnitMeasure>
      <BisWeighted>0</BisWeighted>
      <QtyInPackage>1</QtyInPackage>
      <ItemPrice>3</ItemPrice>
      <UnitOfMeasurePrice>18.75</UnitOfMeasurePrice>
      <AllowDiscount>0</AllowDiscount>
      <itemStatus>1</itemStatus>
      <LastUpdateDate />
      <LastUpdateTime />
    </Product>
    <Product>
      <PriceUpdateDate>2018/04/24 09:25</PriceUpdateDate>
      <ItemCode>80050124</ItemCode>
      <ItemType>0</ItemType>
      <ItemName>טיק טק מנטה</ItemName>
      <ManufactureName>פרימיום-חברה לדברי מתיקה ולמסח</ManufactureName>
      <ManufactureCountry />
      <ManufactureItemDescription />
      <UnitQty>יח`</UnitQty>
      <Quantity>0.16</Quantity>
      <UnitMeasure>100 גרם</UnitMeasure>
      <BisWeighted>0</BisWeighted>
      <QtyInPackage>1</QtyInPackage>
      <ItemPrice>3</ItemPrice>
      <UnitOfMeasurePrice>18.75</UnitOfMeasurePrice>
      <AllowDiscount>0</AllowDiscount>
      <itemStatus>1</itemStatus>
      <LastUpdateDate />
      <LastUpdateTime />
    </Product>
    <Product>
      <PriceUpdateDate>2018/04/24 09:27</PriceUpdateDate>
      <ItemCode>80052760</ItemCode>
      <ItemType>0</ItemType>
      <ItemName>בואנו קינדר בודד</ItemName>
      <ManufactureName>פרימיום-חברה לדברי מתיקה ולמסח</ManufactureName>
      <ManufactureCountry />
      <ManufactureItemDescription />
      <UnitQty>יח`</UnitQty>
      <Quantity>1</Quantity>
      <UnitMeasure />
      <BisWeighted>0</BisWeighted>
      <QtyInPackage>1</QtyInPackage>
      <ItemPrice>3.90</ItemPrice>
      <UnitOfMeasurePrice>3.90</UnitOfMeasurePrice>
      <AllowDiscount>0</AllowDiscount>
      <itemStatus>1</itemStatus>
      <LastUpdateDate />
      <LastUpdateTime />
    </Product>
    <Product>
      <PriceUpdateDate>2018/04/24 09:27</PriceUpdateDate>
      <ItemCode>80176732</ItemCode>
      <ItemType>0</ItemType>
      <ItemName>חטיף הפי היפו בודד</ItemName>
      <ManufactureName>פרימיום-חברה לדברי מתיקה ולמסח</ManufactureName>
      <ManufactureCountry />
      <ManufactureItemDescription />
      <UnitQty>יח`</UnitQty>
      <Quantity>0.35</Quantity>
      <UnitMeasure>100 גרם</UnitMeasure>
      <BisWeighted>0</BisWeighted>
      <QtyInPackage>1</QtyInPackage>
      <ItemPrice>2.90</ItemPrice>
      <UnitOfMeasurePrice>8.29</UnitOfMeasurePrice>
      <AllowDiscount>0</AllowDiscount>
      <itemStatus>1</itemStatus>
      <LastUpdateDate />
      <LastUpdateTime />
    </Product>
    <Product>
      <PriceUpdateDate>2019/12/27 07:24</PriceUpdateDate>
      <ItemCode>80176800</ItemCode>
      <ItemType>0</ItemType>
      <ItemName>ממרח אגוזי לוז נוטלה (750 גרם)</ItemName>
      <ManufactureName>פרימיום-חברה לדברי מתיקה ולמסח</ManufactureName>
      <ManufactureCountry />
      <ManufactureItemDescription />
      <UnitQty>יח`</UnitQty>
      <Quantity>7.50</Quantity>
      <UnitMeasure>100 גרם</UnitMeasure>
      <BisWeighted>0</BisWeighted>
      <QtyInPackage>1</QtyInPackage>
      <ItemPrice>24.90</ItemPrice>
      <UnitOfMeasurePrice>3.32</UnitOfMeasurePrice>
      <AllowDiscount>0</AllowDiscount>
      <itemStatus>1</itemStatus>
      <LastUpdateDate />
      <LastUpdateTime />
    </Product>
    <Product>
      <PriceUpdateDate>2019/12/25 08:57</PriceUpdateDate>
      <ItemCode>80177173</ItemCode>
      <ItemType>0</ItemType>
      <ItemName>ממרח אגוזי לוז נוטלה (350 גרם)</ItemName>
      <ManufactureName>פרימיום-חברה לדברי מתיקה ולמסח</ManufactureName>
      <ManufactureCountry />
      <ManufactureItemDescription />
      <UnitQty>יח`</UnitQty>
      <Quantity>3.50</Quantity>
      <UnitMeasure>100 גרם</UnitMeasure>
      <BisWeighted>0</BisWeighted>
      <QtyInPackage>1</QtyInPackage>
      <ItemPrice>14.90</ItemPrice>
      <UnitOfMeasurePrice>4.26</UnitOfMeasurePrice>
      <AllowDiscount>0</AllowDiscount>
      <itemStatus>1</itemStatus>
      <LastUpdateDate />
      <LastUpdateTime />
    </Product>
    <Product>
      <PriceUpdateDate>2018/04/24 09:27</PriceUpdateDate>
      <ItemCode>80177180</ItemCode>
      <ItemType>0</ItemType>
      <ItemName>קינדר קאונטרי</ItemName>
      <ManufactureName>פרימיום-חברה לדברי מתיקה ולמסח</ManufactureName>
      <ManufactureCountry />
      <ManufactureItemDescription />
      <UnitQty>יח`</UnitQty>
      <Quantity>1</Quantity>
      <UnitMeasure />
      <BisWeighted>0</BisWeighted>
      <QtyInPackage>1</QtyInPackage>
      <ItemPrice>2.90</ItemPrice>
      <UnitOfMeasurePrice>2.90</UnitOfMeasurePrice>
      <AllowDiscount>0</AllowDiscount>
      <itemStatus>1</itemStatus>
      <LastUpdateDate />
      <LastUpdateTime />
    </Product>
    <Product>
      <PriceUpdateDate>2018/04/24 09:27</PriceUpdateDate>
      <ItemCode>80177609</ItemCode>
      <ItemType>0</ItemType>
      <ItemName>קינדר שוקולד 50 גר</ItemName>
      <ManufactureName>פרימיום-חברה לדברי מתיקה ולמסח</ManufactureName>
      <ManufactureCountry />
      <ManufactureItemDescription />
      <UnitQty>יח`</UnitQty>
      <Quantity>0.50</Quantity>
      <UnitMeasure>100 גרם</UnitMeasure>
      <BisWeighted>0</BisWeighted>
      <QtyInPackage>1</QtyInPackage>
      <ItemPrice>3.90</ItemPrice>
      <UnitOfMeasurePrice>7.80</UnitOfMeasurePrice>
      <AllowDiscount>0</AllowDiscount>
      <itemStatus>1</itemStatus>
      <LastUpdateDate />
      <LastUpdateTime />
    </Product>
    <Product>
      <PriceUpdateDate>2019/09/15 13:16</PriceUpdateDate>
      <ItemCode>80310167</ItemCode>
      <ItemType>0</ItemType>
      <ItemName>קינדר מקסי שישיה</ItemName>
      <ManufactureName>פרימיום-חברה לדברי מתיקה ולמסח</ManufactureName>
      <ManufactureCountry />
      <ManufactureItemDescription />
      <UnitQty>יח`</UnitQty>
      <Quantity>1.25</Quantity>
      <UnitMeasure>100 גרם</UnitMeasure>
      <BisWeighted>0</BisWeighted>
      <QtyInPackage>1</QtyInPackage>
      <ItemPrice>9.90</ItemPrice>
      <UnitOfMeasurePrice>7.92</UnitOfMeasurePrice>
      <AllowDiscount>0</AllowDiscount>
      <itemStatus>1</itemStatus>
      <LastUpdateDate />
      <LastUpdateTime />
    </Product>
    <Product>
      <PriceUpdateDate>2018/04/24 09:27</PriceUpdateDate>
      <ItemCode>80761761</ItemCode>
      <ItemType>0</ItemType>
      <ItemName>קינדר בואנו לבן בודד 0.43 גר`</ItemName>
      <ManufactureName>פרימיום-חברה לדברי מתיקה ולמסח</ManufactureName>
      <ManufactureCountry />
      <ManufactureItemDescription />
      <UnitQty>יח`</UnitQty>
      <Quantity>0.43</Quantity>
      <UnitMeasure>100 גרם</UnitMeasure>
      <BisWeighted>0</BisWeighted>
      <QtyInPackage>1</QtyInPackage>
      <ItemPrice>3.90</ItemPrice>
      <UnitOfMeasurePrice>9.07</UnitOfMeasurePrice>
      <AllowDiscount>0</AllowDiscount>
      <itemStatus>1</itemStatus>
      <LastUpdateDate />
      <LastUpdateTime />
    </Product>
    <Product>
      <PriceUpdateDate>2019/12/22 17:04</PriceUpdateDate>
      <ItemCode>80768258</ItemCode>
      <ItemType>0</ItemType>
      <ItemName>ביצת קינדר ג`וי בודד ורוד</ItemName>
      <ManufactureName>פרימיום-חברה לדברי מתיקה ולמסח</ManufactureName>
      <ManufactureCountry />
      <ManufactureItemDescription />
      <UnitQty>יח`</UnitQty>
      <Quantity>0.20</Quantity>
      <UnitMeasure>100 גרם</UnitMeasure>
      <BisWeighted>0</BisWeighted>
      <QtyInPackage>1</QtyInPackage>
      <ItemPrice>4.90</ItemPrice>
      <UnitOfMeasurePrice>24.50</UnitOfMeasurePrice>
      <AllowDiscount>0</AllowDiscount>
      <itemStatus>1</itemStatus>
      <LastUpdateDate />
      <LastUpdateTime />
    </Product>
    <Product>
      <PriceUpdateDate>2019/07/02 10:20</PriceUpdateDate>
      <ItemCode>80768838</ItemCode>
      <ItemType>0</ItemType>
      <ItemName>מסטיק מנטוס וויט ביג בטעם מנטה פירות 10</ItemName>
      <ManufactureName>ליימן שליסל בעמ</ManufactureName>
      <ManufactureCountry />
      <ManufactureItemDescription />
      <UnitQty>יח`</UnitQty>
      <Quantity>1.05</Quantity>
      <UnitMeasure>100 גרם</UnitMeasure>
      <BisWeighted>0</BisWeighted>
      <QtyInPackage>1</QtyInPackage>
      <ItemPrice>16.90</ItemPrice>
      <UnitOfMeasurePrice>16.10</UnitOfMeasurePrice>
      <AllowDiscount>0</AllowDiscount>
      <itemStatus>1</itemStatus>
      <LastUpdateDate />
      <LastUpdateTime />
    </Product>
    <Product>
      <PriceUpdateDate>2019/11/26 12:18</PriceUpdateDate>
      <ItemCode>80769545</ItemCode>
      <ItemType>0</ItemType>
      <ItemName>מסטיק מנטוס פיור פרש בבקבוק בינוני בטעם</ItemName>
      <ManufactureName>ליימן שליסל בעמ</ManufactureName>
      <ManufactureCountry />
      <ManufactureItemDescription />
      <UnitQty>יח`</UnitQty>
      <Quantity>0.60</Quantity>
      <UnitMeasure>100 גרם</UnitMeasure>
      <BisWeighted>0</BisWeighted>
      <QtyInPackage>1</QtyInPackage>
      <ItemPrice>9.90</ItemPrice>
      <UnitOfMeasurePrice>16.50</UnitOfMeasurePrice>
      <AllowDiscount>1</AllowDiscount>
      <itemStatus>1</itemStatus>
      <LastUpdateDate />
      <LastUpdateTime />
    </Product>
    <Product>
      <PriceUpdateDate>2019/11/26 12:18</PriceUpdateDate>
      <ItemCode>80773429</ItemCode>
      <ItemType>0</ItemType>
      <ItemName>מסטיק מנטוס פיור פרש בקבוק בינוני בטעם ת</ItemName>
      <ManufactureName>ליימן שליסל בעמ</ManufactureName>
      <ManufactureCountry />
      <ManufactureItemDescription />
      <UnitQty>יח`</UnitQty>
      <Quantity>0.60</Quantity>
      <UnitMeasure>100 גרם</UnitMeasure>
      <BisWeighted>0</BisWeighted>
      <QtyInPackage>1</QtyInPackage>
      <ItemPrice>9.90</ItemPrice>
      <UnitOfMeasurePrice>16.50</UnitOfMeasurePrice>
      <AllowDiscount>1</AllowDiscount>
      <itemStatus>1</itemStatus>
      <LastUpdateDate />
      <LastUpdateTime />
    </Product>
    <Product>
      <PriceUpdateDate>2019/07/02 10:20</PriceUpdateDate>
      <ItemCode>80794233</ItemCode>
      <ItemType>0</ItemType>
      <ItemName>מסטיק מנטוס ביג בבקבוק מעוגל בטעם מנטה 9</ItemName>
      <ManufactureName>ליימן שליסל בעמ</ManufactureName>
      <ManufactureCountry />
      <ManufactureItemDescription />
      <UnitQty>יח`</UnitQty>
      <Quantity>1</Quantity>
      <UnitMeasure />
      <BisWeighted>0</BisWeighted>
      <QtyInPackage>1</QtyInPackage>
      <ItemPrice>16.90</ItemPrice>
      <UnitOfMeasurePrice>16.90</UnitOfMeasurePrice>
      <AllowDiscount>0</AllowDiscount>
      <itemStatus>1</itemStatus>
      <LastUpdateDate />
      <LastUpdateTime />
    </Product>
    <Product>
      <PriceUpdateDate>2019/11/26 12:18</PriceUpdateDate>
      <ItemCode>80828174</ItemCode>
      <ItemType>0</ItemType>
      <ItemName>מסטיק מנטוס וויט מנטה</ItemName>
      <ManufactureName>ליימן שליסל בעמ</ManufactureName>
      <ManufactureCountry />
      <ManufactureItemDescription />
      <UnitQty>יח`</UnitQty>
      <Quantity>1</Quantity>
      <UnitMeasure />
      <BisWeighted>0</BisWeighted>
      <QtyInPackage>1</QtyInPackage>
      <ItemPrice>9.90</ItemPrice>
      <UnitOfMeasurePrice>9.90</UnitOfMeasurePrice>
      <AllowDiscount>1</AllowDiscount>
      <itemStatus>1</itemStatus>
      <LastUpdateDate />
      <LastUpdateTime />
    </Product>
    <Product>
      <PriceUpdateDate>2019/11/26 12:18</PriceUpdateDate>
      <ItemCode>80896081</ItemCode>
      <ItemType>0</ItemType>
      <ItemName>מסטיק מנטוס פיור פרש בקבוק בינוני בטעם א</ItemName>
      <ManufactureName>ליימן שליסל בעמ</ManufactureName>
      <ManufactureCountry />
      <ManufactureItemDescription />
      <UnitQty>יח`</UnitQty>
      <Quantity>0.60</Quantity>
      <UnitMeasure>100 גרם</UnitMeasure>
      <BisWeighted>0</BisWeighted>
      <QtyInPackage>1</QtyInPackage>
      <ItemPrice>9.90</ItemPrice>
      <UnitOfMeasurePrice>16.50</UnitOfMeasurePrice>
      <AllowDiscount>1</AllowDiscount>
      <itemStatus>1</itemStatus>
      <LastUpdateDate />
      <LastUpdateTime />
    </Product>
    <Product>
      <PriceUpdateDate>2019/11/26 12:18</PriceUpdateDate>
      <ItemCode>80913467</ItemCode>
      <ItemType>0</ItemType>
      <ItemName>מסטיק מנטוס בבקבוק מעוגל בטעם מנטה 60 גר</ItemName>
      <ManufactureName>ליימן שליסל בעמ</ManufactureName>
      <ManufactureCountry />
      <ManufactureItemDescription />
      <UnitQty>יח`</UnitQty>
      <Quantity>0.60</Quantity>
      <UnitMeasure>100 גרם</UnitMeasure>
      <BisWeighted>0</BisWeighted>
      <QtyInPackage>1</QtyInPackage>
      <ItemPrice>9.90</ItemPrice>
      <UnitOfMeasurePrice>16.50</UnitOfMeasurePrice>
      <AllowDiscount>1</AllowDiscount>
      <itemStatus>1</itemStatus>
      <LastUpdateDate />
      <LastUpdateTime />
    </Product>
    <Product>
      <PriceUpdateDate>2018/11/12 07:50</PriceUpdateDate>
      <ItemCode>80926481</ItemCode>
      <ItemType>0</ItemType>
      <ItemName>מסטיק מנטוס פיור פרש בינוני בטעם אבטיח 9</ItemName>
      <ManufactureName>ליימן שליסל בעמ</ManufactureName>
      <ManufactureCountry />
      <ManufactureItemDescription />
      <UnitQty>יח`</UnitQty>
      <Quantity>1</Quantity>
      <UnitMeasure />
      <BisWeighted>0</BisWeighted>
      <QtyInPackage>1</QtyInPackage>
      <ItemPrice>17.90</ItemPrice>
      <UnitOfMeasurePrice>17.90</UnitOfMeasurePrice>
      <AllowDiscount>0</AllowDiscount>
      <itemStatus>1</itemStatus>
      <LastUpdateDate />
      <LastUpdateTime />
    </Product>
    <Product>
      <PriceUpdateDate>2018/04/24 11:49</PriceUpdateDate>
      <ItemCode>80936848</ItemCode>
      <ItemType>0</ItemType>
      <ItemName>טיק טק תות שדה</ItemName>
      <ManufactureName>פרימיום-חברה לדברי מתיקה ולמסח</ManufactureName>
      <ManufactureCountry />
      <ManufactureItemDescription />
      <UnitQty>יח`</UnitQty>
      <Quantity>0.16</Quantity>
      <UnitMeasure>100 גרם</UnitMeasure>
      <BisWeighted>0</BisWeighted>
      <QtyInPackage>1</QtyInPackage>
      <ItemPrice>3</ItemPrice>
      <UnitOfMeasurePrice>18.75</UnitOfMeasurePrice>
      <AllowDiscount>0</AllowDiscount>
      <itemStatus>1</itemStatus>
      <LastUpdateDate />
      <LastUpdateTime />
    </Product>
    <Product>
      <PriceUpdateDate>2019/11/26 12:18</PriceUpdateDate>
      <ItemCode>80948698</ItemCode>
      <ItemType>0</ItemType>
      <ItemName>מסטיק מנטוס פיור בבקבוק בינוני בטעם טרופ</ItemName>
      <ManufactureName>ליימן שליסל בעמ</ManufactureName>
      <ManufactureCountry />
      <ManufactureItemDescription />
      <UnitQty>יח`</UnitQty>
      <Quantity>0.60</Quantity>
      <UnitMeasure>100 גרם</UnitMeasure>
      <BisWeighted>0</BisWeighted>
      <QtyInPackage>1</QtyInPackage>
      <ItemPrice>9.90</ItemPrice>
      <UnitOfMeasurePrice>16.50</UnitOfMeasurePrice>
      <AllowDiscount>1</AllowDiscount>
      <itemStatus>1</itemStatus>
      <LastUpdateDate />
      <LastUpdateTime />
    </Product>
    <Product>
      <PriceUpdateDate>2019/12/22 17:04</PriceUpdateDate>
      <ItemCode>80974482</ItemCode>
      <ItemType>0</ItemType>
      <ItemName>ביצת קינדר ג`וי בודד כחול</ItemName>
      <ManufactureName>פרימיום-חברה לדברי מתיקה ולמסח</ManufactureName>
      <ManufactureCountry />
      <ManufactureItemDescription />
      <UnitQty>יח`</UnitQty>
      <Quantity>0.20</Quantity>
      <UnitMeasure>100 גרם</UnitMeasure>
      <BisWeighted>0</BisWeighted>
      <QtyInPackage>1</QtyInPackage>
      <ItemPrice>4.90</ItemPrice>
      <UnitOfMeasurePrice>24.50</UnitOfMeasurePrice>
      <AllowDiscount>0</AllowDiscount>
      <itemStatus>1</itemStatus>
      <LastUpdateDate />
      <LastUpdateTime />
    </Product>
    <Product>
      <PriceUpdateDate>2018/04/24 12:08</PriceUpdateDate>
      <ItemCode>85939868</ItemCode>
      <ItemType>0</ItemType>
      <ItemName>נייר קצר לגלגול ללא פילטר</ItemName>
      <ManufactureName>צפניה ברזילי בעמ</ManufactureName>
      <ManufactureCountry />
      <ManufactureItemDescription />
      <UnitQty>יח`</UnitQty>
      <Quantity>1</Quantity>
      <UnitMeasure />
      <BisWeighted>0</BisWeighted>
      <QtyInPackage>1</QtyInPackage>
      <ItemPrice>2</ItemPrice>
      <UnitOfMeasurePrice>2</UnitOfMeasurePrice>
      <AllowDiscount>0</AllowDiscount>
      <itemStatus>1</itemStatus>
      <LastUpdateDate />
      <LastUpdateTime />
    </Product>
    <Product>
      <PriceUpdateDate>2018/04/24 09:27</PriceUpdateDate>
      <ItemCode>87108538</ItemCode>
      <ItemType>0</ItemType>
      <ItemName>סוכריות לעיסה בטעם תות מנטוס (37.5 גרם)</ItemName>
      <ManufactureName>ליימן שליסל בעמ</ManufactureName>
      <ManufactureCountry />
      <ManufactureItemDescription />
      <UnitQty>יח`</UnitQty>
      <Quantity>0.37</Quantity>
      <UnitMeasure>100 גרם</UnitMeasure>
      <BisWeighted>0</BisWeighted>
      <QtyInPackage>1</QtyInPackage>
      <ItemPrice>3.90</ItemPrice>
      <UnitOfMeasurePrice>10.54</UnitOfMeasurePrice>
      <AllowDiscount>0</AllowDiscount>
      <itemStatus>1</itemStatus>
      <LastUpdateDate />
      <LastUpdateTime />
    </Product>
    <Product>
      <PriceUpdateDate>2018/04/24 11:29</PriceUpdateDate>
      <ItemCode>87108712</ItemCode>
      <ItemType>0</ItemType>
      <ItemName>מנטוס רביעיה</ItemName>
      <ManufactureName>ליימן שליסל בעמ</ManufactureName>
      <ManufactureCountry />
      <ManufactureItemDescription />
      <UnitQty>יח`</UnitQty>
      <Quantity>1.50</Quantity>
      <UnitMeasure>100 גרם</UnitMeasure>
      <BisWeighted>0</BisWeighted>
      <QtyInPackage>1</QtyInPackage>
      <ItemPrice>11.90</ItemPrice>
      <UnitOfMeasurePrice>7.93</UnitOfMeasurePrice>
      <AllowDiscount>0</AllowDiscount>
      <itemStatus>1</itemStatus>
      <LastUpdateDate />
      <LastUpdateTime />
    </Product>
    <Product>
      <PriceUpdateDate>2018/04/24 09:27</PriceUpdateDate>
      <ItemCode>87304770</ItemCode>
      <ItemType>0</ItemType>
      <ItemName>סוכריות לעיסה בטעם מנטה מנטוס (64 גרם)</ItemName>
      <ManufactureName>ליימן שליסל בעמ</ManufactureName>
      <ManufactureCountry />
      <ManufactureItemDescription />
      <UnitQty>יח`</UnitQty>
      <Quantity>0.64</Quantity>
      <UnitMeasure>100 גרם</UnitMeasure>
      <BisWeighted>0</BisWeighted>
      <QtyInPackage>1</QtyInPackage>
      <ItemPrice>6.90</ItemPrice>
      <UnitOfMeasurePrice>10.78</UnitOfMeasurePrice>
      <AllowDiscount>0</AllowDiscount>
      <itemStatus>1</itemStatus>
      <LastUpdateDate />
      <LastUpdateTime />
    </Product>
    <Product>
      <PriceUpdateDate>2018/04/24 11:44</PriceUpdateDate>
      <ItemCode>87311396</ItemCode>
      <ItemType>0</ItemType>
      <ItemName>מנטוס גליל 7 טעמים</ItemName>
      <ManufactureName>ליימן שליסל בעמ</ManufactureName>
      <ManufactureCountry />
      <ManufactureItemDescription />
      <UnitQty>יח`</UnitQty>
      <Quantity>0.3750</Quantity>
      <UnitMeasure>100 גרם</UnitMeasure>
      <BisWeighted>0</BisWeighted>
      <QtyInPackage>1</QtyInPackage>
      <ItemPrice>3.90</ItemPrice>
      <UnitOfMeasurePrice>10.40</UnitOfMeasurePrice>
      <AllowDiscount>0</AllowDiscount>
      <itemStatus>1</itemStatus>
      <LastUpdateDate />
      <LastUpdateTime />
    </Product>
    <Product>
      <PriceUpdateDate>2018/10/10 15:11</PriceUpdateDate>
      <ItemCode>90162602</ItemCode>
      <ItemType>0</ItemType>
      <ItemName>משקה אנרגיה רד בול (250 מל)</ItemName>
      <ManufactureName>דיפלומט היינץ</ManufactureName>
      <ManufactureCountry />
      <ManufactureItemDescription />
      <UnitQty>יח`</UnitQty>
      <Quantity>2.50</Quantity>
      <UnitMeasure>100 מ"ל</UnitMeasure>
      <BisWeighted>0</BisWeighted>
      <QtyInPackage>1</QtyInPackage>
      <ItemPrice>5.90</ItemPrice>
      <UnitOfMeasurePrice>2.24</UnitOfMeasurePrice>
      <AllowDiscount>1</AllowDiscount>
      <itemStatus>1</itemStatus>
      <LastUpdateDate />
      <LastUpdateTime />
    </Product>
    <Product>
      <PriceUpdateDate>2018/10/10 15:11</PriceUpdateDate>
      <ItemCode>90424038</ItemCode>
      <ItemType>0</ItemType>
      <ItemName>רד בול טרופי 250 מל</ItemName>
      <ManufactureName>דיפלומט היינץ</ManufactureName>
      <ManufactureCountry />
      <ManufactureItemDescription />
      <UnitQty>יח`</UnitQty>
      <Quantity>2.50</Quantity>
      <UnitMeasure>100 מ"ל</UnitMeasure>
      <BisWeighted>0</BisWeighted>
      <QtyInPackage>1</QtyInPackage>
      <ItemPrice>5.90</ItemPrice>
      <UnitOfMeasurePrice>2.24</UnitOfMeasurePrice>
      <AllowDiscount>0</AllowDiscount>
      <itemStatus>1</itemStatus>
      <LastUpdateDate />
      <LastUpdateTime />
    </Product>
    <Product>
      <PriceUpdateDate>2019/05/21 08:54</PriceUpdateDate>
      <ItemCode>96086179</ItemCode>
      <ItemType>0</ItemType>
      <ItemName>רקסונה סטיק נשים 50 אינביזבל</ItemName>
      <ManufactureName>יוניליוור ישראל שיווק בעמ</ManufactureName>
      <ManufactureCountry />
      <ManufactureItemDescription />
      <UnitQty>יח`</UnitQty>
      <Quantity>0.50</Quantity>
      <UnitMeasure>100 מ"ל</UnitMeasure>
      <BisWeighted>0</BisWeighted>
      <QtyInPackage>1</QtyInPackage>
      <ItemPrice>14.90</ItemPrice>
      <UnitOfMeasurePrice>29.80</UnitOfMeasurePrice>
      <AllowDiscount>0</AllowDiscount>
      <itemStatus>1</itemStatus>
      <LastUpdateDate />
      <LastUpdateTime />
    </Product>
    <Product>
      <PriceUpdateDate>2019/06/10 09:46</PriceUpdateDate>
      <ItemCode>96137130</ItemCode>
      <ItemType>0</ItemType>
      <ItemName>דאודורנט רול און דאב ריח אגס(50 מל)</ItemName>
      <ManufactureName>יוניליוור ישראל שיווק בעמ</ManufactureName>
      <ManufactureCountry />
      <ManufactureItemDescription />
      <UnitQty>יח`</UnitQty>
      <Quantity>0.50</Quantity>
      <UnitMeasure>100 גרם</UnitMeasure>
      <BisWeighted>0</BisWeighted>
      <QtyInPackage>1</QtyInPackage>
      <ItemPrice>14.90</ItemPrice>
      <UnitOfMeasurePrice>29.80</UnitOfMeasurePrice>
      <AllowDiscount>0</AllowDiscount>
      <itemStatus>1</itemStatus>
      <LastUpdateDate />
      <LastUpdateTime />
    </Product>
    <Product>
      <PriceUpdateDate>2018/04/24 12:36</PriceUpdateDate>
      <ItemCode>9800800056</ItemCode>
      <ItemType>0</ItemType>
      <ItemName>נוטלה אנד גו 52 גרם</ItemName>
      <ManufactureName>פרימיום-חברה לדברי מתיקה ולמסח</ManufactureName>
      <ManufactureCountry />
      <ManufactureItemDescription />
      <UnitQty>יח`</UnitQty>
      <Quantity>0.52</Quantity>
      <UnitMeasure>100 גרם</UnitMeasure>
      <BisWeighted>0</BisWeighted>
      <QtyInPackage>1</QtyInPackage>
      <ItemPrice>4.90</ItemPrice>
      <UnitOfMeasurePrice>9.42</UnitOfMeasurePrice>
      <AllowDiscount>0</AllowDiscount>
      <itemStatus>1</itemStatus>
      <LastUpdateDate />
      <LastUpdateTime />
    </Product>
    <Product>
      <PriceUpdateDate>2018/04/24 10:50</PriceUpdateDate>
      <ItemCode>11210000032</ItemCode>
      <ItemType>0</ItemType>
      <ItemName>טבסקו משפחתי</ItemName>
      <ManufactureName>ציון תורג`מן בעמ</ManufactureName>
      <ManufactureCountry />
      <ManufactureItemDescription />
      <UnitQty>יח`</UnitQty>
      <Quantity>0.60</Quantity>
      <UnitMeasure>100 מ"ל</UnitMeasure>
      <BisWeighted>0</BisWeighted>
      <QtyInPackage>1</QtyInPackage>
      <ItemPrice>49.90</ItemPrice>
      <UnitOfMeasurePrice>83.17</UnitOfMeasurePrice>
      <AllowDiscount>0</AllowDiscount>
      <itemStatus>1</itemStatus>
      <LastUpdateDate />
      <LastUpdateTime />
    </Product>
    <Product>
      <PriceUpdateDate>2018/04/24 10:50</PriceUpdateDate>
      <ItemCode>11210000094</ItemCode>
      <ItemType>0</ItemType>
      <ItemName>טבסקו</ItemName>
      <ManufactureName>ציון תורג`מן בעמ</ManufactureName>
      <ManufactureCountry />
      <ManufactureItemDescription />
      <UnitQty>יח`</UnitQty>
      <Quantity>0.60</Quantity>
      <UnitMeasure>100 מ"ל</UnitMeasure>
      <BisWeighted>0</BisWeighted>
      <QtyInPackage>1</QtyInPackage>
      <ItemPrice>12.90</ItemPrice>
      <UnitOfMeasurePrice>21.50</UnitOfMeasurePrice>
      <AllowDiscount>1</AllowDiscount>
      <itemStatus>1</itemStatus>
      <LastUpdateDate />
      <LastUpdateTime />
    </Product>
    <Product>
      <PriceUpdateDate>2018/04/24 10:50</PriceUpdateDate>
      <ItemCode>11210006508</ItemCode>
      <ItemType>0</ItemType>
      <ItemName>רוטב טבסקו</ItemName>
      <ManufactureName>ציון תורג`מן בעמ</ManufactureName>
      <ManufactureCountry />
      <ManufactureItemDescription />
      <UnitQty>יח`</UnitQty>
      <Quantity>0.60</Quantity>
      <UnitMeasure>100 מ"ל</UnitMeasure>
      <BisWeighted>0</BisWeighted>
      <QtyInPackage>1</QtyInPackage>
      <ItemPrice>20.90</ItemPrice>
      <UnitOfMeasurePrice>34.83</UnitOfMeasurePrice>
      <AllowDiscount>1</AllowDiscount>
      <itemStatus>1</itemStatus>
      <LastUpdateDate />
      <LastUpdateTime />
    </Product>
    <Product>
      <PriceUpdateDate>2018/04/24 10:50</PriceUpdateDate>
      <ItemCode>11210007253</ItemCode>
      <ItemType>0</ItemType>
      <ItemName>טבסקו שום</ItemName>
      <ManufactureName>ציון תורג`מן בעמ</ManufactureName>
      <ManufactureCountry />
      <ManufactureItemDescription />
      <UnitQty>יח`</UnitQty>
      <Quantity>0.60</Quantity>
      <UnitMeasure>100 מ"ל</UnitMeasure>
      <BisWeighted>0</BisWeighted>
      <QtyInPackage>1</QtyInPackage>
      <ItemPrice>12.90</ItemPrice>
      <UnitOfMeasurePrice>21.50</UnitOfMeasurePrice>
      <AllowDiscount>1</AllowDiscount>
      <itemStatus>1</itemStatus>
      <LastUpdateDate />
      <LastUpdateTime />
    </Product>
    <Product>
      <PriceUpdateDate>2018/04/24 10:50</PriceUpdateDate>
      <ItemCode>11210607040</ItemCode>
      <ItemType>0</ItemType>
      <ItemName>טבסקו מעושן</ItemName>
      <ManufactureName>ציון תורג`מן בעמ</ManufactureName>
      <ManufactureCountry />
      <ManufactureItemDescription />
      <UnitQty>יח`</UnitQty>
      <Quantity>0.60</Quantity>
      <UnitMeasure>100 מ"ל</UnitMeasure>
      <BisWeighted>0</BisWeighted>
      <QtyInPackage>1</QtyInPackage>
      <ItemPrice>12.90</ItemPrice>
      <UnitOfMeasurePrice>21.50</UnitOfMeasurePrice>
      <AllowDiscount>1</AllowDiscount>
      <itemStatus>1</itemStatus>
      <LastUpdateDate />
      <LastUpdateTime />
    </Product>
    <Product>
      <PriceUpdateDate>2018/04/24 13:12</PriceUpdateDate>
      <ItemCode>11210698055</ItemCode>
      <ItemType>0</ItemType>
      <ItemName>טבסקו רוטב סרירצה 556 גר`</ItemName>
      <ManufactureName>ציון תורג`מן בעמ</ManufactureName>
      <ManufactureCountry />
      <ManufactureItemDescription />
      <UnitQty>יח`</UnitQty>
      <Quantity>5.56</Quantity>
      <UnitMeasure>100 מ"ל</UnitMeasure>
      <BisWeighted>0</BisWeighted>
      <QtyInPackage>1</QtyInPackage>
      <ItemPrice>29.90</ItemPrice>
      <UnitOfMeasurePrice>5.38</UnitOfMeasurePrice>
      <AllowDiscount>0</AllowDiscount>
      <itemStatus>1</itemStatus>
      <LastUpdateDate />
      <LastUpdateTime />
    </Product>
    <Product>
      <PriceUpdateDate>2019/05/08 11:28</PriceUpdateDate>
      <ItemCode>12300102131</ItemCode>
      <ItemType>0</ItemType>
      <ItemName>פאקט כאמל סופט</ItemName>
      <ManufactureName>גלוברנדס בעמ - שיווק סיגריות</ManufactureName>
      <ManufactureCountry />
      <ManufactureItemDescription />
      <UnitQty>יח`</UnitQty>
      <Quantity>1</Quantity>
      <UnitMeasure />
      <BisWeighted>0</BisWeighted>
      <QtyInPackage>1</QtyInPackage>
      <ItemPrice>285</ItemPrice>
      <UnitOfMeasurePrice>285</UnitOfMeasurePrice>
      <AllowDiscount>0</AllowDiscount>
      <itemStatus>1</itemStatus>
      <LastUpdateDate />
      <LastUpdateTime />
    </Product>
    <Product>
      <PriceUpdateDate>2018/04/24 10:50</PriceUpdateDate>
      <ItemCode>13628609388</ItemCode>
      <ItemType>0</ItemType>
      <ItemName>מונרי חומץ בלסמי כשר ירוק 500 מל</ItemName>
      <ManufactureName>דנשר (1963) בעמ</ManufactureName>
      <ManufactureCountry />
      <ManufactureItemDescription />
      <UnitQty>יח`</UnitQty>
      <Quantity>5</Quantity>
      <UnitMeasure>100 מ"ל</UnitMeasure>
      <BisWeighted>0</BisWeighted>
      <QtyInPackage>1</QtyInPackage>
      <ItemPrice>26.90</ItemPrice>
      <UnitOfMeasurePrice>5.38</UnitOfMeasurePrice>
      <AllowDiscount>0</AllowDiscount>
      <itemStatus>1</itemStatus>
      <LastUpdateDate />
      <LastUpdateTime />
    </Product>
    <Product>
      <PriceUpdateDate>2018/08/05 11:28</PriceUpdateDate>
      <ItemCode>16000423534</ItemCode>
      <ItemType>0</ItemType>
      <ItemName>נייטשר וואלי 210 גר` שיבולת שועל ושוקולד</ItemName>
      <ManufactureName>ליימן שליסל בעמ</ManufactureName>
      <ManufactureCountry />
      <ManufactureItemDescription />
      <UnitQty>יח`</UnitQty>
      <Quantity>2.10</Quantity>
      <UnitMeasure>100 גרם</UnitMeasure>
      <BisWeighted>0</BisWeighted>
      <QtyInPackage>1</QtyInPackage>
      <ItemPrice>19.90</ItemPrice>
      <UnitOfMeasurePrice>9.48</UnitOfMeasurePrice>
      <AllowDiscount>1</AllowDiscount>
      <itemStatus>1</itemStatus>
      <LastUpdateDate />
      <LastUpdateTime />
    </Product>
    <Product>
      <PriceUpdateDate>2018/08/05 11:28</PriceUpdateDate>
      <ItemCode>16000548404</ItemCode>
      <ItemType>0</ItemType>
      <ItemName>נייטשר וואלי 210 גר` שיבולת שועל ודבש</ItemName>
      <ManufactureName>ליימן שליסל בעמ</ManufactureName>
      <ManufactureCountry />
      <ManufactureItemDescription />
      <UnitQty>יח`</UnitQty>
      <Quantity>1.75</Quantity>
      <UnitMeasure>100 גרם</UnitMeasure>
      <BisWeighted>0</BisWeighted>
      <QtyInPackage>1</QtyInPackage>
      <ItemPrice>19.90</ItemPrice>
      <UnitOfMeasurePrice>11.37</UnitOfMeasurePrice>
      <AllowDiscount>1</AllowDiscount>
      <itemStatus>1</itemStatus>
      <LastUpdateDate />
      <LastUpdateTime />
    </Product>
    <Product>
      <PriceUpdateDate>2018/08/05 11:28</PriceUpdateDate>
      <ItemCode>16000548503</ItemCode>
      <ItemType>0</ItemType>
      <ItemName>נייטשר וואלי 210 גר` מייפל וסוכר חום</ItemName>
      <ManufactureName>ליימן שליסל בעמ</ManufactureName>
      <ManufactureCountry />
      <ManufactureItemDescription />
      <UnitQty>יח`</UnitQty>
      <Quantity>2.10</Quantity>
      <UnitMeasure>100 גרם</UnitMeasure>
      <BisWeighted>0</BisWeighted>
      <QtyInPackage>1</QtyInPackage>
      <ItemPrice>19.90</ItemPrice>
      <UnitOfMeasurePrice>9.48</UnitOfMeasurePrice>
      <AllowDiscount>1</AllowDiscount>
      <itemStatus>1</itemStatus>
      <LastUpdateDate />
      <LastUpdateTime />
    </Product>
    <Product>
      <PriceUpdateDate>2019/01/07 10:57</PriceUpdateDate>
      <ItemCode>18000701223</ItemCode>
      <ItemType>0</ItemType>
      <ItemName>פילסברי תערובת שוקולד</ItemName>
      <ManufactureName>ליימן שליסל בעמ</ManufactureName>
      <ManufactureCountry />
      <ManufactureItemDescription />
      <UnitQty>יח`</UnitQty>
      <Quantity>5.17</Quantity>
      <UnitMeasure>100 גרם</UnitMeasure>
      <BisWeighted>0</BisWeighted>
      <QtyInPackage>1</QtyInPackage>
      <ItemPrice>18.90</ItemPrice>
      <UnitOfMeasurePrice>3.66</UnitOfMeasurePrice>
      <AllowDiscount>1</AllowDiscount>
      <itemStatus>1</itemStatus>
      <LastUpdateDate />
      <LastUpdateTime />
    </Product>
    <Product>
      <PriceUpdateDate>2018/04/24 09:20</PriceUpdateDate>
      <ItemCode>18000703494</ItemCode>
      <ItemType>0</ItemType>
      <ItemName>תערובת להכנת עוגת וניל פילסברי (500 גר</ItemName>
      <ManufactureName>ליימן שליסל בעמ</ManufactureName>
      <ManufactureCountry />
      <ManufactureItemDescription />
      <UnitQty>יח`</UnitQty>
      <Quantity>5.24</Quantity>
      <UnitMeasure>100 גרם</UnitMeasure>
      <BisWeighted>0</BisWeighted>
      <QtyInPackage>1</QtyInPackage>
      <ItemPrice>18.90</ItemPrice>
      <UnitOfMeasurePrice>3.61</UnitOfMeasurePrice>
      <AllowDiscount>1</AllowDiscount>
      <itemStatus>1</itemStatus>
      <LastUpdateDate />
      <LastUpdateTime />
    </Product>
    <Product>
      <PriceUpdateDate>2018/04/24 09:20</PriceUpdateDate>
      <ItemCode>18000703517</ItemCode>
      <ItemType>0</ItemType>
      <ItemName>פילסברי תערובת שיש</ItemName>
      <ManufactureName>ליימן שליסל בעמ</ManufactureName>
      <ManufactureCountry />
      <ManufactureItemDescription />
      <UnitQty>יח`</UnitQty>
      <Quantity>5.59</Quantity>
      <UnitMeasure>100 גרם</UnitMeasure>
      <BisWeighted>0</BisWeighted>
      <QtyInPackage>1</QtyInPackage>
      <ItemPrice>18.90</ItemPrice>
      <UnitOfMeasurePrice>3.38</UnitOfMeasurePrice>
      <AllowDiscount>1</AllowDiscount>
      <itemStatus>1</itemStatus>
      <LastUpdateDate />
      <LastUpdateTime />
    </Product>
    <Product>
      <PriceUpdateDate>2018/04/24 09:20</PriceUpdateDate>
      <ItemCode>18000766413</ItemCode>
      <ItemType>0</ItemType>
      <ItemName>תערובת לעוגת בראוניס פילסברי (550 גרם)</ItemName>
      <ManufactureName>ליימן שליסל בעמ</ManufactureName>
      <ManufactureCountry />
      <ManufactureItemDescription />
      <UnitQty>יח`</UnitQty>
      <Quantity>6.09</Quantity>
      <UnitMeasure>100 גרם</UnitMeasure>
      <BisWeighted>0</BisWeighted>
      <QtyInPackage>1</QtyInPackage>
      <ItemPrice>18.90</ItemPrice>
      <UnitOfMeasurePrice>3.10</UnitOfMeasurePrice>
      <AllowDiscount>1</AllowDiscount>
      <itemStatus>1</itemStatus>
      <LastUpdateDate />
      <LastUpdateTime />
    </Product>
    <Product>
      <PriceUpdateDate>2018/04/24 10:32</PriceUpdateDate>
      <ItemCode>22200956949</ItemCode>
      <ItemType>0</ItemType>
      <ItemName>ספיד סטיק 24/7 גל כתום</ItemName>
      <ManufactureName>ש.שסטוביץ בעמ</ManufactureName>
      <ManufactureCountry />
      <ManufactureItemDescription />
      <UnitQty>יח`</UnitQty>
      <Quantity>0.51</Quantity>
      <UnitMeasure>100 גרם</UnitMeasure>
      <BisWeighted>0</BisWeighted>
      <QtyInPackage>1</QtyInPackage>
      <ItemPrice>17.90</ItemPrice>
      <UnitOfMeasurePrice>35.10</UnitOfMeasurePrice>
      <AllowDiscount>0</AllowDiscount>
      <itemStatus>1</itemStatus>
      <LastUpdateDate />
      <LastUpdateTime />
    </Product>
    <Product>
      <PriceUpdateDate>2018/04/24 09:33</PriceUpdateDate>
      <ItemCode>25675120006</ItemCode>
      <ItemType>0</ItemType>
      <ItemName>חמצוצים 4 צבעים 100 גרם</ItemName>
      <ManufactureName>גורי ע.ע.ע בעמ</ManufactureName>
      <ManufactureCountry />
      <ManufactureItemDescription />
      <UnitQty>יח`</UnitQty>
      <Quantity>1</Quantity>
      <UnitMeasure>100 גרם</UnitMeasure>
      <BisWeighted>0</BisWeighted>
      <QtyInPackage>1</QtyInPackage>
      <ItemPrice>7.90</ItemPrice>
      <UnitOfMeasurePrice>7.90</UnitOfMeasurePrice>
      <AllowDiscount>0</AllowDiscount>
      <itemStatus>1</itemStatus>
      <LastUpdateDate />
      <LastUpdateTime />
    </Product>
    <Product>
      <PriceUpdateDate>2018/04/24 09:41</PriceUpdateDate>
      <ItemCode>25675120020</ItemCode>
      <ItemType>0</ItemType>
      <ItemName>מקלות חמוצות 100</ItemName>
      <ManufactureName>גורי ע.ע.ע בעמ</ManufactureName>
      <ManufactureCountry />
      <ManufactureItemDescription />
      <UnitQty>יח`</UnitQty>
      <Quantity>1</Quantity>
      <UnitMeasure>100 גרם</UnitMeasure>
      <BisWeighted>0</BisWeighted>
      <QtyInPackage>1</QtyInPackage>
      <ItemPrice>7.90</ItemPrice>
      <UnitOfMeasurePrice>7.90</UnitOfMeasurePrice>
      <AllowDiscount>0</AllowDiscount>
      <itemStatus>1</itemStatus>
      <LastUpdateDate />
      <LastUpdateTime />
    </Product>
    <Product>
      <PriceUpdateDate>2018/04/24 09:41</PriceUpdateDate>
      <ItemCode>25675120037</ItemCode>
      <ItemType>0</ItemType>
      <ItemName>מקלות חמוצות 100</ItemName>
      <ManufactureName>גורי ע.ע.ע בעמ</ManufactureName>
      <ManufactureCountry />
      <ManufactureItemDescription />
      <UnitQty>יח`</UnitQty>
      <Quantity>1</Quantity>
      <UnitMeasure>100 גרם</UnitMeasure>
      <BisWeighted>0</BisWeighted>
      <QtyInPackage>1</QtyInPackage>
      <ItemPrice>7.90</ItemPrice>
      <UnitOfMeasurePrice>7.90</UnitOfMeasurePrice>
      <AllowDiscount>0</AllowDiscount>
      <itemStatus>1</itemStatus>
      <LastUpdateDate />
      <LastUpdateTime />
    </Product>
    <Product>
      <PriceUpdateDate>2018/04/24 09:41</PriceUpdateDate>
      <ItemCode>25675120044</ItemCode>
      <ItemType>0</ItemType>
      <ItemName>מקלות חמוצות 100</ItemName>
      <ManufactureName>גורי ע.ע.ע בעמ</ManufactureName>
      <ManufactureCountry />
      <ManufactureItemDescription />
      <UnitQty>יח`</UnitQty>
      <Quantity>1</Quantity>
      <UnitMeasure>100 גרם</UnitMeasure>
      <BisWeighted>0</BisWeighted>
      <QtyInPackage>1</QtyInPackage>
      <ItemPrice>7.90</ItemPrice>
      <UnitOfMeasurePrice>7.90</UnitOfMeasurePrice>
      <AllowDiscount>0</AllowDiscount>
      <itemStatus>1</itemStatus>
      <LastUpdateDate />
      <LastUpdateTime />
    </Product>
    <Product>
      <PriceUpdateDate>2018/04/24 09:41</PriceUpdateDate>
      <ItemCode>25675120068</ItemCode>
      <ItemType>0</ItemType>
      <ItemName>מקלות חמוצות 100</ItemName>
      <ManufactureName>גורי ע.ע.ע בעמ</ManufactureName>
      <ManufactureCountry />
      <ManufactureItemDescription />
      <UnitQty>יח`</UnitQty>
      <Quantity>1</Quantity>
      <UnitMeasure>100 גרם</UnitMeasure>
      <BisWeighted>0</BisWeighted>
      <QtyInPackage>1</QtyInPackage>
      <ItemPrice>7.90</ItemPrice>
      <UnitOfMeasurePrice>7.90</UnitOfMeasurePrice>
      <AllowDiscount>0</AllowDiscount>
      <itemStatus>1</itemStatus>
      <LastUpdateDate />
      <LastUpdateTime />
    </Product>
    <Product>
      <PriceUpdateDate>2018/04/24 12:38</PriceUpdateDate>
      <ItemCode>33617000026</ItemCode>
      <ItemType>0</ItemType>
      <ItemName>וואזה מקמח מלא 260גר</ItemName>
      <ManufactureName>גורי מוצרי צריכה (1991) בעמ</ManufactureName>
      <ManufactureCountry />
      <ManufactureItemDescription />
      <UnitQty>יח`</UnitQty>
      <Quantity>2.60</Quantity>
      <UnitMeasure>100 גרם</UnitMeasure>
      <BisWeighted>0</BisWeighted>
      <QtyInPackage>1</QtyInPackage>
      <ItemPrice>11.90</ItemPrice>
      <UnitOfMeasurePrice>4.58</UnitOfMeasurePrice>
      <AllowDiscount>0</AllowDiscount>
      <itemStatus>1</itemStatus>
      <LastUpdateDate />
      <LastUpdateTime />
    </Product>
    <Product>
      <PriceUpdateDate>2018/04/24 10:48</PriceUpdateDate>
      <ItemCode>34000544028</ItemCode>
      <ItemType>0</ItemType>
      <ItemName>חטיף גומ טויז תות</ItemName>
      <ManufactureName>ליימן שליסל בעמ</ManufactureName>
      <ManufactureCountry />
      <ManufactureItemDescription />
      <UnitQty>יח`</UnitQty>
      <Quantity>1.98</Quantity>
      <UnitMeasure>100 גרם</UnitMeasure>
      <BisWeighted>0</BisWeighted>
      <QtyInPackage>1</QtyInPackage>
      <ItemPrice>8.90</ItemPrice>
      <UnitOfMeasurePrice>4.49</UnitOfMeasurePrice>
      <AllowDiscount>0</AllowDiscount>
      <itemStatus>1</itemStatus>
      <LastUpdateDate />
      <LastUpdateTime />
    </Product>
    <Product>
      <PriceUpdateDate>2018/07/25 13:20</PriceUpdateDate>
      <ItemCode>35000683014</ItemCode>
      <ItemType>0</ItemType>
      <ItemName>מברשת שיניים קולגייט רוטטת אופטיק וויט 3</ItemName>
      <ManufactureName>פארמה דיל (פ.א.ב.) שיווק והפצה</ManufactureName>
      <ManufactureCountry />
      <ManufactureItemDescription />
      <UnitQty>יח`</UnitQty>
      <Quantity>1</Quantity>
      <UnitMeasure />
      <BisWeighted>0</BisWeighted>
      <QtyInPackage>1</QtyInPackage>
      <ItemPrice>29.90</ItemPrice>
      <UnitOfMeasurePrice>29.90</UnitOfMeasurePrice>
      <AllowDiscount>0</AllowDiscount>
      <itemStatus>1</itemStatus>
      <LastUpdateDate />
      <LastUpdateTime />
    </Product>
    <Product>
      <PriceUpdateDate>2019/12/25 08:27</PriceUpdateDate>
      <ItemCode>36000516876</ItemCode>
      <ItemType>0</ItemType>
      <ItemName>ממחטות לושן שלוש שכבות בקוביה קלינקס (75</ItemName>
      <ManufactureName>קימברלי קלארק ישראל שיווק בעמ</ManufactureName>
      <ManufactureCountry />
      <ManufactureItemDescription />
      <UnitQty>יח`</UnitQty>
      <Quantity>1</Quantity>
      <UnitMeasure />
      <BisWeighted>0</BisWeighted>
      <QtyInPackage>1</QtyInPackage>
      <ItemPrice>11.90</ItemPrice>
      <UnitOfMeasurePrice>11.90</UnitOfMeasurePrice>
      <AllowDiscount>0</AllowDiscount>
      <itemStatus>1</itemStatus>
      <LastUpdateDate />
      <LastUpdateTime />
    </Product>
    <Product>
      <PriceUpdateDate>2019/12/25 08:27</PriceUpdateDate>
      <ItemCode>36000516890</ItemCode>
      <ItemType>0</ItemType>
      <ItemName>ממחטות לושן שלוש שכבות קלינקס (120)</ItemName>
      <ManufactureName>קימברלי קלארק ישראל שיווק בעמ</ManufactureName>
      <ManufactureCountry />
      <ManufactureItemDescription />
      <UnitQty>יח`</UnitQty>
      <Quantity>4.15</Quantity>
      <UnitMeasure>100 גרם</UnitMeasure>
      <BisWeighted>0</BisWeighted>
      <QtyInPackage>1</QtyInPackage>
      <ItemPrice>19.90</ItemPrice>
      <UnitOfMeasurePrice>4.80</UnitOfMeasurePrice>
      <AllowDiscount>1</AllowDiscount>
      <itemStatus>1</itemStatus>
      <LastUpdateDate />
      <LastUpdateTime />
    </Product>
    <Product>
      <PriceUpdateDate>2018/10/24 11:45</PriceUpdateDate>
      <ItemCode>37600207256</ItemCode>
      <ItemType>0</ItemType>
      <ItemName>חמאת בוטנים עם שברי בוטנים 462ג סקיפי</ItemName>
      <ManufactureName>דיפלומט היינץ</ManufactureName>
      <ManufactureCountry />
      <ManufactureItemDescription />
      <UnitQty>יח`</UnitQty>
      <Quantity>4.62</Quantity>
      <UnitMeasure>100 גרם</UnitMeasure>
      <BisWeighted>0</BisWeighted>
      <QtyInPackage>1</QtyInPackage>
      <ItemPrice>19.90</ItemPrice>
      <UnitOfMeasurePrice>4.31</UnitOfMeasurePrice>
      <AllowDiscount>0</AllowDiscount>
      <itemStatus>1</itemStatus>
      <LastUpdateDate />
      <LastUpdateTime />
    </Product>
    <Product>
      <PriceUpdateDate>2018/10/24 11:45</PriceUpdateDate>
      <ItemCode>37600207287</ItemCode>
      <ItemType>0</ItemType>
      <ItemName>חמאת בוטנים סקיפי עם דבש 462 גרם</ItemName>
      <ManufactureName>דיפלומט היינץ</ManufactureName>
      <ManufactureCountry />
      <ManufactureItemDescription />
      <UnitQty>יח`</UnitQty>
      <Quantity>4.62</Quantity>
      <UnitMeasure>100 גרם</UnitMeasure>
      <BisWeighted>0</BisWeighted>
      <QtyInPackage>1</QtyInPackage>
      <ItemPrice>19.90</ItemPrice>
      <UnitOfMeasurePrice>4.31</UnitOfMeasurePrice>
      <AllowDiscount>0</AllowDiscount>
      <itemStatus>1</itemStatus>
      <LastUpdateDate />
      <LastUpdateTime />
    </Product>
    <Product>
      <PriceUpdateDate>2018/07/05 11:26</PriceUpdateDate>
      <ItemCode>38000138416</ItemCode>
      <ItemType>0</ItemType>
      <ItemName>חטיף צ`יפס אורגינל פרינגלס (149 גרם)</ItemName>
      <ManufactureName>דיפלומט היינץ</ManufactureName>
      <ManufactureCountry />
      <ManufactureItemDescription />
      <UnitQty>יח`</UnitQty>
      <Quantity>1.49</Quantity>
      <UnitMeasure>100 גרם</UnitMeasure>
      <BisWeighted>0</BisWeighted>
      <QtyInPackage>1</QtyInPackage>
      <ItemPrice>9.90</ItemPrice>
      <UnitOfMeasurePrice>6.64</UnitOfMeasurePrice>
      <AllowDiscount>0</AllowDiscount>
      <itemStatus>1</itemStatus>
      <LastUpdateDate />
      <LastUpdateTime />
    </Product>
    <Product>
      <PriceUpdateDate>2018/07/05 11:26</PriceUpdateDate>
      <ItemCode>38000138430</ItemCode>
      <ItemType>0</ItemType>
      <ItemName>פרינגלס שמנת בצל 158 גר</ItemName>
      <ManufactureName>דיפלומט היינץ</ManufactureName>
      <ManufactureCountry />
      <ManufactureItemDescription />
      <UnitQty>יח`</UnitQty>
      <Quantity>1.58</Quantity>
      <UnitMeasure>100 גרם</UnitMeasure>
      <BisWeighted>0</BisWeighted>
      <QtyInPackage>1</QtyInPackage>
      <ItemPrice>9.90</ItemPrice>
      <UnitOfMeasurePrice>6.27</UnitOfMeasurePrice>
      <AllowDiscount>0</AllowDiscount>
      <itemStatus>1</itemStatus>
      <LastUpdateDate />
      <LastUpdateTime />
    </Product>
    <Product>
      <PriceUpdateDate>2019/06/21 07:03</PriceUpdateDate>
      <ItemCode>38000138607</ItemCode>
      <ItemType>0</ItemType>
      <ItemName>חטיף צ`יפס חמוץ מלוח פרינגלס (158 גרם)</ItemName>
      <ManufactureName>דיפלומט היינץ</ManufactureName>
      <ManufactureCountry />
      <ManufactureItemDescription />
      <UnitQty>יח`</UnitQty>
      <Quantity>1.58</Quantity>
      <UnitMeasure>100 גרם</UnitMeasure>
      <BisWeighted>0</BisWeighted>
      <QtyInPackage>1</QtyInPackage>
      <ItemPrice>9.90</ItemPrice>
      <UnitOfMeasurePrice>6.27</UnitOfMeasurePrice>
      <AllowDiscount>1</AllowDiscount>
      <itemStatus>1</itemStatus>
      <LastUpdateDate />
      <LastUpdateTime />
    </Product>
    <Product>
      <PriceUpdateDate>2018/07/05 11:26</PriceUpdateDate>
      <ItemCode>38000138638</ItemCode>
      <ItemType>0</ItemType>
      <ItemName>פרינגלס פיצה 158 גר</ItemName>
      <ManufactureName>דיפלומט היינץ</ManufactureName>
      <ManufactureCountry />
      <ManufactureItemDescription />
      <UnitQty>יח`</UnitQty>
      <Quantity>1.58</Quantity>
      <UnitMeasure>100 גרם</UnitMeasure>
      <BisWeighted>0</BisWeighted>
      <QtyInPackage>1</QtyInPackage>
      <ItemPrice>9.90</ItemPrice>
      <UnitOfMeasurePrice>6.27</UnitOfMeasurePrice>
      <AllowDiscount>1</AllowDiscount>
      <itemStatus>1</itemStatus>
      <LastUpdateDate />
      <LastUpdateTime />
    </Product>
    <Product>
      <PriceUpdateDate>2018/07/23 10:22</PriceUpdateDate>
      <ItemCode>38000138720</ItemCode>
      <ItemType>0</ItemType>
      <ItemName>חטיף צ`יפס ראנץ` פרינגלס (158 גרם)</ItemName>
      <ManufactureName>דיפלומט היינץ</ManufactureName>
      <ManufactureCountry />
      <ManufactureItemDescription />
      <UnitQty>יח`</UnitQty>
      <Quantity>1.58</Quantity>
      <UnitMeasure>100 גרם</UnitMeasure>
      <BisWeighted>0</BisWeighted>
      <QtyInPackage>1</QtyInPackage>
      <ItemPrice>9.90</ItemPrice>
      <UnitOfMeasurePrice>6.27</UnitOfMeasurePrice>
      <AllowDiscount>1</AllowDiscount>
      <itemStatus>1</itemStatus>
      <LastUpdateDate />
      <LastUpdateTime />
    </Product>
    <Product>
      <PriceUpdateDate>2018/07/05 11:26</PriceUpdateDate>
      <ItemCode>38000138874</ItemCode>
      <ItemType>0</ItemType>
      <ItemName>פרינגלס חלפינו 158 גר</ItemName>
      <ManufactureName>דיפלומט היינץ</ManufactureName>
      <ManufactureCountry />
      <ManufactureItemDescription />
      <UnitQty>יח`</UnitQty>
      <Quantity>1.58</Quantity>
      <UnitMeasure>100 גרם</UnitMeasure>
      <BisWeighted>0</BisWeighted>
      <QtyInPackage>1</QtyInPackage>
      <ItemPrice>9.90</ItemPrice>
      <UnitOfMeasurePrice>6.27</UnitOfMeasurePrice>
      <AllowDiscount>1</AllowDiscount>
      <itemStatus>1</itemStatus>
      <LastUpdateDate />
      <LastUpdateTime />
    </Product>
    <Product>
      <PriceUpdateDate>2020/02/26 06:49</PriceUpdateDate>
      <ItemCode>38000232152</ItemCode>
      <ItemType>0</ItemType>
      <ItemName>פרינגלס ביג ברביקין 158 גר</ItemName>
      <ManufactureName>דיפלומט היינץ</ManufactureName>
      <ManufactureCountry />
      <ManufactureItemDescription />
      <UnitQty>יח`</UnitQty>
      <Quantity>1.58</Quantity>
      <UnitMeasure>100 גרם</UnitMeasure>
      <BisWeighted>0</BisWeighted>
      <QtyInPackage>1</QtyInPackage>
      <ItemPrice>9.90</ItemPrice>
      <UnitOfMeasurePrice>6.27</UnitOfMeasurePrice>
      <AllowDiscount>1</AllowDiscount>
      <itemStatus>1</itemStatus>
      <LastUpdateDate />
      <LastUpdateTime />
    </Product>
    <Product>
      <PriceUpdateDate>2020/02/26 06:49</PriceUpdateDate>
      <ItemCode>38000232176</ItemCode>
      <ItemType>0</ItemType>
      <ItemName>פרינגלס ביג שמנת בצל 158 גר</ItemName>
      <ManufactureName>דיפלומט היינץ</ManufactureName>
      <ManufactureCountry />
      <ManufactureItemDescription />
      <UnitQty>יח`</UnitQty>
      <Quantity>1.58</Quantity>
      <UnitMeasure>100 גרם</UnitMeasure>
      <BisWeighted>0</BisWeighted>
      <QtyInPackage>1</QtyInPackage>
      <ItemPrice>9.90</ItemPrice>
      <UnitOfMeasurePrice>6.27</UnitOfMeasurePrice>
      <AllowDiscount>1</AllowDiscount>
      <itemStatus>1</itemStatus>
      <LastUpdateDate />
      <LastUpdateTime />
    </Product>
    <Product>
      <PriceUpdateDate>2020/02/26 06:49</PriceUpdateDate>
      <ItemCode>38000232183</ItemCode>
      <ItemType>0</ItemType>
      <ItemName>חטיף צ`יפס אורגינל ביג פרינגלס (149 גרם)</ItemName>
      <ManufactureName>דיפלומט היינץ</ManufactureName>
      <ManufactureCountry />
      <ManufactureItemDescription />
      <UnitQty>יח`</UnitQty>
      <Quantity>1.49</Quantity>
      <UnitMeasure>100 גרם</UnitMeasure>
      <BisWeighted>0</BisWeighted>
      <QtyInPackage>1</QtyInPackage>
      <ItemPrice>9.90</ItemPrice>
      <UnitOfMeasurePrice>6.64</UnitOfMeasurePrice>
      <AllowDiscount>1</AllowDiscount>
      <itemStatus>1</itemStatus>
      <LastUpdateDate />
      <LastUpdateTime />
    </Product>
    <Product>
      <PriceUpdateDate>2018/08/05 11:28</PriceUpdateDate>
      <ItemCode>38527591053</ItemCode>
      <ItemType>0</ItemType>
      <ItemName>דגנים מרובעים קינמון קוואקר (411 גרם)</ItemName>
      <ManufactureName>שטראוס פריטו ליי בעמ</ManufactureName>
      <ManufactureCountry />
      <ManufactureItemDescription />
      <UnitQty>יח`</UnitQty>
      <Quantity>4.12</Quantity>
      <UnitMeasure>100 גרם</UnitMeasure>
      <BisWeighted>0</BisWeighted>
      <QtyInPackage>1</QtyInPackage>
      <ItemPrice>19.90</ItemPrice>
      <UnitOfMeasurePrice>4.83</UnitOfMeasurePrice>
      <AllowDiscount>1</AllowDiscount>
      <itemStatus>1</itemStatus>
      <LastUpdateDate />
      <LastUpdateTime />
    </Product>
    <Product>
      <PriceUpdateDate>2018/04/24 11:10</PriceUpdateDate>
      <ItemCode>38527591060</ItemCode>
      <ItemType>0</ItemType>
      <ItemName>דגנים מרובעים קוואקר (411 גרם)</ItemName>
      <ManufactureName>שטראוס פריטו ליי בעמ</ManufactureName>
      <ManufactureCountry />
      <ManufactureItemDescription />
      <UnitQty>יח`</UnitQty>
      <Quantity>4.12</Quantity>
      <UnitMeasure>100 גרם</UnitMeasure>
      <BisWeighted>0</BisWeighted>
      <QtyInPackage>1</QtyInPackage>
      <ItemPrice>19.90</ItemPrice>
      <UnitOfMeasurePrice>4.83</UnitOfMeasurePrice>
      <AllowDiscount>1</AllowDiscount>
      <itemStatus>1</itemStatus>
      <LastUpdateDate />
      <LastUpdateTime />
    </Product>
    <Product>
      <PriceUpdateDate>2018/04/24 09:35</PriceUpdateDate>
      <ItemCode>38527591121</ItemCode>
      <ItemType>0</ItemType>
      <ItemName>קפטן קראנץ דגני תירס 398 גר`</ItemName>
      <ManufactureName>שטראוס פריטו ליי בעמ</ManufactureName>
      <ManufactureCountry />
      <ManufactureItemDescription />
      <UnitQty>יח`</UnitQty>
      <Quantity>3.98</Quantity>
      <UnitMeasure>100 גרם</UnitMeasure>
      <BisWeighted>0</BisWeighted>
      <QtyInPackage>1</QtyInPackage>
      <ItemPrice>19.90</ItemPrice>
      <UnitOfMeasurePrice>5</UnitOfMeasurePrice>
      <AllowDiscount>1</AllowDiscount>
      <itemStatus>1</itemStatus>
      <LastUpdateDate />
      <LastUpdateTime />
    </Product>
    <Product>
      <PriceUpdateDate>2018/04/24 13:04</PriceUpdateDate>
      <ItemCode>39825010918</ItemCode>
      <ItemType>0</ItemType>
      <ItemName>משחת בלונים שלישייה ספיידרמן 6 יח</ItemName>
      <ManufactureName>אינובייטיב טוייס בעמ</ManufactureName>
      <ManufactureCountry />
      <ManufactureItemDescription />
      <UnitQty>יח`</UnitQty>
      <Quantity>1</Quantity>
      <UnitMeasure />
      <BisWeighted>0</BisWeighted>
      <QtyInPackage>1</QtyInPackage>
      <ItemPrice>24.90</ItemPrice>
      <UnitOfMeasurePrice>24.90</UnitOfMeasurePrice>
      <AllowDiscount>0</AllowDiscount>
      <itemStatus>1</itemStatus>
      <LastUpdateDate />
      <LastUpdateTime />
    </Product>
    <Product>
      <PriceUpdateDate>2018/04/24 13:04</PriceUpdateDate>
      <ItemCode>40000494836</ItemCode>
      <ItemType>0</ItemType>
      <ItemName>מ@מס קריספי 80 גר</ItemName>
      <ManufactureName>מרס ריגלי ישראל בעמ</ManufactureName>
      <ManufactureCountry />
      <ManufactureItemDescription />
      <UnitQty>יח`</UnitQty>
      <Quantity>0.80</Quantity>
      <UnitMeasure>100 גרם</UnitMeasure>
      <BisWeighted>0</BisWeighted>
      <QtyInPackage>1</QtyInPackage>
      <ItemPrice>5.90</ItemPrice>
      <UnitOfMeasurePrice>7.38</UnitOfMeasurePrice>
      <AllowDiscount>0</AllowDiscount>
      <itemStatus>1</itemStatus>
      <LastUpdateDate />
      <LastUpdateTime />
    </Product>
    <Product>
      <PriceUpdateDate>2018/05/18 09:20</PriceUpdateDate>
      <ItemCode>40000512943</ItemCode>
      <ItemType>0</ItemType>
      <ItemName>M M שוקולד 303 גר`</ItemName>
      <ManufactureName>מרס ריגלי ישראל בעמ</ManufactureName>
      <ManufactureCountry />
      <ManufactureItemDescription />
      <UnitQty>יח`</UnitQty>
      <Quantity>3.03</Quantity>
      <UnitMeasure>100 גרם</UnitMeasure>
      <BisWeighted>0</BisWeighted>
      <QtyInPackage>1</QtyInPackage>
      <ItemPrice>19.90</ItemPrice>
      <UnitOfMeasurePrice>6.57</UnitOfMeasurePrice>
      <AllowDiscount>0</AllowDiscount>
      <itemStatus>1</itemStatus>
      <LastUpdateDate />
      <LastUpdateTime />
    </Product>
    <Product>
      <PriceUpdateDate>2018/05/18 09:20</PriceUpdateDate>
      <ItemCode>40000513056</ItemCode>
      <ItemType>0</ItemType>
      <ItemName>M M בוטנים 303 גר`</ItemName>
      <ManufactureName>מרס ריגלי ישראל בעמ</ManufactureName>
      <ManufactureCountry />
      <ManufactureItemDescription />
      <UnitQty>יח`</UnitQty>
      <Quantity>3.03</Quantity>
      <UnitMeasure>100 גרם</UnitMeasure>
      <BisWeighted>0</BisWeighted>
      <QtyInPackage>1</QtyInPackage>
      <ItemPrice>19.90</ItemPrice>
      <UnitOfMeasurePrice>6.57</UnitOfMeasurePrice>
      <AllowDiscount>0</AllowDiscount>
      <itemStatus>1</itemStatus>
      <LastUpdateDate />
      <LastUpdateTime />
    </Product>
    <Product>
      <PriceUpdateDate>2018/04/24 13:08</PriceUpdateDate>
      <ItemCode>40000513568</ItemCode>
      <ItemType>0</ItemType>
      <ItemName>מ@מס 156 גר</ItemName>
      <ManufactureName>מרס ריגלי ישראל בעמ</ManufactureName>
      <ManufactureCountry />
      <ManufactureItemDescription />
      <UnitQty>יח`</UnitQty>
      <Quantity>1.56</Quantity>
      <UnitMeasure>100 גרם</UnitMeasure>
      <BisWeighted>0</BisWeighted>
      <QtyInPackage>1</QtyInPackage>
      <ItemPrice>9.90</ItemPrice>
      <UnitOfMeasurePrice>6.35</UnitOfMeasurePrice>
      <AllowDiscount>0</AllowDiscount>
      <itemStatus>1</itemStatus>
      <LastUpdateDate />
      <LastUpdateTime />
    </Product>
    <Product>
      <PriceUpdateDate>2018/04/24 13:08</PriceUpdateDate>
      <ItemCode>40000513582</ItemCode>
      <ItemType>0</ItemType>
      <ItemName>מ@מס בוטנים 156 גר</ItemName>
      <ManufactureName>מרס ריגלי ישראל בעמ</ManufactureName>
      <ManufactureCountry />
      <ManufactureItemDescription />
      <UnitQty>יח`</UnitQty>
      <Quantity>1.56</Quantity>
      <UnitMeasure>100 גרם</UnitMeasure>
      <BisWeighted>0</BisWeighted>
      <QtyInPackage>1</QtyInPackage>
      <ItemPrice>9.90</ItemPrice>
      <UnitOfMeasurePrice>6.35</UnitOfMeasurePrice>
      <AllowDiscount>0</AllowDiscount>
      <itemStatus>1</itemStatus>
      <LastUpdateDate />
      <LastUpdateTime />
    </Product>
    <Product>
      <PriceUpdateDate>2018/04/24 12:35</PriceUpdateDate>
      <ItemCode>40000514510</ItemCode>
      <ItemType>0</ItemType>
      <ItemName>עדשי שוקולד בוטנים אם אנד אם (49 גרם)</ItemName>
      <ManufactureName>מרס ריגלי ישראל בעמ</ManufactureName>
      <ManufactureCountry />
      <ManufactureItemDescription />
      <UnitQty>יח`</UnitQty>
      <Quantity>0.49</Quantity>
      <UnitMeasure>100 גרם</UnitMeasure>
      <BisWeighted>0</BisWeighted>
      <QtyInPackage>1</QtyInPackage>
      <ItemPrice>4.90</ItemPrice>
      <UnitOfMeasurePrice>10</UnitOfMeasurePrice>
      <AllowDiscount>1</AllowDiscount>
      <itemStatus>1</itemStatus>
      <LastUpdateDate />
      <LastUpdateTime />
    </Product>
    <Product>
      <PriceUpdateDate>2018/04/24 12:58</PriceUpdateDate>
      <ItemCode>41390001079</ItemCode>
      <ItemType>0</ItemType>
      <ItemName>רוטב סויה דל נתרן קיקומן (444 מל)</ItemName>
      <ManufactureName>דיפלומט היינץ</ManufactureName>
      <ManufactureCountry />
      <ManufactureItemDescription />
      <UnitQty>יח`</UnitQty>
      <Quantity>4.44</Quantity>
      <UnitMeasure>100 מ"ל</UnitMeasure>
      <BisWeighted>0</BisWeighted>
      <QtyInPackage>1</QtyInPackage>
      <ItemPrice>29.90</ItemPrice>
      <UnitOfMeasurePrice>6.73</UnitOfMeasurePrice>
      <AllowDiscount>1</AllowDiscount>
      <itemStatus>1</itemStatus>
      <LastUpdateDate />
      <LastUpdateTime />
    </Product>
    <Product>
      <PriceUpdateDate>2018/04/24 12:58</PriceUpdateDate>
      <ItemCode>41390010309</ItemCode>
      <ItemType>0</ItemType>
      <ItemName>רוטב טריאקי קיקומן (444 מל)</ItemName>
      <ManufactureName>דיפלומט היינץ</ManufactureName>
      <ManufactureCountry />
      <ManufactureItemDescription />
      <UnitQty>יח`</UnitQty>
      <Quantity>4.44</Quantity>
      <UnitMeasure>100 מ"ל</UnitMeasure>
      <BisWeighted>0</BisWeighted>
      <QtyInPackage>1</QtyInPackage>
      <ItemPrice>29.90</ItemPrice>
      <UnitOfMeasurePrice>6.73</UnitOfMeasurePrice>
      <AllowDiscount>1</AllowDiscount>
      <itemStatus>1</itemStatus>
      <LastUpdateDate />
      <LastUpdateTime />
    </Product>
    <Product>
      <PriceUpdateDate>2018/04/24 09:36</PriceUpdateDate>
      <ItemCode>46214372250</ItemCode>
      <ItemType>0</ItemType>
      <ItemName>עוגיות שטרודל תפוח עץ מרבה (225 גרם)</ItemName>
      <ManufactureName>ש.שסטוביץ בעמ</ManufactureName>
      <ManufactureCountry />
      <ManufactureItemDescription />
      <UnitQty>יח`</UnitQty>
      <Quantity>2.25</Quantity>
      <UnitMeasure>100 גרם</UnitMeasure>
      <BisWeighted>0</BisWeighted>
      <QtyInPackage>1</QtyInPackage>
      <ItemPrice>9.90</ItemPrice>
      <UnitOfMeasurePrice>4.40</UnitOfMeasurePrice>
      <AllowDiscount>1</AllowDiscount>
      <itemStatus>1</itemStatus>
      <LastUpdateDate />
      <LastUpdateTime />
    </Product>
    <Product>
      <PriceUpdateDate>2018/07/08 11:12</PriceUpdateDate>
      <ItemCode>46214731552</ItemCode>
      <ItemType>0</ItemType>
      <ItemName>עוגיות שוקולד צ`יפס מרבה (225 גרם)</ItemName>
      <ManufactureName>ש.שסטוביץ בעמ</ManufactureName>
      <ManufactureCountry />
      <ManufactureItemDescription />
      <UnitQty>יח`</UnitQty>
      <Quantity>2.25</Quantity>
      <UnitMeasure>100 גרם</UnitMeasure>
      <BisWeighted>0</BisWeighted>
      <QtyInPackage>1</QtyInPackage>
      <ItemPrice>9.90</ItemPrice>
      <UnitOfMeasurePrice>4.40</UnitOfMeasurePrice>
      <AllowDiscount>1</AllowDiscount>
      <itemStatus>1</itemStatus>
      <LastUpdateDate />
      <LastUpdateTime />
    </Product>
    <Product>
      <PriceUpdateDate>2019/09/08 10:47</PriceUpdateDate>
      <ItemCode>50000100347</ItemCode>
      <ItemType>0</ItemType>
      <ItemName>פריסקיז מעדני חתול</ItemName>
      <ManufactureName>קבוצת אסם סחר שות. מוגבלת</ManufactureName>
      <ManufactureCountry />
      <ManufactureItemDescription />
      <UnitQty>יח`</UnitQty>
      <Quantity>1.40</Quantity>
      <UnitMeasure>ק"ג</UnitMeasure>
      <BisWeighted>0</BisWeighted>
      <QtyInPackage>1</QtyInPackage>
      <ItemPrice>39.90</ItemPrice>
      <UnitOfMeasurePrice>28.50</UnitOfMeasurePrice>
      <AllowDiscount>0</AllowDiscount>
      <itemStatus>1</itemStatus>
      <LastUpdateDate />
      <LastUpdateTime />
    </Product>
    <Product>
      <PriceUpdateDate>2018/04/24 09:49</PriceUpdateDate>
      <ItemCode>50000423347</ItemCode>
      <ItemType>0</ItemType>
      <ItemName>מזון חתולים רטוב סלמון פריסקיז (156 גרם)</ItemName>
      <ManufactureName>קבוצת אסם סחר שות. מוגבלת</ManufactureName>
      <ManufactureCountry />
      <ManufactureItemDescription />
      <UnitQty>יח`</UnitQty>
      <Quantity>1.56</Quantity>
      <UnitMeasure>100 גרם</UnitMeasure>
      <BisWeighted>0</BisWeighted>
      <QtyInPackage>1</QtyInPackage>
      <ItemPrice>6.90</ItemPrice>
      <UnitOfMeasurePrice>4.42</UnitOfMeasurePrice>
      <AllowDiscount>0</AllowDiscount>
      <itemStatus>1</itemStatus>
      <LastUpdateDate />
      <LastUpdateTime />
    </Product>
    <Product>
      <PriceUpdateDate>2018/04/24 12:45</PriceUpdateDate>
      <ItemCode>51141348346</ItemCode>
      <ItemType>0</ItemType>
      <ItemName>מתלה שקוף קטן עם שני פסי הדבקה</ItemName>
      <ManufactureName>א.מ. דיוויסלי בעמ</ManufactureName>
      <ManufactureCountry />
      <ManufactureItemDescription />
      <UnitQty>יח`</UnitQty>
      <Quantity>1</Quantity>
      <UnitMeasure />
      <BisWeighted>0</BisWeighted>
      <QtyInPackage>1</QtyInPackage>
      <ItemPrice>15.90</ItemPrice>
      <UnitOfMeasurePrice>15.90</UnitOfMeasurePrice>
      <AllowDiscount>0</AllowDiscount>
      <itemStatus>1</itemStatus>
      <LastUpdateDate />
      <LastUpdateTime />
    </Product>
    <Product>
      <PriceUpdateDate>2018/04/24 12:45</PriceUpdateDate>
      <ItemCode>51141917733</ItemCode>
      <ItemType>0</ItemType>
      <ItemName>סופר גלו נוזלי בבקבוק פטנט</ItemName>
      <ManufactureName>א.מ. דיוויסלי בעמ</ManufactureName>
      <ManufactureCountry />
      <ManufactureItemDescription />
      <UnitQty>יח`</UnitQty>
      <Quantity>1</Quantity>
      <UnitMeasure />
      <BisWeighted>0</BisWeighted>
      <QtyInPackage>1</QtyInPackage>
      <ItemPrice>20.90</ItemPrice>
      <UnitOfMeasurePrice>20.90</UnitOfMeasurePrice>
      <AllowDiscount>0</AllowDiscount>
      <itemStatus>1</itemStatus>
      <LastUpdateDate />
      <LastUpdateTime />
    </Product>
    <Product>
      <PriceUpdateDate>2018/12/03 08:10</PriceUpdateDate>
      <ItemCode>55369901703</ItemCode>
      <ItemType>0</ItemType>
      <ItemName>רביעיות רסק תפוחי עץ תות שדה ללא תוספת ס</ItemName>
      <ManufactureName>מור-ים מרקטינג בעמ</ManufactureName>
      <ManufactureCountry />
      <ManufactureItemDescription />
      <UnitQty>יח`</UnitQty>
      <Quantity>4.52</Quantity>
      <UnitMeasure>100 גרם</UnitMeasure>
      <BisWeighted>0</BisWeighted>
      <QtyInPackage>1</QtyInPackage>
      <ItemPrice>13.90</ItemPrice>
      <UnitOfMeasurePrice>3.08</UnitOfMeasurePrice>
      <AllowDiscount>0</AllowDiscount>
      <itemStatus>1</itemStatus>
      <LastUpdateDate />
      <LastUpdateTime />
    </Product>
    <Product>
      <PriceUpdateDate>2018/12/03 08:10</PriceUpdateDate>
      <ItemCode>55369902557</ItemCode>
      <ItemType>0</ItemType>
      <ItemName>רביעות רסק תפוחי עץ ממותק בסגנון ביתי 45</ItemName>
      <ManufactureName>מור-ים מרקטינג בעמ</ManufactureName>
      <ManufactureCountry />
      <ManufactureItemDescription />
      <UnitQty>יח`</UnitQty>
      <Quantity>4.52</Quantity>
      <UnitMeasure>100 גרם</UnitMeasure>
      <BisWeighted>0</BisWeighted>
      <QtyInPackage>1</QtyInPackage>
      <ItemPrice>13.90</ItemPrice>
      <UnitOfMeasurePrice>3.08</UnitOfMeasurePrice>
      <AllowDiscount>0</AllowDiscount>
      <itemStatus>1</itemStatus>
      <LastUpdateDate />
      <LastUpdateTime />
    </Product>
    <Product>
      <PriceUpdateDate>2018/12/03 08:10</PriceUpdateDate>
      <ItemCode>55369902564</ItemCode>
      <ItemType>0</ItemType>
      <ItemName>רביעיות רסק תפוחי עץ ללא תוספת סוכר 452</ItemName>
      <ManufactureName>מור-ים מרקטינג בעמ</ManufactureName>
      <ManufactureCountry />
      <ManufactureItemDescription />
      <UnitQty>יח`</UnitQty>
      <Quantity>4.52</Quantity>
      <UnitMeasure>100 גרם</UnitMeasure>
      <BisWeighted>0</BisWeighted>
      <QtyInPackage>1</QtyInPackage>
      <ItemPrice>13.90</ItemPrice>
      <UnitOfMeasurePrice>3.08</UnitOfMeasurePrice>
      <AllowDiscount>0</AllowDiscount>
      <itemStatus>1</itemStatus>
      <LastUpdateDate />
      <LastUpdateTime />
    </Product>
    <Product>
      <PriceUpdateDate>2019/12/04 08:40</PriceUpdateDate>
      <ItemCode>55500012046</ItemCode>
      <ItemType>0</ItemType>
      <ItemName>תרסיס ניקוי כללי כלורוקס (946 מל)</ItemName>
      <ManufactureName>גורי מוצרי צריכה (1991) בעמ</ManufactureName>
      <ManufactureCountry />
      <ManufactureItemDescription />
      <UnitQty>יח`</UnitQty>
      <Quantity>9.46</Quantity>
      <UnitMeasure>100 מ"ל</UnitMeasure>
      <BisWeighted>0</BisWeighted>
      <QtyInPackage>1</QtyInPackage>
      <ItemPrice>17.90</ItemPrice>
      <UnitOfMeasurePrice>1.89</UnitOfMeasurePrice>
      <AllowDiscount>0</AllowDiscount>
      <itemStatus>1</itemStatus>
      <LastUpdateDate />
      <LastUpdateTime />
    </Product>
    <Product>
      <PriceUpdateDate>2018/04/24 11:00</PriceUpdateDate>
      <ItemCode>64144090013</ItemCode>
      <ItemType>0</ItemType>
      <ItemName>תרסיס שמן קנולה בטעם חמאה פאם (148 מל)</ItemName>
      <ManufactureName>ליימן שליסל בעמ</ManufactureName>
      <ManufactureCountry />
      <ManufactureItemDescription />
      <UnitQty>יח`</UnitQty>
      <Quantity>1.41</Quantity>
      <UnitMeasure>100 גרם</UnitMeasure>
      <BisWeighted>0</BisWeighted>
      <QtyInPackage>1</QtyInPackage>
      <ItemPrice>20.90</ItemPrice>
      <UnitOfMeasurePrice>14.82</UnitOfMeasurePrice>
      <AllowDiscount>1</AllowDiscount>
      <itemStatus>1</itemStatus>
      <LastUpdateDate />
      <LastUpdateTime />
    </Product>
    <Product>
      <PriceUpdateDate>2019/01/07 10:57</PriceUpdateDate>
      <ItemCode>64144090020</ItemCode>
      <ItemType>0</ItemType>
      <ItemName>תרסיס שמן זית פאם (148 מל)</ItemName>
      <ManufactureName>ליימן שליסל בעמ</ManufactureName>
      <ManufactureCountry />
      <ManufactureItemDescription />
      <UnitQty>יח`</UnitQty>
      <Quantity>1.41</Quantity>
      <UnitMeasure>100 גרם</UnitMeasure>
      <BisWeighted>0</BisWeighted>
      <QtyInPackage>1</QtyInPackage>
      <ItemPrice>20.90</ItemPrice>
      <UnitOfMeasurePrice>14.82</UnitOfMeasurePrice>
      <AllowDiscount>1</AllowDiscount>
      <itemStatus>1</itemStatus>
      <LastUpdateDate />
      <LastUpdateTime />
    </Product>
    <Product>
      <PriceUpdateDate>2019/01/07 10:57</PriceUpdateDate>
      <ItemCode>64144090051</ItemCode>
      <ItemType>0</ItemType>
      <ItemName>תרסיס שמן קנולה פאם (148 מל)</ItemName>
      <ManufactureName>ליימן שליסל בעמ</ManufactureName>
      <ManufactureCountry />
      <ManufactureItemDescription />
      <UnitQty>יח`</UnitQty>
      <Quantity>1.48</Quantity>
      <UnitMeasure>100 מ"ל</UnitMeasure>
      <BisWeighted>0</BisWeighted>
      <QtyInPackage>1</QtyInPackage>
      <ItemPrice>20.90</ItemPrice>
      <UnitOfMeasurePrice>14.12</UnitOfMeasurePrice>
      <AllowDiscount>1</AllowDiscount>
      <itemStatus>1</itemStatus>
      <LastUpdateDate />
      <LastUpdateTime />
    </Product>
    <Product>
      <PriceUpdateDate>2019/06/02 11:35</PriceUpdateDate>
      <ItemCode>70970471001</ItemCode>
      <ItemType>0</ItemType>
      <ItemName>סוכריות מייק-אייק אייס 102</ItemName>
      <ManufactureName>גורי מוצרי צריכה (1991) בעמ</ManufactureName>
      <ManufactureCountry />
      <ManufactureItemDescription />
      <UnitQty>יח`</UnitQty>
      <Quantity>1.02</Quantity>
      <UnitMeasure>100 גרם</UnitMeasure>
      <BisWeighted>0</BisWeighted>
      <QtyInPackage>1</QtyInPackage>
      <ItemPrice>9.90</ItemPrice>
      <UnitOfMeasurePrice>9.71</UnitOfMeasurePrice>
      <AllowDiscount>0</AllowDiscount>
      <itemStatus>1</itemStatus>
      <LastUpdateDate />
      <LastUpdateTime />
    </Product>
    <Product>
      <PriceUpdateDate>2019/06/10 09:52</PriceUpdateDate>
      <ItemCode>70970471254</ItemCode>
      <ItemType>0</ItemType>
      <ItemName>סוכריות מייק-אייק אייס</ItemName>
      <ManufactureName>גורי מוצרי צריכה (1991) בעמ</ManufactureName>
      <ManufactureCountry />
      <ManufactureItemDescription />
      <UnitQty>יח`</UnitQty>
      <Quantity>1.41</Quantity>
      <UnitMeasure>100 גרם</UnitMeasure>
      <BisWeighted>0</BisWeighted>
      <QtyInPackage>1</QtyInPackage>
      <ItemPrice>9.90</ItemPrice>
      <UnitOfMeasurePrice>7.02</UnitOfMeasurePrice>
      <AllowDiscount>0</AllowDiscount>
      <itemStatus>1</itemStatus>
      <LastUpdateDate />
      <LastUpdateTime />
    </Product>
    <Product>
      <PriceUpdateDate>2019/06/10 09:52</PriceUpdateDate>
      <ItemCode>70970471261</ItemCode>
      <ItemType>0</ItemType>
      <ItemName>סוכריות מייק-אייק אייס</ItemName>
      <ManufactureName>גורי מוצרי צריכה (1991) בעמ</ManufactureName>
      <ManufactureCountry />
      <ManufactureItemDescription />
      <UnitQty>יח`</UnitQty>
      <Quantity>1.41</Quantity>
      <UnitMeasure>100 גרם</UnitMeasure>
      <BisWeighted>0</BisWeighted>
      <QtyInPackage>1</QtyInPackage>
      <ItemPrice>9.90</ItemPrice>
      <UnitOfMeasurePrice>7.02</UnitOfMeasurePrice>
      <AllowDiscount>0</AllowDiscount>
      <itemStatus>1</itemStatus>
      <LastUpdateDate />
      <LastUpdateTime />
    </Product>
    <Product>
      <PriceUpdateDate>2019/06/02 11:35</PriceUpdateDate>
      <ItemCode>70970479397</ItemCode>
      <ItemType>0</ItemType>
      <ItemName>סוכריות מייק-אייק אייס</ItemName>
      <ManufactureName>גורי מוצרי צריכה (1991) בעמ</ManufactureName>
      <ManufactureCountry />
      <ManufactureItemDescription />
      <UnitQty>יח`</UnitQty>
      <Quantity>1.02</Quantity>
      <UnitMeasure>100 גרם</UnitMeasure>
      <BisWeighted>0</BisWeighted>
      <QtyInPackage>1</QtyInPackage>
      <ItemPrice>9.90</ItemPrice>
      <UnitOfMeasurePrice>9.71</UnitOfMeasurePrice>
      <AllowDiscount>0</AllowDiscount>
      <itemStatus>1</itemStatus>
      <LastUpdateDate />
      <LastUpdateTime />
    </Product>
    <Product>
      <PriceUpdateDate>2020/02/26 06:49</PriceUpdateDate>
      <ItemCode>72600062306</ItemCode>
      <ItemType>0</ItemType>
      <ItemName>הר חטיף גבינה 198 גר`</ItemName>
      <ManufactureName>מור-ים מרקטינג בעמ</ManufactureName>
      <ManufactureCountry />
      <ManufactureItemDescription />
      <UnitQty>יח`</UnitQty>
      <Quantity>1.98</Quantity>
      <UnitMeasure>100 גרם</UnitMeasure>
      <BisWeighted>0</BisWeighted>
      <QtyInPackage>1</QtyInPackage>
      <ItemPrice>21.90</ItemPrice>
      <UnitOfMeasurePrice>11.06</UnitOfMeasurePrice>
      <AllowDiscount>0</AllowDiscount>
      <itemStatus>1</itemStatus>
      <LastUpdateDate />
      <LastUpdateTime />
    </Product>
    <Product>
      <PriceUpdateDate>2018/04/24 10:34</PriceUpdateDate>
      <ItemCode>76840100583</ItemCode>
      <ItemType>0</ItemType>
      <ItemName>גלידה וניל+בצק  עוגיות ושוקולד ציפס 473ג</ItemName>
      <ManufactureName>מוצרי איכות אמריקאיים בעמ</ManufactureName>
      <ManufactureCountry />
      <ManufactureItemDescription />
      <UnitQty>יח`</UnitQty>
      <Quantity>4.73</Quantity>
      <UnitMeasure>100 מ"ל</UnitMeasure>
      <BisWeighted>0</BisWeighted>
      <QtyInPackage>1</QtyInPackage>
      <ItemPrice>19.90</ItemPrice>
      <UnitOfMeasurePrice>4.21</UnitOfMeasurePrice>
      <AllowDiscount>1</AllowDiscount>
      <itemStatus>1</itemStatus>
      <LastUpdateDate />
      <LastUpdateTime />
    </Product>
    <Product>
      <PriceUpdateDate>2018/04/24 10:34</PriceUpdateDate>
      <ItemCode>76840400027</ItemCode>
      <ItemType>0</ItemType>
      <ItemName>גלידת פיינטים שוקולד</ItemName>
      <ManufactureName>מוצרי איכות אמריקאיים בעמ</ManufactureName>
      <ManufactureCountry />
      <ManufactureItemDescription />
      <UnitQty>יח`</UnitQty>
      <Quantity>4.20</Quantity>
      <UnitMeasure>100 מ"ל</UnitMeasure>
      <BisWeighted>0</BisWeighted>
      <QtyInPackage>1</QtyInPackage>
      <ItemPrice>19.90</ItemPrice>
      <UnitOfMeasurePrice>4.74</UnitOfMeasurePrice>
      <AllowDiscount>1</AllowDiscount>
      <itemStatus>1</itemStatus>
      <LastUpdateDate />
      <LastUpdateTime />
    </Product>
    <Product>
      <PriceUpdateDate>2018/04/24 11:52</PriceUpdateDate>
      <ItemCode>76840400218</ItemCode>
      <ItemType>0</ItemType>
      <ItemName>גלידת פיינטים בן אנד גריס פיינט תות</ItemName>
      <ManufactureName>מוצרי איכות אמריקאיים בעמ</ManufactureName>
      <ManufactureCountry />
      <ManufactureItemDescription />
      <UnitQty>יח`</UnitQty>
      <Quantity>7.50</Quantity>
      <UnitMeasure>100 מ"ל</UnitMeasure>
      <BisWeighted>0</BisWeighted>
      <QtyInPackage>1</QtyInPackage>
      <ItemPrice>19.90</ItemPrice>
      <UnitOfMeasurePrice>2.65</UnitOfMeasurePrice>
      <AllowDiscount>1</AllowDiscount>
      <itemStatus>1</itemStatus>
      <LastUpdateDate />
      <LastUpdateTime />
    </Product>
    <Product>
      <PriceUpdateDate>2018/04/24 13:09</PriceUpdateDate>
      <ItemCode>76840620036</ItemCode>
      <ItemType>0</ItemType>
      <ItemName>גלידת פיינטים וניל שמנת משובחת 500 מל</ItemName>
      <ManufactureName>מוצרי איכות אמריקאיים בעמ</ManufactureName>
      <ManufactureCountry />
      <ManufactureItemDescription />
      <UnitQty>יח`</UnitQty>
      <Quantity>5</Quantity>
      <UnitMeasure>100 מ"ל</UnitMeasure>
      <BisWeighted>0</BisWeighted>
      <QtyInPackage>1</QtyInPackage>
      <ItemPrice>19.90</ItemPrice>
      <UnitOfMeasurePrice>3.98</UnitOfMeasurePrice>
      <AllowDiscount>1</AllowDiscount>
      <itemStatus>1</itemStatus>
      <LastUpdateDate />
      <LastUpdateTime />
    </Product>
    <Product>
      <PriceUpdateDate>2018/07/05 11:28</PriceUpdateDate>
      <ItemCode>77245110597</ItemCode>
      <ItemType>0</ItemType>
      <ItemName>כשלפ- סוכריות לימון</ItemName>
      <ManufactureName>שטראוס גרופ בעמ</ManufactureName>
      <ManufactureCountry />
      <ManufactureItemDescription />
      <UnitQty>יח`</UnitQty>
      <Quantity>0.80</Quantity>
      <UnitMeasure>100 גרם</UnitMeasure>
      <BisWeighted>0</BisWeighted>
      <QtyInPackage>1</QtyInPackage>
      <ItemPrice>8.90</ItemPrice>
      <UnitOfMeasurePrice>11.13</UnitOfMeasurePrice>
      <AllowDiscount>0</AllowDiscount>
      <itemStatus>1</itemStatus>
      <LastUpdateDate />
      <LastUpdateTime />
    </Product>
    <Product>
      <PriceUpdateDate>2018/04/24 13:11</PriceUpdateDate>
      <ItemCode>77975010167</ItemCode>
      <ItemType>0</ItemType>
      <ItemName>סניידרס מקלוני חיטה בתוספת דבש 340 גר`</ItemName>
      <ManufactureName>ליימן שליסל בעמ</ManufactureName>
      <ManufactureCountry />
      <ManufactureItemDescription />
      <UnitQty>יח`</UnitQty>
      <Quantity>3.40</Quantity>
      <UnitMeasure>100 גרם</UnitMeasure>
      <BisWeighted>0</BisWeighted>
      <QtyInPackage>1</QtyInPackage>
      <ItemPrice>17.90</ItemPrice>
      <UnitOfMeasurePrice>5.26</UnitOfMeasurePrice>
      <AllowDiscount>1</AllowDiscount>
      <itemStatus>1</itemStatus>
      <LastUpdateDate />
      <LastUpdateTime />
    </Product>
    <Product>
      <PriceUpdateDate>2018/07/25 12:13</PriceUpdateDate>
      <ItemCode>77975029688</ItemCode>
      <ItemType>0</ItemType>
      <ItemName>סניידרס בייגלה במילוי קרם צ`דר</ItemName>
      <ManufactureName>ליימן שליסל בעמ</ManufactureName>
      <ManufactureCountry />
      <ManufactureItemDescription />
      <UnitQty>יח`</UnitQty>
      <Quantity>2.2680</Quantity>
      <UnitMeasure>100 גרם</UnitMeasure>
      <BisWeighted>0</BisWeighted>
      <QtyInPackage>1</QtyInPackage>
      <ItemPrice>19.90</ItemPrice>
      <UnitOfMeasurePrice>8.77</UnitOfMeasurePrice>
      <AllowDiscount>1</AllowDiscount>
      <itemStatus>1</itemStatus>
      <LastUpdateDate />
      <LastUpdateTime />
    </Product>
    <Product>
      <PriceUpdateDate>2019/08/18 14:58</PriceUpdateDate>
      <ItemCode>77975088210</ItemCode>
      <ItemType>0</ItemType>
      <ItemName>סניידרס שברי בייגל בטעם גבינת צ`אדר</ItemName>
      <ManufactureName>ליימן שליסל בעמ</ManufactureName>
      <ManufactureCountry />
      <ManufactureItemDescription />
      <UnitQty>יח`</UnitQty>
      <Quantity>3.40</Quantity>
      <UnitMeasure>100 גרם</UnitMeasure>
      <BisWeighted>0</BisWeighted>
      <QtyInPackage>1</QtyInPackage>
      <ItemPrice>13.90</ItemPrice>
      <UnitOfMeasurePrice>4.09</UnitOfMeasurePrice>
      <AllowDiscount>1</AllowDiscount>
      <itemStatus>1</itemStatus>
      <LastUpdateDate />
      <LastUpdateTime />
    </Product>
    <Product>
      <PriceUpdateDate>2019/08/18 14:58</PriceUpdateDate>
      <ItemCode>77975088227</ItemCode>
      <ItemType>0</ItemType>
      <ItemName>סניידרס שברי בייגל בטעם בצל חרדל ודבש</ItemName>
      <ManufactureName>ליימן שליסל בעמ</ManufactureName>
      <ManufactureCountry />
      <ManufactureItemDescription />
      <UnitQty>יח`</UnitQty>
      <Quantity>3.40</Quantity>
      <UnitMeasure>100 גרם</UnitMeasure>
      <BisWeighted>0</BisWeighted>
      <QtyInPackage>1</QtyInPackage>
      <ItemPrice>13.90</ItemPrice>
      <UnitOfMeasurePrice>4.09</UnitOfMeasurePrice>
      <AllowDiscount>1</AllowDiscount>
      <itemStatus>1</itemStatus>
      <LastUpdateDate />
      <LastUpdateTime />
    </Product>
    <Product>
      <PriceUpdateDate>2019/08/18 14:58</PriceUpdateDate>
      <ItemCode>77975088234</ItemCode>
      <ItemType>0</ItemType>
      <ItemName>סניידרס שברי בייגלה חלפינו 340ג</ItemName>
      <ManufactureName>ליימן שליסל בעמ</ManufactureName>
      <ManufactureCountry />
      <ManufactureItemDescription />
      <UnitQty>יח`</UnitQty>
      <Quantity>3.40</Quantity>
      <UnitMeasure>100 גרם</UnitMeasure>
      <BisWeighted>0</BisWeighted>
      <QtyInPackage>1</QtyInPackage>
      <ItemPrice>13.90</ItemPrice>
      <UnitOfMeasurePrice>4.09</UnitOfMeasurePrice>
      <AllowDiscount>1</AllowDiscount>
      <itemStatus>1</itemStatus>
      <LastUpdateDate />
      <LastUpdateTime />
    </Product>
    <Product>
      <PriceUpdateDate>2019/10/16 19:12</PriceUpdateDate>
      <ItemCode>77975091975</ItemCode>
      <ItemType>0</ItemType>
      <ItemName>סנדביץ בייגלה במילוי קרם בטעם פיצה</ItemName>
      <ManufactureName>ליימן שליסל בעמ</ManufactureName>
      <ManufactureCountry />
      <ManufactureItemDescription />
      <UnitQty>יח`</UnitQty>
      <Quantity>2.2680</Quantity>
      <UnitMeasure>100 גרם</UnitMeasure>
      <BisWeighted>0</BisWeighted>
      <QtyInPackage>1</QtyInPackage>
      <ItemPrice>19.90</ItemPrice>
      <UnitOfMeasurePrice>8.77</UnitOfMeasurePrice>
      <AllowDiscount>1</AllowDiscount>
      <itemStatus>1</itemStatus>
      <LastUpdateDate />
      <LastUpdateTime />
    </Product>
    <Product>
      <PriceUpdateDate>2018/04/24 13:08</PriceUpdateDate>
      <ItemCode>77975092491</ItemCode>
      <ItemType>0</ItemType>
      <ItemName>סניידרס מקלוני חיטה בתוספת ציה וקינואה</ItemName>
      <ManufactureName>ליימן שליסל בעמ</ManufactureName>
      <ManufactureCountry />
      <ManufactureItemDescription />
      <UnitQty>יח`</UnitQty>
      <Quantity>3.40</Quantity>
      <UnitMeasure>100 גרם</UnitMeasure>
      <BisWeighted>0</BisWeighted>
      <QtyInPackage>1</QtyInPackage>
      <ItemPrice>17.90</ItemPrice>
      <UnitOfMeasurePrice>5.26</UnitOfMeasurePrice>
      <AllowDiscount>1</AllowDiscount>
      <itemStatus>1</itemStatus>
      <LastUpdateDate />
      <LastUpdateTime />
    </Product>
    <Product>
      <PriceUpdateDate>2018/04/24 12:11</PriceUpdateDate>
      <ItemCode>80432402931</ItemCode>
      <ItemType>0</ItemType>
      <ItemName>וויסקי שיבס ריגל (700 מל)</ItemName>
      <ManufactureName>טמפו פרנו</ManufactureName>
      <ManufactureCountry />
      <ManufactureItemDescription />
      <UnitQty>יח`</UnitQty>
      <Quantity>7</Quantity>
      <UnitMeasure>100 מ"ל</UnitMeasure>
      <BisWeighted>0</BisWeighted>
      <QtyInPackage>1</QtyInPackage>
      <ItemPrice>118</ItemPrice>
      <UnitOfMeasurePrice>16.81</UnitOfMeasurePrice>
      <AllowDiscount>0</AllowDiscount>
      <itemStatus>1</itemStatus>
      <LastUpdateDate />
      <LastUpdateTime />
    </Product>
    <Product>
      <PriceUpdateDate>2018/04/24 09:29</PriceUpdateDate>
      <ItemCode>80518532743</ItemCode>
      <ItemType>0</ItemType>
      <ItemName>בלון פסטל שמחה זה אנחנו) (50</ItemName>
      <ManufactureName>שמחה זה אנחנו בעמ</ManufactureName>
      <ManufactureCountry />
      <ManufactureItemDescription />
      <UnitQty>יח`</UnitQty>
      <Quantity>1</Quantity>
      <UnitMeasure />
      <BisWeighted>0</BisWeighted>
      <QtyInPackage>1</QtyInPackage>
      <ItemPrice>11.90</ItemPrice>
      <UnitOfMeasurePrice>11.90</UnitOfMeasurePrice>
      <AllowDiscount>0</AllowDiscount>
      <itemStatus>1</itemStatus>
      <LastUpdateDate />
      <LastUpdateTime />
    </Product>
    <Product>
      <PriceUpdateDate>2019/01/07 10:57</PriceUpdateDate>
      <ItemCode>85696608044</ItemCode>
      <ItemType>0</ItemType>
      <ItemName>טופו מוצק טעמי אסיה (349 גרם)</ItemName>
      <ManufactureName>טעמי אסיה בעמ</ManufactureName>
      <ManufactureCountry />
      <ManufactureItemDescription />
      <UnitQty>יח`</UnitQty>
      <Quantity>3.40</Quantity>
      <UnitMeasure>100 גרם</UnitMeasure>
      <BisWeighted>0</BisWeighted>
      <QtyInPackage>1</QtyInPackage>
      <ItemPrice>12.90</ItemPrice>
      <UnitOfMeasurePrice>3.79</UnitOfMeasurePrice>
      <AllowDiscount>0</AllowDiscount>
      <itemStatus>1</itemStatus>
      <LastUpdateDate />
      <LastUpdateTime />
    </Product>
    <Product>
      <PriceUpdateDate>2018/08/13 09:39</PriceUpdateDate>
      <ItemCode>87666052819</ItemCode>
      <ItemType>0</ItemType>
      <ItemName>רוטב סריריאצ`ה סופר חריף 455 מל</ItemName>
      <ManufactureName>אימפורט פור יו בעמ</ManufactureName>
      <ManufactureCountry />
      <ManufactureItemDescription />
      <UnitQty>יח`</UnitQty>
      <Quantity>4.55</Quantity>
      <UnitMeasure>100 מ"ל</UnitMeasure>
      <BisWeighted>0</BisWeighted>
      <QtyInPackage>1</QtyInPackage>
      <ItemPrice>21.90</ItemPrice>
      <UnitOfMeasurePrice>4.81</UnitOfMeasurePrice>
      <AllowDiscount>1</AllowDiscount>
      <itemStatus>1</itemStatus>
      <LastUpdateDate />
      <LastUpdateTime />
    </Product>
    <Product>
      <PriceUpdateDate>2019/04/03 10:06</PriceUpdateDate>
      <ItemCode>89397344362</ItemCode>
      <ItemType>0</ItemType>
      <ItemName>דיניקולה רוטב פסטה מרינרה 737 גר`</ItemName>
      <ManufactureName>מור-ים מרקטינג בעמ</ManufactureName>
      <ManufactureCountry />
      <ManufactureItemDescription />
      <UnitQty>יח`</UnitQty>
      <Quantity>7.37</Quantity>
      <UnitMeasure>100 גרם</UnitMeasure>
      <BisWeighted>0</BisWeighted>
      <QtyInPackage>1</QtyInPackage>
      <ItemPrice>14.90</ItemPrice>
      <UnitOfMeasurePrice>2.02</UnitOfMeasurePrice>
      <AllowDiscount>0</AllowDiscount>
      <itemStatus>1</itemStatus>
      <LastUpdateDate />
      <LastUpdateTime />
    </Product>
    <Product>
      <PriceUpdateDate>2018/04/24 12:30</PriceUpdateDate>
      <ItemCode>482562200560</ItemCode>
      <ItemType>0</ItemType>
      <ItemName>אסטוניש מרסס לשומן שרוף</ItemName>
      <ManufactureName>יעקב יעקבי ובניו בעמ</ManufactureName>
      <ManufactureCountry />
      <ManufactureItemDescription />
      <UnitQty>יח`</UnitQty>
      <Quantity>7</Quantity>
      <UnitMeasure>100 מ"ל</UnitMeasure>
      <BisWeighted>0</BisWeighted>
      <QtyInPackage>1</QtyInPackage>
      <ItemPrice>11.90</ItemPrice>
      <UnitOfMeasurePrice>1.70</UnitOfMeasurePrice>
      <AllowDiscount>0</AllowDiscount>
      <itemStatus>1</itemStatus>
      <LastUpdateDate />
      <LastUpdateTime />
    </Product>
    <Product>
      <PriceUpdateDate>2020/04/30 08:21</PriceUpdateDate>
      <ItemCode>608614255481</ItemCode>
      <ItemType>0</ItemType>
      <ItemName>פופקורנס טבעי עם מלח ים 50 גר</ItemName>
      <ManufactureName>אבאל יזמות בעמ</ManufactureName>
      <ManufactureCountry />
      <ManufactureItemDescription />
      <UnitQty>יח`</UnitQty>
      <Quantity>0.50</Quantity>
      <UnitMeasure>100 גרם</UnitMeasure>
      <BisWeighted>0</BisWeighted>
      <QtyInPackage>1</QtyInPackage>
      <ItemPrice>4.90</ItemPrice>
      <UnitOfMeasurePrice>9.80</UnitOfMeasurePrice>
      <AllowDiscount>0</AllowDiscount>
      <itemStatus>1</itemStatus>
      <LastUpdateDate />
      <LastUpdateTime />
    </Product>
    <Product>
      <PriceUpdateDate>2020/04/30 08:21</PriceUpdateDate>
      <ItemCode>608614255504</ItemCode>
      <ItemType>0</ItemType>
      <ItemName>פופקורנס טעם בצל 50 גר</ItemName>
      <ManufactureName>אבאל יזמות בעמ</ManufactureName>
      <ManufactureCountry />
      <ManufactureItemDescription />
      <UnitQty>יח`</UnitQty>
      <Quantity>0.50</Quantity>
      <UnitMeasure>100 גרם</UnitMeasure>
      <BisWeighted>0</BisWeighted>
      <QtyInPackage>1</QtyInPackage>
      <ItemPrice>4.90</ItemPrice>
      <UnitOfMeasurePrice>9.80</UnitOfMeasurePrice>
      <AllowDiscount>0</AllowDiscount>
      <itemStatus>1</itemStatus>
      <LastUpdateDate />
      <LastUpdateTime />
    </Product>
    <Product>
      <PriceUpdateDate>2020/04/30 08:21</PriceUpdateDate>
      <ItemCode>608614255511</ItemCode>
      <ItemType>0</ItemType>
      <ItemName>פופקורנס טעם גבינה 50 גר</ItemName>
      <ManufactureName>אבאל יזמות בעמ</ManufactureName>
      <ManufactureCountry />
      <ManufactureItemDescription />
      <UnitQty>יח`</UnitQty>
      <Quantity>0.50</Quantity>
      <UnitMeasure>100 גרם</UnitMeasure>
      <BisWeighted>0</BisWeighted>
      <QtyInPackage>1</QtyInPackage>
      <ItemPrice>4.90</ItemPrice>
      <UnitOfMeasurePrice>9.80</UnitOfMeasurePrice>
      <AllowDiscount>0</AllowDiscount>
      <itemStatus>1</itemStatus>
      <LastUpdateDate />
      <LastUpdateTime />
    </Product>
    <Product>
      <PriceUpdateDate>2020/04/30 08:21</PriceUpdateDate>
      <ItemCode>608614255528</ItemCode>
      <ItemType>0</ItemType>
      <ItemName>פופקורנס טעם גריל 50 גר</ItemName>
      <ManufactureName>אבאל יזמות בעמ</ManufactureName>
      <ManufactureCountry />
      <ManufactureItemDescription />
      <UnitQty>יח`</UnitQty>
      <Quantity>0.50</Quantity>
      <UnitMeasure>100 גרם</UnitMeasure>
      <BisWeighted>0</BisWeighted>
      <QtyInPackage>1</QtyInPackage>
      <ItemPrice>4.90</ItemPrice>
      <UnitOfMeasurePrice>9.80</UnitOfMeasurePrice>
      <AllowDiscount>0</AllowDiscount>
      <itemStatus>1</itemStatus>
      <LastUpdateDate />
      <LastUpdateTime />
    </Product>
    <Product>
      <PriceUpdateDate>2020/04/30 08:21</PriceUpdateDate>
      <ItemCode>608614255535</ItemCode>
      <ItemType>0</ItemType>
      <ItemName>פופקורנס קרמל מלוח 50 גר</ItemName>
      <ManufactureName>אבאל יזמות בעמ</ManufactureName>
      <ManufactureCountry />
      <ManufactureItemDescription />
      <UnitQty>יח`</UnitQty>
      <Quantity>0.50</Quantity>
      <UnitMeasure>100 גרם</UnitMeasure>
      <BisWeighted>0</BisWeighted>
      <QtyInPackage>1</QtyInPackage>
      <ItemPrice>4.90</ItemPrice>
      <UnitOfMeasurePrice>9.80</UnitOfMeasurePrice>
      <AllowDiscount>0</AllowDiscount>
      <itemStatus>1</itemStatus>
      <LastUpdateDate />
      <LastUpdateTime />
    </Product>
    <Product>
      <PriceUpdateDate>2018/09/17 09:56</PriceUpdateDate>
      <ItemCode>608614310395</ItemCode>
      <ItemType>0</ItemType>
      <ItemName>קוסקוס 350 גר` גודל בינוני 100% חיטת דור</ItemName>
      <ManufactureName>אבאל יזמות בעמ</ManufactureName>
      <ManufactureCountry />
      <ManufactureItemDescription />
      <UnitQty>יח`</UnitQty>
      <Quantity>3.50</Quantity>
      <UnitMeasure>100 גרם</UnitMeasure>
      <BisWeighted>0</BisWeighted>
      <QtyInPackage>1</QtyInPackage>
      <ItemPrice>4.90</ItemPrice>
      <UnitOfMeasurePrice>1.40</UnitOfMeasurePrice>
      <AllowDiscount>1</AllowDiscount>
      <itemStatus>1</itemStatus>
      <LastUpdateDate />
      <LastUpdateTime />
    </Product>
    <Product>
      <PriceUpdateDate>2019/04/28 17:21</PriceUpdateDate>
      <ItemCode>608614322589</ItemCode>
      <ItemType>0</ItemType>
      <ItemName>תכשיטים סוג 2</ItemName>
      <ManufactureName>קונסיגנציה- פ. מ. תכשיטים</ManufactureName>
      <ManufactureCountry />
      <ManufactureItemDescription />
      <UnitQty>יח`</UnitQty>
      <Quantity>1</Quantity>
      <UnitMeasure />
      <BisWeighted>0</BisWeighted>
      <QtyInPackage>1</QtyInPackage>
      <ItemPrice>22.90</ItemPrice>
      <UnitOfMeasurePrice>22.90</UnitOfMeasurePrice>
      <AllowDiscount>0</AllowDiscount>
      <itemStatus>1</itemStatus>
      <LastUpdateDate />
      <LastUpdateTime />
    </Product>
    <Product>
      <PriceUpdateDate>2020/01/14 08:12</PriceUpdateDate>
      <ItemCode>645173911038</ItemCode>
      <ItemType>0</ItemType>
      <ItemName>קורנישון מיני 720 גר` תומר</ItemName>
      <ManufactureName>תומר יבוא ושיווק מוצרי מזון (1</ManufactureName>
      <ManufactureCountry />
      <ManufactureItemDescription />
      <UnitQty>יח`</UnitQty>
      <Quantity>7.20</Quantity>
      <UnitMeasure>100 גרם</UnitMeasure>
      <BisWeighted>0</BisWeighted>
      <QtyInPackage>1</QtyInPackage>
      <ItemPrice>8.90</ItemPrice>
      <UnitOfMeasurePrice>1.24</UnitOfMeasurePrice>
      <AllowDiscount>1</AllowDiscount>
      <itemStatus>1</itemStatus>
      <LastUpdateDate />
      <LastUpdateTime />
    </Product>
    <Product>
      <PriceUpdateDate>2018/12/03 08:10</PriceUpdateDate>
      <ItemCode>649660432020</ItemCode>
      <ItemType>0</ItemType>
      <ItemName>שזיפים מיובשים מגולענים 567  גר`היל ויו</ItemName>
      <ManufactureName>מור-ים מרקטינג בעמ</ManufactureName>
      <ManufactureCountry />
      <ManufactureItemDescription />
      <UnitQty>יח`</UnitQty>
      <Quantity>5.67</Quantity>
      <UnitMeasure>100 גרם</UnitMeasure>
      <BisWeighted>0</BisWeighted>
      <QtyInPackage>1</QtyInPackage>
      <ItemPrice>24.90</ItemPrice>
      <UnitOfMeasurePrice>4.39</UnitOfMeasurePrice>
      <AllowDiscount>0</AllowDiscount>
      <itemStatus>1</itemStatus>
      <LastUpdateDate />
      <LastUpdateTime />
    </Product>
    <Product>
      <PriceUpdateDate>2020/05/01 10:49</PriceUpdateDate>
      <ItemCode>693493002516</ItemCode>
      <ItemType>0</ItemType>
      <ItemName>ענבים שחורים ארוז</ItemName>
      <ManufactureName>פירות אביב בעמ</ManufactureName>
      <ManufactureCountry />
      <ManufactureItemDescription />
      <UnitQty>יח`</UnitQty>
      <Quantity>1</Quantity>
      <UnitMeasure />
      <BisWeighted>0</BisWeighted>
      <QtyInPackage>1</QtyInPackage>
      <ItemPrice>12.90</ItemPrice>
      <UnitOfMeasurePrice>12.90</UnitOfMeasurePrice>
      <AllowDiscount>1</AllowDiscount>
      <itemStatus>1</itemStatus>
      <LastUpdateDate />
      <LastUpdateTime />
    </Product>
    <Product>
      <PriceUpdateDate>2019/03/27 14:34</PriceUpdateDate>
      <ItemCode>693493004701</ItemCode>
      <ItemType>0</ItemType>
      <ItemName>ערכה ליולדת ע</ItemName>
      <ManufactureName>די.אנ.איי. נטוורקינג בעמ***לא</ManufactureName>
      <ManufactureCountry />
      <ManufactureItemDescription />
      <UnitQty>יח`</UnitQty>
      <Quantity>1</Quantity>
      <UnitMeasure />
      <BisWeighted>0</BisWeighted>
      <QtyInPackage>1</QtyInPackage>
      <ItemPrice>199</ItemPrice>
      <UnitOfMeasurePrice>199</UnitOfMeasurePrice>
      <AllowDiscount>0</AllowDiscount>
      <itemStatus>1</itemStatus>
      <LastUpdateDate />
      <LastUpdateTime />
    </Product>
    <Product>
      <PriceUpdateDate>2020/05/03 11:47</PriceUpdateDate>
      <ItemCode>728013880007</ItemCode>
      <ItemType>0</ItemType>
      <ItemName>פחמים 2קג</ItemName>
      <ManufactureName>פחם קוואנגו סחר בעמ</ManufactureName>
      <ManufactureCountry />
      <ManufactureItemDescription />
      <UnitQty>יח`</UnitQty>
      <Quantity>20</Quantity>
      <UnitMeasure>100 גרם</UnitMeasure>
      <BisWeighted>0</BisWeighted>
      <QtyInPackage>1</QtyInPackage>
      <ItemPrice>11.90</ItemPrice>
      <UnitOfMeasurePrice>0.60</UnitOfMeasurePrice>
      <AllowDiscount>0</AllowDiscount>
      <itemStatus>1</itemStatus>
      <LastUpdateDate />
      <LastUpdateTime />
    </Product>
    <Product>
      <PriceUpdateDate>2018/04/24 10:50</PriceUpdateDate>
      <ItemCode>728229123590</ItemCode>
      <ItemType>0</ItemType>
      <ItemName>חטיף צ`יפס אורגינל טרה (110  גרם)כשר לפס</ItemName>
      <ManufactureName>דנשר (1963) בעמ</ManufactureName>
      <ManufactureCountry />
      <ManufactureItemDescription />
      <UnitQty>יח`</UnitQty>
      <Quantity>1.10</Quantity>
      <UnitMeasure>100 גרם</UnitMeasure>
      <BisWeighted>0</BisWeighted>
      <QtyInPackage>1</QtyInPackage>
      <ItemPrice>14.90</ItemPrice>
      <UnitOfMeasurePrice>13.55</UnitOfMeasurePrice>
      <AllowDiscount>0</AllowDiscount>
      <itemStatus>1</itemStatus>
      <LastUpdateDate />
      <LastUpdateTime />
    </Product>
    <Product>
      <PriceUpdateDate>2018/04/24 10:50</PriceUpdateDate>
      <ItemCode>728229123613</ItemCode>
      <ItemType>0</ItemType>
      <ItemName>חטיף צ`יפס מתפוח אדמה כחול טרה (110 גרם)</ItemName>
      <ManufactureName>דנשר (1963) בעמ</ManufactureName>
      <ManufactureCountry />
      <ManufactureItemDescription />
      <UnitQty>יח`</UnitQty>
      <Quantity>1.10</Quantity>
      <UnitMeasure>100 גרם</UnitMeasure>
      <BisWeighted>0</BisWeighted>
      <QtyInPackage>1</QtyInPackage>
      <ItemPrice>14.90</ItemPrice>
      <UnitOfMeasurePrice>13.55</UnitOfMeasurePrice>
      <AllowDiscount>0</AllowDiscount>
      <itemStatus>1</itemStatus>
      <LastUpdateDate />
      <LastUpdateTime />
    </Product>
    <Product>
      <PriceUpdateDate>2018/04/24 10:50</PriceUpdateDate>
      <ItemCode>728229123811</ItemCode>
      <ItemType>0</ItemType>
      <ItemName>חטיף צ`יפס ים תיכוני טרה (110 גרם)</ItemName>
      <ManufactureName>דנשר (1963) בעמ</ManufactureName>
      <ManufactureCountry />
      <ManufactureItemDescription />
      <UnitQty>יח`</UnitQty>
      <Quantity>1.10</Quantity>
      <UnitMeasure>100 גרם</UnitMeasure>
      <BisWeighted>0</BisWeighted>
      <QtyInPackage>1</QtyInPackage>
      <ItemPrice>14.90</ItemPrice>
      <UnitOfMeasurePrice>13.55</UnitOfMeasurePrice>
      <AllowDiscount>0</AllowDiscount>
      <itemStatus>1</itemStatus>
      <LastUpdateDate />
      <LastUpdateTime />
    </Product>
    <Product>
      <PriceUpdateDate>2018/04/24 12:52</PriceUpdateDate>
      <ItemCode>728229124771</ItemCode>
      <ItemType>0</ItemType>
      <ItemName>חטיף טרה מבטטה בטעם ברבקיו 110 גר</ItemName>
      <ManufactureName>דנשר (1963) בעמ</ManufactureName>
      <ManufactureCountry />
      <ManufactureItemDescription />
      <UnitQty>יח`</UnitQty>
      <Quantity>1.10</Quantity>
      <UnitMeasure>100 גרם</UnitMeasure>
      <BisWeighted>0</BisWeighted>
      <QtyInPackage>1</QtyInPackage>
      <ItemPrice>14.90</ItemPrice>
      <UnitOfMeasurePrice>13.55</UnitOfMeasurePrice>
      <AllowDiscount>0</AllowDiscount>
      <itemStatus>1</itemStatus>
      <LastUpdateDate />
      <LastUpdateTime />
    </Product>
    <Product>
      <PriceUpdateDate>2018/04/24 13:17</PriceUpdateDate>
      <ItemCode>728229124795</ItemCode>
      <ItemType>0</ItemType>
      <ItemName>חטיף צ`יפס בטטה טרה (110  גרם) כשלפ</ItemName>
      <ManufactureName>דנשר (1963) בעמ</ManufactureName>
      <ManufactureCountry />
      <ManufactureItemDescription />
      <UnitQty>יח`</UnitQty>
      <Quantity>1.10</Quantity>
      <UnitMeasure>100 גרם</UnitMeasure>
      <BisWeighted>0</BisWeighted>
      <QtyInPackage>1</QtyInPackage>
      <ItemPrice>14.90</ItemPrice>
      <UnitOfMeasurePrice>13.55</UnitOfMeasurePrice>
      <AllowDiscount>0</AllowDiscount>
      <itemStatus>1</itemStatus>
      <LastUpdateDate />
      <LastUpdateTime />
    </Product>
    <Product>
      <PriceUpdateDate>2018/04/24 10:50</PriceUpdateDate>
      <ItemCode>728229130154</ItemCode>
      <ItemType>0</ItemType>
      <ItemName>חטיף טרה צ`יפס 110 גר`</ItemName>
      <ManufactureName>דנשר (1963) בעמ</ManufactureName>
      <ManufactureCountry />
      <ManufactureItemDescription />
      <UnitQty>יח`</UnitQty>
      <Quantity>1.10</Quantity>
      <UnitMeasure>100 גרם</UnitMeasure>
      <BisWeighted>0</BisWeighted>
      <QtyInPackage>1</QtyInPackage>
      <ItemPrice>14.90</ItemPrice>
      <UnitOfMeasurePrice>13.55</UnitOfMeasurePrice>
      <AllowDiscount>0</AllowDiscount>
      <itemStatus>1</itemStatus>
      <LastUpdateDate />
      <LastUpdateTime />
    </Product>
    <Product>
      <PriceUpdateDate>2018/04/24 10:51</PriceUpdateDate>
      <ItemCode>728229130444</ItemCode>
      <ItemType>0</ItemType>
      <ItemName>חטיף טרה צ`יפס 110 גר`</ItemName>
      <ManufactureName>דנשר (1963) בעמ</ManufactureName>
      <ManufactureCountry />
      <ManufactureItemDescription />
      <UnitQty>יח`</UnitQty>
      <Quantity>1.10</Quantity>
      <UnitMeasure>100 גרם</UnitMeasure>
      <BisWeighted>0</BisWeighted>
      <QtyInPackage>1</QtyInPackage>
      <ItemPrice>14.90</ItemPrice>
      <UnitOfMeasurePrice>13.55</UnitOfMeasurePrice>
      <AllowDiscount>0</AllowDiscount>
      <itemStatus>1</itemStatus>
      <LastUpdateDate />
      <LastUpdateTime />
    </Product>
    <Product>
      <PriceUpdateDate>2018/04/24 10:34</PriceUpdateDate>
      <ItemCode>768404001640</ItemCode>
      <ItemType>0</ItemType>
      <ItemName>גלידת פיינטים בטעם קפה</ItemName>
      <ManufactureName>מוצרי איכות אמריקאיים בעמ</ManufactureName>
      <ManufactureCountry />
      <ManufactureItemDescription />
      <UnitQty>יח`</UnitQty>
      <Quantity>4.20</Quantity>
      <UnitMeasure>100 מ"ל</UnitMeasure>
      <BisWeighted>0</BisWeighted>
      <QtyInPackage>1</QtyInPackage>
      <ItemPrice>19.90</ItemPrice>
      <UnitOfMeasurePrice>4.74</UnitOfMeasurePrice>
      <AllowDiscount>1</AllowDiscount>
      <itemStatus>1</itemStatus>
      <LastUpdateDate />
      <LastUpdateTime />
    </Product>
    <Product>
      <PriceUpdateDate>2019/01/28 14:40</PriceUpdateDate>
      <ItemCode>811250030026</ItemCode>
      <ItemType>0</ItemType>
      <ItemName>מטחנת ג`מבו - פלפל שחור שלם 150 גר</ItemName>
      <ManufactureName>אבאל יזמות בעמ</ManufactureName>
      <ManufactureCountry />
      <ManufactureItemDescription />
      <UnitQty>יח`</UnitQty>
      <Quantity>1.50</Quantity>
      <UnitMeasure>100 גרם</UnitMeasure>
      <BisWeighted>0</BisWeighted>
      <QtyInPackage>1</QtyInPackage>
      <ItemPrice>24.90</ItemPrice>
      <UnitOfMeasurePrice>16.60</UnitOfMeasurePrice>
      <AllowDiscount>0</AllowDiscount>
      <itemStatus>1</itemStatus>
      <LastUpdateDate />
      <LastUpdateTime />
    </Product>
    <Product>
      <PriceUpdateDate>2019/12/15 11:59</PriceUpdateDate>
      <ItemCode>835811000396</ItemCode>
      <ItemType>0</ItemType>
      <ItemName>נייר אפייה לתבנית מוארכות 30 יח הנמל</ItemName>
      <ManufactureName>הנמל אריזות ושיווק (1984) בעמ</ManufactureName>
      <ManufactureCountry />
      <ManufactureItemDescription />
      <UnitQty>יח`</UnitQty>
      <Quantity>1</Quantity>
      <UnitMeasure />
      <BisWeighted>0</BisWeighted>
      <QtyInPackage>1</QtyInPackage>
      <ItemPrice>9.90</ItemPrice>
      <UnitOfMeasurePrice>9.90</UnitOfMeasurePrice>
      <AllowDiscount>0</AllowDiscount>
      <itemStatus>1</itemStatus>
      <LastUpdateDate />
      <LastUpdateTime />
    </Product>
    <Product>
      <PriceUpdateDate>2019/02/25 10:47</PriceUpdateDate>
      <ItemCode>835811000402</ItemCode>
      <ItemType>0</ItemType>
      <ItemName>כפות 50 יח קרם עבה הנמל</ItemName>
      <ManufactureName>הנמל אריזות ושיווק (1984) בעמ</ManufactureName>
      <ManufactureCountry />
      <ManufactureItemDescription />
      <UnitQty>יח`</UnitQty>
      <Quantity>1</Quantity>
      <UnitMeasure />
      <BisWeighted>0</BisWeighted>
      <QtyInPackage>1</QtyInPackage>
      <ItemPrice>8.90</ItemPrice>
      <UnitOfMeasurePrice>8.90</UnitOfMeasurePrice>
      <AllowDiscount>1</AllowDiscount>
      <itemStatus>1</itemStatus>
      <LastUpdateDate />
      <LastUpdateTime />
    </Product>
    <Product>
      <PriceUpdateDate>2019/02/24 12:07</PriceUpdateDate>
      <ItemCode>835811000426</ItemCode>
      <ItemType>0</ItemType>
      <ItemName>מזלגות 50 יח` שקוף עבה הנמל</ItemName>
      <ManufactureName>הנמל אריזות ושיווק (1984) בעמ</ManufactureName>
      <ManufactureCountry />
      <ManufactureItemDescription />
      <UnitQty>יח`</UnitQty>
      <Quantity>1</Quantity>
      <UnitMeasure />
      <BisWeighted>0</BisWeighted>
      <QtyInPackage>1</QtyInPackage>
      <ItemPrice>8.90</ItemPrice>
      <UnitOfMeasurePrice>8.90</UnitOfMeasurePrice>
      <AllowDiscount>1</AllowDiscount>
      <itemStatus>1</itemStatus>
      <LastUpdateDate />
      <LastUpdateTime />
    </Product>
    <Product>
      <PriceUpdateDate>2019/02/20 11:29</PriceUpdateDate>
      <ItemCode>835811000433</ItemCode>
      <ItemType>0</ItemType>
      <ItemName>סכינים 50 יח` קרם עבה הנמל</ItemName>
      <ManufactureName>הנמל אריזות ושיווק (1984) בעמ</ManufactureName>
      <ManufactureCountry />
      <ManufactureItemDescription />
      <UnitQty>יח`</UnitQty>
      <Quantity>1</Quantity>
      <UnitMeasure />
      <BisWeighted>0</BisWeighted>
      <QtyInPackage>1</QtyInPackage>
      <ItemPrice>8.90</ItemPrice>
      <UnitOfMeasurePrice>8.90</UnitOfMeasurePrice>
      <AllowDiscount>1</AllowDiscount>
      <itemStatus>1</itemStatus>
      <LastUpdateDate />
      <LastUpdateTime />
    </Product>
    <Product>
      <PriceUpdateDate>2019/06/27 09:11</PriceUpdateDate>
      <ItemCode>835811001652</ItemCode>
      <ItemType>0</ItemType>
      <ItemName>כוס לשתיה קרה 330 סמק` 40 יח`</ItemName>
      <ManufactureName>הנמל אריזות ושיווק (1984) בעמ</ManufactureName>
      <ManufactureCountry />
      <ManufactureItemDescription />
      <UnitQty>יח`</UnitQty>
      <Quantity>1</Quantity>
      <UnitMeasure />
      <BisWeighted>0</BisWeighted>
      <QtyInPackage>1</QtyInPackage>
      <ItemPrice>5.90</ItemPrice>
      <UnitOfMeasurePrice>5.90</UnitOfMeasurePrice>
      <AllowDiscount>1</AllowDiscount>
      <itemStatus>1</itemStatus>
      <LastUpdateDate />
      <LastUpdateTime />
    </Product>
    <Product>
      <PriceUpdateDate>2018/04/24 12:20</PriceUpdateDate>
      <ItemCode>835811001713</ItemCode>
      <ItemType>0</ItemType>
      <ItemName>ניילון נצמד הנמל (150 מטר)</ItemName>
      <ManufactureName>הנמל אריזות ושיווק (1984) בעמ</ManufactureName>
      <ManufactureCountry />
      <ManufactureItemDescription />
      <UnitQty>יח`</UnitQty>
      <Quantity>1</Quantity>
      <UnitMeasure />
      <BisWeighted>0</BisWeighted>
      <QtyInPackage>1</QtyInPackage>
      <ItemPrice>19.90</ItemPrice>
      <UnitOfMeasurePrice>19.90</UnitOfMeasurePrice>
      <AllowDiscount>1</AllowDiscount>
      <itemStatus>1</itemStatus>
      <LastUpdateDate />
      <LastUpdateTime />
    </Product>
    <Product>
      <PriceUpdateDate>2019/03/05 15:51</PriceUpdateDate>
      <ItemCode>835811001829</ItemCode>
      <ItemType>0</ItemType>
      <ItemName>מגש מרובע שקוף ונציה 30.5X30.5 סמ 1 י</ItemName>
      <ManufactureName>הנמל אריזות ושיווק (1984) בעמ</ManufactureName>
      <ManufactureCountry />
      <ManufactureItemDescription />
      <UnitQty>יח`</UnitQty>
      <Quantity>1</Quantity>
      <UnitMeasure />
      <BisWeighted>0</BisWeighted>
      <QtyInPackage>1</QtyInPackage>
      <ItemPrice>6.90</ItemPrice>
      <UnitOfMeasurePrice>6.90</UnitOfMeasurePrice>
      <AllowDiscount>1</AllowDiscount>
      <itemStatus>1</itemStatus>
      <LastUpdateDate />
      <LastUpdateTime />
    </Product>
    <Product>
      <PriceUpdateDate>2019/03/05 15:51</PriceUpdateDate>
      <ItemCode>835811001843</ItemCode>
      <ItemType>0</ItemType>
      <ItemName>מגש אינגליש קייק שקוף ונציה 37X17 סמ</ItemName>
      <ManufactureName>הנמל אריזות ושיווק (1984) בעמ</ManufactureName>
      <ManufactureCountry />
      <ManufactureItemDescription />
      <UnitQty>יח`</UnitQty>
      <Quantity>1</Quantity>
      <UnitMeasure />
      <BisWeighted>0</BisWeighted>
      <QtyInPackage>1</QtyInPackage>
      <ItemPrice>3.90</ItemPrice>
      <UnitOfMeasurePrice>3.90</UnitOfMeasurePrice>
      <AllowDiscount>1</AllowDiscount>
      <itemStatus>1</itemStatus>
      <LastUpdateDate />
      <LastUpdateTime />
    </Product>
    <Product>
      <PriceUpdateDate>2018/07/23 10:21</PriceUpdateDate>
      <ItemCode>835811002079</ItemCode>
      <ItemType>0</ItemType>
      <ItemName>נר נשמה 48 שעות זכוכית</ItemName>
      <ManufactureName>הנמל אריזות ושיווק (1984) בעמ</ManufactureName>
      <ManufactureCountry />
      <ManufactureItemDescription />
      <UnitQty>יח`</UnitQty>
      <Quantity>1</Quantity>
      <UnitMeasure />
      <BisWeighted>0</BisWeighted>
      <QtyInPackage>1</QtyInPackage>
      <ItemPrice>4.50</ItemPrice>
      <UnitOfMeasurePrice>4.50</UnitOfMeasurePrice>
      <AllowDiscount>0</AllowDiscount>
      <itemStatus>1</itemStatus>
      <LastUpdateDate />
      <LastUpdateTime />
    </Product>
    <Product>
      <PriceUpdateDate>2018/04/24 12:54</PriceUpdateDate>
      <ItemCode>835811002215</ItemCode>
      <ItemType>0</ItemType>
      <ItemName>מאפינס צבעוני 200  יח` מס`4</ItemName>
      <ManufactureName>הנמל אריזות ושיווק (1984) בעמ</ManufactureName>
      <ManufactureCountry />
      <ManufactureItemDescription />
      <UnitQty>יח`</UnitQty>
      <Quantity>1</Quantity>
      <UnitMeasure />
      <BisWeighted>0</BisWeighted>
      <QtyInPackage>1</QtyInPackage>
      <ItemPrice>8.90</ItemPrice>
      <UnitOfMeasurePrice>8.90</UnitOfMeasurePrice>
      <AllowDiscount>0</AllowDiscount>
      <itemStatus>1</itemStatus>
      <LastUpdateDate />
      <LastUpdateTime />
    </Product>
    <Product>
      <PriceUpdateDate>2018/04/24 12:54</PriceUpdateDate>
      <ItemCode>835811002253</ItemCode>
      <ItemType>0</ItemType>
      <ItemName>מאפינס צבעוני 200 יח  מס`1.5</ItemName>
      <ManufactureName>הנמל אריזות ושיווק (1984) בעמ</ManufactureName>
      <ManufactureCountry />
      <ManufactureItemDescription />
      <UnitQty>יח`</UnitQty>
      <Quantity>1</Quantity>
      <UnitMeasure />
      <BisWeighted>0</BisWeighted>
      <QtyInPackage>1</QtyInPackage>
      <ItemPrice>5.90</ItemPrice>
      <UnitOfMeasurePrice>5.90</UnitOfMeasurePrice>
      <AllowDiscount>0</AllowDiscount>
      <itemStatus>1</itemStatus>
      <LastUpdateDate />
      <LastUpdateTime />
    </Product>
    <Product>
      <PriceUpdateDate>2018/07/23 10:21</PriceUpdateDate>
      <ItemCode>835811003618</ItemCode>
      <ItemType>0</ItemType>
      <ItemName>נרות ריחניים בריח תות הנמל</ItemName>
      <ManufactureName>הנמל אריזות ושיווק (1984) בעמ</ManufactureName>
      <ManufactureCountry />
      <ManufactureItemDescription />
      <UnitQty>יח`</UnitQty>
      <Quantity>1</Quantity>
      <UnitMeasure />
      <BisWeighted>0</BisWeighted>
      <QtyInPackage>1</QtyInPackage>
      <ItemPrice>7.90</ItemPrice>
      <UnitOfMeasurePrice>7.90</UnitOfMeasurePrice>
      <AllowDiscount>0</AllowDiscount>
      <itemStatus>1</itemStatus>
      <LastUpdateDate />
      <LastUpdateTime />
    </Product>
    <Product>
      <PriceUpdateDate>2018/07/23 10:21</PriceUpdateDate>
      <ItemCode>835811004141</ItemCode>
      <ItemType>0</ItemType>
      <ItemName>נרות ריחניים בריח וניל הנמל</ItemName>
      <ManufactureName>הנמל אריזות ושיווק (1984) בעמ</ManufactureName>
      <ManufactureCountry />
      <ManufactureItemDescription />
      <UnitQty>יח`</UnitQty>
      <Quantity>1</Quantity>
      <UnitMeasure />
      <BisWeighted>0</BisWeighted>
      <QtyInPackage>1</QtyInPackage>
      <ItemPrice>7.90</ItemPrice>
      <UnitOfMeasurePrice>7.90</UnitOfMeasurePrice>
      <AllowDiscount>0</AllowDiscount>
      <itemStatus>1</itemStatus>
      <LastUpdateDate />
      <LastUpdateTime />
    </Product>
    <Product>
      <PriceUpdateDate>2018/08/17 13:34</PriceUpdateDate>
      <ItemCode>835811004226</ItemCode>
      <ItemType>0</ItemType>
      <ItemName>מפת שולחן עבה בגליל 45 מטר</ItemName>
      <ManufactureName>הנמל אריזות ושיווק (1984) בעמ</ManufactureName>
      <ManufactureCountry />
      <ManufactureItemDescription />
      <UnitQty>יח`</UnitQty>
      <Quantity>1</Quantity>
      <UnitMeasure />
      <BisWeighted>0</BisWeighted>
      <QtyInPackage>1</QtyInPackage>
      <ItemPrice>34.90</ItemPrice>
      <UnitOfMeasurePrice>34.90</UnitOfMeasurePrice>
      <AllowDiscount>0</AllowDiscount>
      <itemStatus>1</itemStatus>
      <LastUpdateDate />
      <LastUpdateTime />
    </Product>
    <Product>
      <PriceUpdateDate>2019/03/05 15:51</PriceUpdateDate>
      <ItemCode>835811004271</ItemCode>
      <ItemType>0</ItemType>
      <ItemName>סלטינה אמרקאית 100 יח`</ItemName>
      <ManufactureName>הנמל אריזות ושיווק (1984) בעמ</ManufactureName>
      <ManufactureCountry />
      <ManufactureItemDescription />
      <UnitQty>יח`</UnitQty>
      <Quantity>1</Quantity>
      <UnitMeasure />
      <BisWeighted>0</BisWeighted>
      <QtyInPackage>1</QtyInPackage>
      <ItemPrice>12.90</ItemPrice>
      <UnitOfMeasurePrice>12.90</UnitOfMeasurePrice>
      <AllowDiscount>0</AllowDiscount>
      <itemStatus>1</itemStatus>
      <LastUpdateDate />
      <LastUpdateTime />
    </Product>
    <Product>
      <PriceUpdateDate>2018/04/24 12:02</PriceUpdateDate>
      <ItemCode>835811005339</ItemCode>
      <ItemType>0</ItemType>
      <ItemName>שקיות מזון הנמל) (150x2</ItemName>
      <ManufactureName>הנמל אריזות ושיווק (1984) בעמ</ManufactureName>
      <ManufactureCountry />
      <ManufactureItemDescription />
      <UnitQty>יח`</UnitQty>
      <Quantity>1</Quantity>
      <UnitMeasure />
      <BisWeighted>0</BisWeighted>
      <QtyInPackage>1</QtyInPackage>
      <ItemPrice>9.90</ItemPrice>
      <UnitOfMeasurePrice>9.90</UnitOfMeasurePrice>
      <AllowDiscount>0</AllowDiscount>
      <itemStatus>1</itemStatus>
      <LastUpdateDate />
      <LastUpdateTime />
    </Product>
    <Product>
      <PriceUpdateDate>2018/04/24 12:32</PriceUpdateDate>
      <ItemCode>835811005803</ItemCode>
      <ItemType>0</ItemType>
      <ItemName>הנמל שקיות אשפה עם ידיות 25 יח 90*75</ItemName>
      <ManufactureName>הנמל אריזות ושיווק (1984) בעמ</ManufactureName>
      <ManufactureCountry />
      <ManufactureItemDescription />
      <UnitQty>יח`</UnitQty>
      <Quantity>1</Quantity>
      <UnitMeasure />
      <BisWeighted>0</BisWeighted>
      <QtyInPackage>1</QtyInPackage>
      <ItemPrice>15.90</ItemPrice>
      <UnitOfMeasurePrice>15.90</UnitOfMeasurePrice>
      <AllowDiscount>1</AllowDiscount>
      <itemStatus>1</itemStatus>
      <LastUpdateDate />
      <LastUpdateTime />
    </Product>
    <Product>
      <PriceUpdateDate>2019/03/05 15:51</PriceUpdateDate>
      <ItemCode>835811005810</ItemCode>
      <ItemType>0</ItemType>
      <ItemName>מגש הכסף תבנית מרובע קטן+מכסה  10 יח`</ItemName>
      <ManufactureName>הנמל אריזות ושיווק (1984) בעמ</ManufactureName>
      <ManufactureCountry />
      <ManufactureItemDescription />
      <UnitQty>יח`</UnitQty>
      <Quantity>1</Quantity>
      <UnitMeasure />
      <BisWeighted>0</BisWeighted>
      <QtyInPackage>1</QtyInPackage>
      <ItemPrice>9.90</ItemPrice>
      <UnitOfMeasurePrice>9.90</UnitOfMeasurePrice>
      <AllowDiscount>0</AllowDiscount>
      <itemStatus>1</itemStatus>
      <LastUpdateDate />
      <LastUpdateTime />
    </Product>
    <Product>
      <PriceUpdateDate>2019/03/05 15:51</PriceUpdateDate>
      <ItemCode>835811005940</ItemCode>
      <ItemType>0</ItemType>
      <ItemName>מגש הכסף תבנית  אלומ` גדולה+ מכסה 8 יח`</ItemName>
      <ManufactureName>הנמל אריזות ושיווק (1984) בעמ</ManufactureName>
      <ManufactureCountry />
      <ManufactureItemDescription />
      <UnitQty>יח`</UnitQty>
      <Quantity>1</Quantity>
      <UnitMeasure />
      <BisWeighted>0</BisWeighted>
      <QtyInPackage>1</QtyInPackage>
      <ItemPrice>9.90</ItemPrice>
      <UnitOfMeasurePrice>9.90</UnitOfMeasurePrice>
      <AllowDiscount>0</AllowDiscount>
      <itemStatus>1</itemStatus>
      <LastUpdateDate />
      <LastUpdateTime />
    </Product>
    <Product>
      <PriceUpdateDate>2018/04/24 11:10</PriceUpdateDate>
      <ItemCode>835811005971</ItemCode>
      <ItemType>0</ItemType>
      <ItemName>מפת שלחן אל בד עם רנר מודפס 120*270 הנמל</ItemName>
      <ManufactureName>הנמל אריזות ושיווק (1984) בעמ</ManufactureName>
      <ManufactureCountry />
      <ManufactureItemDescription />
      <UnitQty>יח`</UnitQty>
      <Quantity>1</Quantity>
      <UnitMeasure />
      <BisWeighted>0</BisWeighted>
      <QtyInPackage>1</QtyInPackage>
      <ItemPrice>9.90</ItemPrice>
      <UnitOfMeasurePrice>9.90</UnitOfMeasurePrice>
      <AllowDiscount>1</AllowDiscount>
      <itemStatus>1</itemStatus>
      <LastUpdateDate />
      <LastUpdateTime />
    </Product>
    <Product>
      <PriceUpdateDate>2019/11/13 12:10</PriceUpdateDate>
      <ItemCode>835811006206</ItemCode>
      <ItemType>0</ItemType>
      <ItemName>כוסות מתכלה טבעי 25  יח`9 אונז`</ItemName>
      <ManufactureName>הנמל אריזות ושיווק (1984) בעמ</ManufactureName>
      <ManufactureCountry />
      <ManufactureItemDescription />
      <UnitQty>יח`</UnitQty>
      <Quantity>1</Quantity>
      <UnitMeasure />
      <BisWeighted>0</BisWeighted>
      <QtyInPackage>1</QtyInPackage>
      <ItemPrice>6.90</ItemPrice>
      <UnitOfMeasurePrice>6.90</UnitOfMeasurePrice>
      <AllowDiscount>0</AllowDiscount>
      <itemStatus>1</itemStatus>
      <LastUpdateDate />
      <LastUpdateTime />
    </Product>
    <Product>
      <PriceUpdateDate>2019/11/13 12:10</PriceUpdateDate>
      <ItemCode>835811006244</ItemCode>
      <ItemType>0</ItemType>
      <ItemName>צלחות גדולות מקנה סוכר טבעי 25 יח`</ItemName>
      <ManufactureName>הנמל אריזות ושיווק (1984) בעמ</ManufactureName>
      <ManufactureCountry />
      <ManufactureItemDescription />
      <UnitQty>יח`</UnitQty>
      <Quantity>1</Quantity>
      <UnitMeasure />
      <BisWeighted>0</BisWeighted>
      <QtyInPackage>1</QtyInPackage>
      <ItemPrice>9.90</ItemPrice>
      <UnitOfMeasurePrice>9.90</UnitOfMeasurePrice>
      <AllowDiscount>0</AllowDiscount>
      <itemStatus>1</itemStatus>
      <LastUpdateDate />
      <LastUpdateTime />
    </Product>
    <Product>
      <PriceUpdateDate>2018/04/24 11:51</PriceUpdateDate>
      <ItemCode>835811006473</ItemCode>
      <ItemType>0</ItemType>
      <ItemName>צלחות מקרטון זהב+תחרה הנמל</ItemName>
      <ManufactureName>הנמל אריזות ושיווק (1984) בעמ</ManufactureName>
      <ManufactureCountry />
      <ManufactureItemDescription />
      <UnitQty>יח`</UnitQty>
      <Quantity>1</Quantity>
      <UnitMeasure />
      <BisWeighted>0</BisWeighted>
      <QtyInPackage>1</QtyInPackage>
      <ItemPrice>13.90</ItemPrice>
      <UnitOfMeasurePrice>13.90</UnitOfMeasurePrice>
      <AllowDiscount>1</AllowDiscount>
      <itemStatus>1</itemStatus>
      <LastUpdateDate />
      <LastUpdateTime />
    </Product>
    <Product>
      <PriceUpdateDate>2018/04/24 11:55</PriceUpdateDate>
      <ItemCode>835811006701</ItemCode>
      <ItemType>0</ItemType>
      <ItemName>קוקטים לאפייה 24  יח`הנמל</ItemName>
      <ManufactureName>הנמל אריזות ושיווק (1984) בעמ</ManufactureName>
      <ManufactureCountry />
      <ManufactureItemDescription />
      <UnitQty>יח`</UnitQty>
      <Quantity>1</Quantity>
      <UnitMeasure />
      <BisWeighted>0</BisWeighted>
      <QtyInPackage>1</QtyInPackage>
      <ItemPrice>8.90</ItemPrice>
      <UnitOfMeasurePrice>8.90</UnitOfMeasurePrice>
      <AllowDiscount>0</AllowDiscount>
      <itemStatus>1</itemStatus>
      <LastUpdateDate />
      <LastUpdateTime />
    </Product>
    <Product>
      <PriceUpdateDate>2018/04/24 09:41</PriceUpdateDate>
      <ItemCode>835811007166</ItemCode>
      <ItemType>0</ItemType>
      <ItemName>כוסות קרטון 16  יח`הנמל</ItemName>
      <ManufactureName>הנמל אריזות ושיווק (1984) בעמ</ManufactureName>
      <ManufactureCountry />
      <ManufactureItemDescription />
      <UnitQty>יח`</UnitQty>
      <Quantity>16</Quantity>
      <UnitMeasure>יח`</UnitMeasure>
      <BisWeighted>0</BisWeighted>
      <QtyInPackage>1</QtyInPackage>
      <ItemPrice>12.90</ItemPrice>
      <UnitOfMeasurePrice>0.81</UnitOfMeasurePrice>
      <AllowDiscount>0</AllowDiscount>
      <itemStatus>1</itemStatus>
      <LastUpdateDate />
      <LastUpdateTime />
    </Product>
    <Product>
      <PriceUpdateDate>2019/03/05 15:51</PriceUpdateDate>
      <ItemCode>835811007357</ItemCode>
      <ItemType>0</ItemType>
      <ItemName>סלטינות אובלי 25 יח</ItemName>
      <ManufactureName>הנמל אריזות ושיווק (1984) בעמ</ManufactureName>
      <ManufactureCountry />
      <ManufactureItemDescription />
      <UnitQty>יח`</UnitQty>
      <Quantity>1</Quantity>
      <UnitMeasure />
      <BisWeighted>0</BisWeighted>
      <QtyInPackage>1</QtyInPackage>
      <ItemPrice>3.90</ItemPrice>
      <UnitOfMeasurePrice>3.90</UnitOfMeasurePrice>
      <AllowDiscount>1</AllowDiscount>
      <itemStatus>1</itemStatus>
      <LastUpdateDate />
      <LastUpdateTime />
    </Product>
    <Product>
      <PriceUpdateDate>2018/04/24 11:11</PriceUpdateDate>
      <ItemCode>835811007432</ItemCode>
      <ItemType>0</ItemType>
      <ItemName>תבנית אפייה משפחתית מקרטון הנמל (3)</ItemName>
      <ManufactureName>הנמל אריזות ושיווק (1984) בעמ</ManufactureName>
      <ManufactureCountry />
      <ManufactureItemDescription />
      <UnitQty>יח`</UnitQty>
      <Quantity>1</Quantity>
      <UnitMeasure />
      <BisWeighted>0</BisWeighted>
      <QtyInPackage>1</QtyInPackage>
      <ItemPrice>8.90</ItemPrice>
      <UnitOfMeasurePrice>8.90</UnitOfMeasurePrice>
      <AllowDiscount>1</AllowDiscount>
      <itemStatus>1</itemStatus>
      <LastUpdateDate />
      <LastUpdateTime />
    </Product>
    <Product>
      <PriceUpdateDate>2018/04/24 12:32</PriceUpdateDate>
      <ItemCode>835811007562</ItemCode>
      <ItemType>0</ItemType>
      <ItemName>תבנית קרטון אינגליש קייק הנמל (6)</ItemName>
      <ManufactureName>הנמל אריזות ושיווק (1984) בעמ</ManufactureName>
      <ManufactureCountry />
      <ManufactureItemDescription />
      <UnitQty>יח`</UnitQty>
      <Quantity>1</Quantity>
      <UnitMeasure />
      <BisWeighted>0</BisWeighted>
      <QtyInPackage>1</QtyInPackage>
      <ItemPrice>8.90</ItemPrice>
      <UnitOfMeasurePrice>8.90</UnitOfMeasurePrice>
      <AllowDiscount>1</AllowDiscount>
      <itemStatus>1</itemStatus>
      <LastUpdateDate />
      <LastUpdateTime />
    </Product>
    <Product>
      <PriceUpdateDate>2018/04/24 09:43</PriceUpdateDate>
      <ItemCode>835811008347</ItemCode>
      <ItemType>0</ItemType>
      <ItemName>גפרור ענק הנמל</ItemName>
      <ManufactureName>הנמל אריזות ושיווק (1984) בעמ</ManufactureName>
      <ManufactureCountry />
      <ManufactureItemDescription />
      <UnitQty>יח`</UnitQty>
      <Quantity>1</Quantity>
      <UnitMeasure />
      <BisWeighted>0</BisWeighted>
      <QtyInPackage>1</QtyInPackage>
      <ItemPrice>5.90</ItemPrice>
      <UnitOfMeasurePrice>5.90</UnitOfMeasurePrice>
      <AllowDiscount>1</AllowDiscount>
      <itemStatus>1</itemStatus>
      <LastUpdateDate />
      <LastUpdateTime />
    </Product>
    <Product>
      <PriceUpdateDate>2018/04/24 09:43</PriceUpdateDate>
      <ItemCode>835811008606</ItemCode>
      <ItemType>0</ItemType>
      <ItemName>סיר אלומיניום 3 יח` הנמל</ItemName>
      <ManufactureName>הנמל אריזות ושיווק (1984) בעמ</ManufactureName>
      <ManufactureCountry />
      <ManufactureItemDescription />
      <UnitQty>יח`</UnitQty>
      <Quantity>1</Quantity>
      <UnitMeasure />
      <BisWeighted>0</BisWeighted>
      <QtyInPackage>1</QtyInPackage>
      <ItemPrice>14.90</ItemPrice>
      <UnitOfMeasurePrice>14.90</UnitOfMeasurePrice>
      <AllowDiscount>1</AllowDiscount>
      <itemStatus>1</itemStatus>
      <LastUpdateDate />
      <LastUpdateTime />
    </Product>
    <Product>
      <PriceUpdateDate>2018/04/24 09:43</PriceUpdateDate>
      <ItemCode>835811008699</ItemCode>
      <ItemType>0</ItemType>
      <ItemName>כפות 50 יח עבה הנמל</ItemName>
      <ManufactureName>הנמל אריזות ושיווק (1984) בעמ</ManufactureName>
      <ManufactureCountry />
      <ManufactureItemDescription />
      <UnitQty>יח`</UnitQty>
      <Quantity>1</Quantity>
      <UnitMeasure />
      <BisWeighted>0</BisWeighted>
      <QtyInPackage>1</QtyInPackage>
      <ItemPrice>8.90</ItemPrice>
      <UnitOfMeasurePrice>8.90</UnitOfMeasurePrice>
      <AllowDiscount>1</AllowDiscount>
      <itemStatus>1</itemStatus>
      <LastUpdateDate />
      <LastUpdateTime />
    </Product>
    <Product>
      <PriceUpdateDate>2019/03/05 15:51</PriceUpdateDate>
      <ItemCode>835811008729</ItemCode>
      <ItemType>0</ItemType>
      <ItemName>צלחות אמרקאיות ענק 10 אונ`100 יח`</ItemName>
      <ManufactureName>הנמל אריזות ושיווק (1984) בעמ</ManufactureName>
      <ManufactureCountry />
      <ManufactureItemDescription />
      <UnitQty>יח`</UnitQty>
      <Quantity>1</Quantity>
      <UnitMeasure />
      <BisWeighted>0</BisWeighted>
      <QtyInPackage>1</QtyInPackage>
      <ItemPrice>39.90</ItemPrice>
      <UnitOfMeasurePrice>39.90</UnitOfMeasurePrice>
      <AllowDiscount>0</AllowDiscount>
      <itemStatus>1</itemStatus>
      <LastUpdateDate />
      <LastUpdateTime />
    </Product>
    <Product>
      <PriceUpdateDate>2018/04/24 12:42</PriceUpdateDate>
      <ItemCode>835811008743</ItemCode>
      <ItemType>0</ItemType>
      <ItemName>קינואה 500  גר`הנמל</ItemName>
      <ManufactureName>הנמל אריזות ושיווק (1984) בעמ</ManufactureName>
      <ManufactureCountry />
      <ManufactureItemDescription />
      <UnitQty>יח`</UnitQty>
      <Quantity>5</Quantity>
      <UnitMeasure>100 גרם</UnitMeasure>
      <BisWeighted>0</BisWeighted>
      <QtyInPackage>1</QtyInPackage>
      <ItemPrice>15.90</ItemPrice>
      <UnitOfMeasurePrice>3.18</UnitOfMeasurePrice>
      <AllowDiscount>0</AllowDiscount>
      <itemStatus>1</itemStatus>
      <LastUpdateDate />
      <LastUpdateTime />
    </Product>
    <Product>
      <PriceUpdateDate>2018/04/24 09:43</PriceUpdateDate>
      <ItemCode>835811008781</ItemCode>
      <ItemType>0</ItemType>
      <ItemName>מרקיה אמריקאית 100 יח</ItemName>
      <ManufactureName>הנמל אריזות ושיווק (1984) בעמ</ManufactureName>
      <ManufactureCountry />
      <ManufactureItemDescription />
      <UnitQty>יח`</UnitQty>
      <Quantity>1</Quantity>
      <UnitMeasure />
      <BisWeighted>0</BisWeighted>
      <QtyInPackage>1</QtyInPackage>
      <ItemPrice>19.90</ItemPrice>
      <UnitOfMeasurePrice>19.90</UnitOfMeasurePrice>
      <AllowDiscount>0</AllowDiscount>
      <itemStatus>1</itemStatus>
      <LastUpdateDate />
      <LastUpdateTime />
    </Product>
    <Product>
      <PriceUpdateDate>2018/04/24 09:45</PriceUpdateDate>
      <ItemCode>835811008934</ItemCode>
      <ItemType>0</ItemType>
      <ItemName>מזלגות 50 יח` קרם עבה הנמל</ItemName>
      <ManufactureName>הנמל אריזות ושיווק (1984) בעמ</ManufactureName>
      <ManufactureCountry />
      <ManufactureItemDescription />
      <UnitQty>יח`</UnitQty>
      <Quantity>1</Quantity>
      <UnitMeasure />
      <BisWeighted>0</BisWeighted>
      <QtyInPackage>1</QtyInPackage>
      <ItemPrice>8.90</ItemPrice>
      <UnitOfMeasurePrice>8.90</UnitOfMeasurePrice>
      <AllowDiscount>1</AllowDiscount>
      <itemStatus>1</itemStatus>
      <LastUpdateDate />
      <LastUpdateTime />
    </Product>
    <Product>
      <PriceUpdateDate>2019/03/05 15:51</PriceUpdateDate>
      <ItemCode>835811008989</ItemCode>
      <ItemType>0</ItemType>
      <ItemName>כוסות קרטון 50 12OZ יח`</ItemName>
      <ManufactureName>הנמל אריזות ושיווק (1984) בעמ</ManufactureName>
      <ManufactureCountry />
      <ManufactureItemDescription />
      <UnitQty>יח`</UnitQty>
      <Quantity>1</Quantity>
      <UnitMeasure />
      <BisWeighted>0</BisWeighted>
      <QtyInPackage>1</QtyInPackage>
      <ItemPrice>12.90</ItemPrice>
      <UnitOfMeasurePrice>12.90</UnitOfMeasurePrice>
      <AllowDiscount>0</AllowDiscount>
      <itemStatus>1</itemStatus>
      <LastUpdateDate />
      <LastUpdateTime />
    </Product>
    <Product>
      <PriceUpdateDate>2019/03/05 15:51</PriceUpdateDate>
      <ItemCode>835811008996</ItemCode>
      <ItemType>0</ItemType>
      <ItemName>כוסות קרטון 50 10OZ יח`</ItemName>
      <ManufactureName>הנמל אריזות ושיווק (1984) בעמ</ManufactureName>
      <ManufactureCountry />
      <ManufactureItemDescription />
      <UnitQty>יח`</UnitQty>
      <Quantity>1</Quantity>
      <UnitMeasure />
      <BisWeighted>0</BisWeighted>
      <QtyInPackage>1</QtyInPackage>
      <ItemPrice>9.90</ItemPrice>
      <UnitOfMeasurePrice>9.90</UnitOfMeasurePrice>
      <AllowDiscount>1</AllowDiscount>
      <itemStatus>1</itemStatus>
      <LastUpdateDate />
      <LastUpdateTime />
    </Product>
    <Product>
      <PriceUpdateDate>2019/03/05 15:51</PriceUpdateDate>
      <ItemCode>835811009016</ItemCode>
      <ItemType>0</ItemType>
      <ItemName>כוסות קרטון 50 4 OZ יח`</ItemName>
      <ManufactureName>הנמל אריזות ושיווק (1984) בעמ</ManufactureName>
      <ManufactureCountry />
      <ManufactureItemDescription />
      <UnitQty>יח`</UnitQty>
      <Quantity>1</Quantity>
      <UnitMeasure />
      <BisWeighted>0</BisWeighted>
      <QtyInPackage>1</QtyInPackage>
      <ItemPrice>5.90</ItemPrice>
      <UnitOfMeasurePrice>5.90</UnitOfMeasurePrice>
      <AllowDiscount>0</AllowDiscount>
      <itemStatus>1</itemStatus>
      <LastUpdateDate />
      <LastUpdateTime />
    </Product>
    <Product>
      <PriceUpdateDate>2019/03/05 15:51</PriceUpdateDate>
      <ItemCode>835811009429</ItemCode>
      <ItemType>0</ItemType>
      <ItemName>צלחות גדולות צבע 25 יח` מעורב</ItemName>
      <ManufactureName>הנמל אריזות ושיווק (1984) בעמ</ManufactureName>
      <ManufactureCountry />
      <ManufactureItemDescription />
      <UnitQty>יח`</UnitQty>
      <Quantity>1</Quantity>
      <UnitMeasure />
      <BisWeighted>0</BisWeighted>
      <QtyInPackage>1</QtyInPackage>
      <ItemPrice>8.90</ItemPrice>
      <UnitOfMeasurePrice>8.90</UnitOfMeasurePrice>
      <AllowDiscount>1</AllowDiscount>
      <itemStatus>1</itemStatus>
      <LastUpdateDate />
      <LastUpdateTime />
    </Product>
    <Product>
      <PriceUpdateDate>2019/03/05 15:51</PriceUpdateDate>
      <ItemCode>835811009689</ItemCode>
      <ItemType>0</ItemType>
      <ItemName>כוסות צבע מעורב 50 יח`</ItemName>
      <ManufactureName>הנמל אריזות ושיווק (1984) בעמ</ManufactureName>
      <ManufactureCountry />
      <ManufactureItemDescription />
      <UnitQty>יח`</UnitQty>
      <Quantity>1</Quantity>
      <UnitMeasure />
      <BisWeighted>0</BisWeighted>
      <QtyInPackage>1</QtyInPackage>
      <ItemPrice>8.90</ItemPrice>
      <UnitOfMeasurePrice>8.90</UnitOfMeasurePrice>
      <AllowDiscount>1</AllowDiscount>
      <itemStatus>1</itemStatus>
      <LastUpdateDate />
      <LastUpdateTime />
    </Product>
    <Product>
      <PriceUpdateDate>2018/04/24 10:48</PriceUpdateDate>
      <ItemCode>839762000658</ItemCode>
      <ItemType>0</ItemType>
      <ItemName>משקה גויאבה איילנד (1 ליטר)</ItemName>
      <ManufactureName>טמפו משקאות בעמ</ManufactureName>
      <ManufactureCountry />
      <ManufactureItemDescription />
      <UnitQty>יח`</UnitQty>
      <Quantity>1</Quantity>
      <UnitMeasure>1 ליטר</UnitMeasure>
      <BisWeighted>0</BisWeighted>
      <QtyInPackage>1</QtyInPackage>
      <ItemPrice>10.90</ItemPrice>
      <UnitOfMeasurePrice>10.90</UnitOfMeasurePrice>
      <AllowDiscount>1</AllowDiscount>
      <itemStatus>1</itemStatus>
      <LastUpdateDate />
      <LastUpdateTime />
    </Product>
    <Product>
      <PriceUpdateDate>2020/04/27 08:52</PriceUpdateDate>
      <ItemCode>850004207024</ItemCode>
      <ItemType>0</ItemType>
      <ItemName>המבורגר ביונד מיט 113 גר` מארז זוגי</ItemName>
      <ManufactureName>דיפלומט היינץ</ManufactureName>
      <ManufactureCountry />
      <ManufactureItemDescription />
      <UnitQty>יח`</UnitQty>
      <Quantity>2.26</Quantity>
      <UnitMeasure>100 גרם</UnitMeasure>
      <BisWeighted>0</BisWeighted>
      <QtyInPackage>1</QtyInPackage>
      <ItemPrice>34.90</ItemPrice>
      <UnitOfMeasurePrice>15.44</UnitOfMeasurePrice>
      <AllowDiscount>1</AllowDiscount>
      <itemStatus>1</itemStatus>
      <LastUpdateDate />
      <LastUpdateTime />
    </Product>
    <Product>
      <PriceUpdateDate>2019/01/13 07:26</PriceUpdateDate>
      <ItemCode>852802008049</ItemCode>
      <ItemType>0</ItemType>
      <ItemName>שיק תפוח עץ ותות שדה מארז שישייה 65 גר`</ItemName>
      <ManufactureName>אבאל יזמות בעמ</ManufactureName>
      <ManufactureCountry />
      <ManufactureItemDescription />
      <UnitQty>יח`</UnitQty>
      <Quantity>3.90</Quantity>
      <UnitMeasure>100 גרם</UnitMeasure>
      <BisWeighted>0</BisWeighted>
      <QtyInPackage>1</QtyInPackage>
      <ItemPrice>11.90</ItemPrice>
      <UnitOfMeasurePrice>3.05</UnitOfMeasurePrice>
      <AllowDiscount>1</AllowDiscount>
      <itemStatus>1</itemStatus>
      <LastUpdateDate />
      <LastUpdateTime />
    </Product>
    <Product>
      <PriceUpdateDate>2018/04/24 12:33</PriceUpdateDate>
      <ItemCode>856591000055</ItemCode>
      <ItemType>0</ItemType>
      <ItemName>עוגיות מזרחיות קריספי עבאדי (400 גרם)</ItemName>
      <ManufactureName>תה ויסוצקי (ישראל) בעמ</ManufactureName>
      <ManufactureCountry />
      <ManufactureItemDescription />
      <UnitQty>יח`</UnitQty>
      <Quantity>4</Quantity>
      <UnitMeasure>100 גרם</UnitMeasure>
      <BisWeighted>0</BisWeighted>
      <QtyInPackage>1</QtyInPackage>
      <ItemPrice>16.90</ItemPrice>
      <UnitOfMeasurePrice>4.23</UnitOfMeasurePrice>
      <AllowDiscount>0</AllowDiscount>
      <itemStatus>1</itemStatus>
      <LastUpdateDate />
      <LastUpdateTime />
    </Product>
    <Product>
      <PriceUpdateDate>2018/04/24 10:06</PriceUpdateDate>
      <ItemCode>856591000062</ItemCode>
      <ItemType>0</ItemType>
      <ItemName>עוגיות מזרחיות עם מלח עבאדי (400 גרם)</ItemName>
      <ManufactureName>תה ויסוצקי (ישראל) בעמ</ManufactureName>
      <ManufactureCountry />
      <ManufactureItemDescription />
      <UnitQty>יח`</UnitQty>
      <Quantity>4</Quantity>
      <UnitMeasure>100 גרם</UnitMeasure>
      <BisWeighted>0</BisWeighted>
      <QtyInPackage>1</QtyInPackage>
      <ItemPrice>16.90</ItemPrice>
      <UnitOfMeasurePrice>4.23</UnitOfMeasurePrice>
      <AllowDiscount>0</AllowDiscount>
      <itemStatus>1</itemStatus>
      <LastUpdateDate />
      <LastUpdateTime />
    </Product>
    <Product>
      <PriceUpdateDate>2018/04/24 10:06</PriceUpdateDate>
      <ItemCode>856591000109</ItemCode>
      <ItemType>0</ItemType>
      <ItemName>עוגיות מזרחיות עבאדי 400 גר`</ItemName>
      <ManufactureName>תה ויסוצקי (ישראל) בעמ</ManufactureName>
      <ManufactureCountry />
      <ManufactureItemDescription />
      <UnitQty>יח`</UnitQty>
      <Quantity>4</Quantity>
      <UnitMeasure>100 גרם</UnitMeasure>
      <BisWeighted>0</BisWeighted>
      <QtyInPackage>1</QtyInPackage>
      <ItemPrice>16.90</ItemPrice>
      <UnitOfMeasurePrice>4.23</UnitOfMeasurePrice>
      <AllowDiscount>0</AllowDiscount>
      <itemStatus>1</itemStatus>
      <LastUpdateDate />
      <LastUpdateTime />
    </Product>
    <Product>
      <PriceUpdateDate>2019/02/25 10:47</PriceUpdateDate>
      <ItemCode>856591000505</ItemCode>
      <ItemType>0</ItemType>
      <ItemName>נשנוש בטעם ברבריקין 400 גר עבאדי</ItemName>
      <ManufactureName>תה ויסוצקי (ישראל) בעמ</ManufactureName>
      <ManufactureCountry />
      <ManufactureItemDescription />
      <UnitQty>יח`</UnitQty>
      <Quantity>4</Quantity>
      <UnitMeasure>100 גרם</UnitMeasure>
      <BisWeighted>0</BisWeighted>
      <QtyInPackage>1</QtyInPackage>
      <ItemPrice>17.90</ItemPrice>
      <UnitOfMeasurePrice>4.48</UnitOfMeasurePrice>
      <AllowDiscount>0</AllowDiscount>
      <itemStatus>1</itemStatus>
      <LastUpdateDate />
      <LastUpdateTime />
    </Product>
    <Product>
      <PriceUpdateDate>2018/04/24 10:06</PriceUpdateDate>
      <ItemCode>856591000512</ItemCode>
      <ItemType>0</ItemType>
      <ItemName>עוגיות מזרחיות עבאדי 400 גר`</ItemName>
      <ManufactureName>תה ויסוצקי (ישראל) בעמ</ManufactureName>
      <ManufactureCountry />
      <ManufactureItemDescription />
      <UnitQty>יח`</UnitQty>
      <Quantity>4</Quantity>
      <UnitMeasure>100 גרם</UnitMeasure>
      <BisWeighted>0</BisWeighted>
      <QtyInPackage>1</QtyInPackage>
      <ItemPrice>16.90</ItemPrice>
      <UnitOfMeasurePrice>4.23</UnitOfMeasurePrice>
      <AllowDiscount>0</AllowDiscount>
      <itemStatus>1</itemStatus>
      <LastUpdateDate />
      <LastUpdateTime />
    </Product>
    <Product>
      <PriceUpdateDate>2018/04/24 12:11</PriceUpdateDate>
      <ItemCode>884912014245</ItemCode>
      <ItemType>0</ItemType>
      <ItemName>האני בנצ`ס עם דבש פוסט (411 גרם)</ItemName>
      <ManufactureName>ר.ב מוצרי דגנים בעמ</ManufactureName>
      <ManufactureCountry />
      <ManufactureItemDescription />
      <UnitQty>יח`</UnitQty>
      <Quantity>4.11</Quantity>
      <UnitMeasure>100 גרם</UnitMeasure>
      <BisWeighted>0</BisWeighted>
      <QtyInPackage>1</QtyInPackage>
      <ItemPrice>22</ItemPrice>
      <UnitOfMeasurePrice>5.35</UnitOfMeasurePrice>
      <AllowDiscount>1</AllowDiscount>
      <itemStatus>1</itemStatus>
      <LastUpdateDate />
      <LastUpdateTime />
    </Product>
    <Product>
      <PriceUpdateDate>2018/04/24 12:11</PriceUpdateDate>
      <ItemCode>884912014252</ItemCode>
      <ItemType>0</ItemType>
      <ItemName>האני בנצ`ס עם שקדים פוסט (411 גרם)</ItemName>
      <ManufactureName>ר.ב מוצרי דגנים בעמ</ManufactureName>
      <ManufactureCountry />
      <ManufactureItemDescription />
      <UnitQty>יח`</UnitQty>
      <Quantity>4.11</Quantity>
      <UnitMeasure>100 גרם</UnitMeasure>
      <BisWeighted>0</BisWeighted>
      <QtyInPackage>1</QtyInPackage>
      <ItemPrice>22</ItemPrice>
      <UnitOfMeasurePrice>5.35</UnitOfMeasurePrice>
      <AllowDiscount>1</AllowDiscount>
      <itemStatus>1</itemStatus>
      <LastUpdateDate />
      <LastUpdateTime />
    </Product>
    <Product>
      <PriceUpdateDate>2019/01/17 08:00</PriceUpdateDate>
      <ItemCode>884912102102</ItemCode>
      <ItemType>0</ItemType>
      <ItemName>בלוברי מורנינג אוככמניות 382 גר`</ItemName>
      <ManufactureName>ר.ב מוצרי דגנים בעמ</ManufactureName>
      <ManufactureCountry />
      <ManufactureItemDescription />
      <UnitQty>יח`</UnitQty>
      <Quantity>3.82</Quantity>
      <UnitMeasure>100 גרם</UnitMeasure>
      <BisWeighted>0</BisWeighted>
      <QtyInPackage>1</QtyInPackage>
      <ItemPrice>25.90</ItemPrice>
      <UnitOfMeasurePrice>6.78</UnitOfMeasurePrice>
      <AllowDiscount>1</AllowDiscount>
      <itemStatus>1</itemStatus>
      <LastUpdateDate />
      <LastUpdateTime />
    </Product>
    <Product>
      <PriceUpdateDate>2018/04/24 13:13</PriceUpdateDate>
      <ItemCode>884912112217</ItemCode>
      <ItemType>0</ItemType>
      <ItemName>האני בנצ`ס עם תות פוסט (368 גרם)</ItemName>
      <ManufactureName>ר.ב מוצרי דגנים בעמ</ManufactureName>
      <ManufactureCountry />
      <ManufactureItemDescription />
      <UnitQty>יח`</UnitQty>
      <Quantity>3.68</Quantity>
      <UnitMeasure>100 גרם</UnitMeasure>
      <BisWeighted>0</BisWeighted>
      <QtyInPackage>1</QtyInPackage>
      <ItemPrice>22</ItemPrice>
      <UnitOfMeasurePrice>5.98</UnitOfMeasurePrice>
      <AllowDiscount>1</AllowDiscount>
      <itemStatus>1</itemStatus>
      <LastUpdateDate />
      <LastUpdateTime />
    </Product>
    <Product>
      <PriceUpdateDate>2019/01/17 08:00</PriceUpdateDate>
      <ItemCode>884912126115</ItemCode>
      <ItemType>0</ItemType>
      <ItemName>דגני בוקר פוסט גרייט גריינס 382 גר`</ItemName>
      <ManufactureName>ר.ב מוצרי דגנים בעמ</ManufactureName>
      <ManufactureCountry />
      <ManufactureItemDescription />
      <UnitQty>יח`</UnitQty>
      <Quantity>3.82</Quantity>
      <UnitMeasure>100 גרם</UnitMeasure>
      <BisWeighted>0</BisWeighted>
      <QtyInPackage>1</QtyInPackage>
      <ItemPrice>25.90</ItemPrice>
      <UnitOfMeasurePrice>6.78</UnitOfMeasurePrice>
      <AllowDiscount>1</AllowDiscount>
      <itemStatus>1</itemStatus>
      <LastUpdateDate />
      <LastUpdateTime />
    </Product>
    <Product>
      <PriceUpdateDate>2018/04/24 12:55</PriceUpdateDate>
      <ItemCode>884912259363</ItemCode>
      <ItemType>0</ItemType>
      <ItemName>דגני בוקר פקאן מייפל וסוכר חום 411 גר HB</ItemName>
      <ManufactureName>ר.ב מוצרי דגנים בעמ</ManufactureName>
      <ManufactureCountry />
      <ManufactureItemDescription />
      <UnitQty>יח`</UnitQty>
      <Quantity>4.11</Quantity>
      <UnitMeasure>100 גרם</UnitMeasure>
      <BisWeighted>0</BisWeighted>
      <QtyInPackage>1</QtyInPackage>
      <ItemPrice>22</ItemPrice>
      <UnitOfMeasurePrice>5.35</UnitOfMeasurePrice>
      <AllowDiscount>1</AllowDiscount>
      <itemStatus>1</itemStatus>
      <LastUpdateDate />
      <LastUpdateTime />
    </Product>
    <Product>
      <PriceUpdateDate>2018/08/15 08:04</PriceUpdateDate>
      <ItemCode>884912288745</ItemCode>
      <ItemType>0</ItemType>
      <ItemName>קוקו פבלס פוסט (425 גרם) ללא גולטן</ItemName>
      <ManufactureName>ר.ב מוצרי דגנים בעמ</ManufactureName>
      <ManufactureCountry />
      <ManufactureItemDescription />
      <UnitQty>יח`</UnitQty>
      <Quantity>4.25</Quantity>
      <UnitMeasure>100 גרם</UnitMeasure>
      <BisWeighted>0</BisWeighted>
      <QtyInPackage>1</QtyInPackage>
      <ItemPrice>20</ItemPrice>
      <UnitOfMeasurePrice>4.71</UnitOfMeasurePrice>
      <AllowDiscount>1</AllowDiscount>
      <itemStatus>1</itemStatus>
      <LastUpdateDate />
      <LastUpdateTime />
    </Product>
    <Product>
      <PriceUpdateDate>2018/11/16 08:47</PriceUpdateDate>
      <ItemCode>884912290090</ItemCode>
      <ItemType>0</ItemType>
      <ItemName>קוק פבלס חמאת בוטנים פוסט (311 גר` )</ItemName>
      <ManufactureName>ר.ב מוצרי דגנים בעמ</ManufactureName>
      <ManufactureCountry />
      <ManufactureItemDescription />
      <UnitQty>יח`</UnitQty>
      <Quantity>3.11</Quantity>
      <UnitMeasure>100 גרם</UnitMeasure>
      <BisWeighted>0</BisWeighted>
      <QtyInPackage>1</QtyInPackage>
      <ItemPrice>20</ItemPrice>
      <UnitOfMeasurePrice>6.43</UnitOfMeasurePrice>
      <AllowDiscount>1</AllowDiscount>
      <itemStatus>1</itemStatus>
      <LastUpdateDate />
      <LastUpdateTime />
    </Product>
    <Product>
      <PriceUpdateDate>2019/05/27 16:17</PriceUpdateDate>
      <ItemCode>884912299314</ItemCode>
      <ItemType>0</ItemType>
      <ItemName>דגני בוקר אוראו גולדן (311 גרם)</ItemName>
      <ManufactureName>ר.ב מוצרי דגנים בעמ</ManufactureName>
      <ManufactureCountry />
      <ManufactureItemDescription />
      <UnitQty>יח`</UnitQty>
      <Quantity>3.11</Quantity>
      <UnitMeasure>100 גרם</UnitMeasure>
      <BisWeighted>0</BisWeighted>
      <QtyInPackage>1</QtyInPackage>
      <ItemPrice>22.90</ItemPrice>
      <UnitOfMeasurePrice>7.36</UnitOfMeasurePrice>
      <AllowDiscount>1</AllowDiscount>
      <itemStatus>1</itemStatus>
      <LastUpdateDate />
      <LastUpdateTime />
    </Product>
    <Product>
      <PriceUpdateDate>2019/07/05 08:58</PriceUpdateDate>
      <ItemCode>884912301642</ItemCode>
      <ItemType>0</ItemType>
      <ItemName>דגני בוקר אוראו פוסט (311 גרם)</ItemName>
      <ManufactureName>ר.ב מוצרי דגנים בעמ</ManufactureName>
      <ManufactureCountry />
      <ManufactureItemDescription />
      <UnitQty>יח`</UnitQty>
      <Quantity>3.11</Quantity>
      <UnitMeasure>100 גרם</UnitMeasure>
      <BisWeighted>0</BisWeighted>
      <QtyInPackage>1</QtyInPackage>
      <ItemPrice>22.90</ItemPrice>
      <UnitOfMeasurePrice>7.36</UnitOfMeasurePrice>
      <AllowDiscount>1</AllowDiscount>
      <itemStatus>1</itemStatus>
      <LastUpdateDate />
      <LastUpdateTime />
    </Product>
    <Product>
      <PriceUpdateDate>2020/02/17 10:19</PriceUpdateDate>
      <ItemCode>884912333773</ItemCode>
      <ItemType>0</ItemType>
      <ItemName>האני בנצ`ס עם דגנים פוסט (382 גר`)</ItemName>
      <ManufactureName>ר.ב מוצרי דגנים בעמ</ManufactureName>
      <ManufactureCountry />
      <ManufactureItemDescription />
      <UnitQty>יח`</UnitQty>
      <Quantity>3.82</Quantity>
      <UnitMeasure>100 גרם</UnitMeasure>
      <BisWeighted>0</BisWeighted>
      <QtyInPackage>1</QtyInPackage>
      <ItemPrice>22</ItemPrice>
      <UnitOfMeasurePrice>5.76</UnitOfMeasurePrice>
      <AllowDiscount>1</AllowDiscount>
      <itemStatus>1</itemStatus>
      <LastUpdateDate />
      <LastUpdateTime />
    </Product>
    <Product>
      <PriceUpdateDate>2018/04/24 12:03</PriceUpdateDate>
      <ItemCode>3014260022730</ItemCode>
      <ItemType>1</ItemType>
      <ItemName>אורל בי מברשת שיניים  אדוונטג`זוג</ItemName>
      <ManufactureName>דיפלומט מפיצים (1968) בעמ</ManufactureName>
      <ManufactureCountry />
      <ManufactureItemDescription />
      <UnitQty>יח`</UnitQty>
      <Quantity>1</Quantity>
      <UnitMeasure />
      <BisWeighted>0</BisWeighted>
      <QtyInPackage>1</QtyInPackage>
      <ItemPrice>26.90</ItemPrice>
      <UnitOfMeasurePrice>26.90</UnitOfMeasurePrice>
      <AllowDiscount>0</AllowDiscount>
      <itemStatus>1</itemStatus>
      <LastUpdateDate />
      <LastUpdateTime />
    </Product>
    <Product>
      <PriceUpdateDate>2019/02/19 16:35</PriceUpdateDate>
      <ItemCode>3014260100636</ItemCode>
      <ItemType>1</ItemType>
      <ItemName>מברשת שיניים לילדים 0-2 אורל בי</ItemName>
      <ManufactureName>דיפלומט מפיצים (1968) בעמ</ManufactureName>
      <ManufactureCountry />
      <ManufactureItemDescription />
      <UnitQty>יח`</UnitQty>
      <Quantity>1</Quantity>
      <UnitMeasure />
      <BisWeighted>0</BisWeighted>
      <QtyInPackage>1</QtyInPackage>
      <ItemPrice>15.90</ItemPrice>
      <UnitOfMeasurePrice>15.90</UnitOfMeasurePrice>
      <AllowDiscount>0</AllowDiscount>
      <itemStatus>1</itemStatus>
      <LastUpdateDate />
      <LastUpdateTime />
    </Product>
    <Product>
      <PriceUpdateDate>2018/04/24 09:37</PriceUpdateDate>
      <ItemCode>3014260214678</ItemCode>
      <ItemType>1</ItemType>
      <ItemName>ג`ל קצף גילוח סירייס רגיש 250 מל`</ItemName>
      <ManufactureName>דיפלומט מפיצים (1968) בעמ</ManufactureName>
      <ManufactureCountry />
      <ManufactureItemDescription />
      <UnitQty>יח`</UnitQty>
      <Quantity>2.50</Quantity>
      <UnitMeasure>100 מ"ל</UnitMeasure>
      <BisWeighted>0</BisWeighted>
      <QtyInPackage>1</QtyInPackage>
      <ItemPrice>19.90</ItemPrice>
      <UnitOfMeasurePrice>7.96</UnitOfMeasurePrice>
      <AllowDiscount>0</AllowDiscount>
      <itemStatus>1</itemStatus>
      <LastUpdateDate />
      <LastUpdateTime />
    </Product>
    <Product>
      <PriceUpdateDate>2018/04/24 09:38</PriceUpdateDate>
      <ItemCode>3014260240226</ItemCode>
      <ItemType>1</ItemType>
      <ItemName>קצף גילוח רגיש 200 מל`</ItemName>
      <ManufactureName>דיפלומט מפיצים (1968) בעמ</ManufactureName>
      <ManufactureCountry />
      <ManufactureItemDescription />
      <UnitQty>יח`</UnitQty>
      <Quantity>2</Quantity>
      <UnitMeasure>100 מ"ל</UnitMeasure>
      <BisWeighted>0</BisWeighted>
      <QtyInPackage>1</QtyInPackage>
      <ItemPrice>14.90</ItemPrice>
      <UnitOfMeasurePrice>7.45</UnitOfMeasurePrice>
      <AllowDiscount>0</AllowDiscount>
      <itemStatus>1</itemStatus>
      <LastUpdateDate />
      <LastUpdateTime />
    </Product>
    <Product>
      <PriceUpdateDate>2018/04/24 09:38</PriceUpdateDate>
      <ItemCode>3014260246693</ItemCode>
      <ItemType>1</ItemType>
      <ItemName>סכין גילוח סימפלי ונוס 2 ג`ילט) (4</ItemName>
      <ManufactureName>פארמה דיל (פ.א.ב.) שיווק והפצה</ManufactureName>
      <ManufactureCountry />
      <ManufactureItemDescription />
      <UnitQty>יח`</UnitQty>
      <Quantity>1</Quantity>
      <UnitMeasure>יח`</UnitMeasure>
      <BisWeighted>0</BisWeighted>
      <QtyInPackage>1</QtyInPackage>
      <ItemPrice>9.90</ItemPrice>
      <UnitOfMeasurePrice>9.90</UnitOfMeasurePrice>
      <AllowDiscount>0</AllowDiscount>
      <itemStatus>1</itemStatus>
      <LastUpdateDate />
      <LastUpdateTime />
    </Product>
    <Product>
      <PriceUpdateDate>2018/04/24 09:38</PriceUpdateDate>
      <ItemCode>3014260262709</ItemCode>
      <ItemType>1</ItemType>
      <ItemName>סכיני גילוח ונוס ג`ילט) (4</ItemName>
      <ManufactureName>דיפלומט מפיצים (1968) בעמ</ManufactureName>
      <ManufactureCountry />
      <ManufactureItemDescription />
      <UnitQty>יח`</UnitQty>
      <Quantity>1</Quantity>
      <UnitMeasure />
      <BisWeighted>0</BisWeighted>
      <QtyInPackage>1</QtyInPackage>
      <ItemPrice>34.90</ItemPrice>
      <UnitOfMeasurePrice>34.90</UnitOfMeasurePrice>
      <AllowDiscount>0</AllowDiscount>
      <itemStatus>1</itemStatus>
      <LastUpdateDate />
      <LastUpdateTime />
    </Product>
    <Product>
      <PriceUpdateDate>2018/04/24 12:27</PriceUpdateDate>
      <ItemCode>3014260836665</ItemCode>
      <ItemType>1</ItemType>
      <ItemName>מברשת שיניים פרו אקספרט 35 אורל-בי) (2</ItemName>
      <ManufactureName>דיפלומט מפיצים (1968) בעמ</ManufactureName>
      <ManufactureCountry />
      <ManufactureItemDescription />
      <UnitQty>יח`</UnitQty>
      <Quantity>1</Quantity>
      <UnitMeasure />
      <BisWeighted>0</BisWeighted>
      <QtyInPackage>1</QtyInPackage>
      <ItemPrice>37.90</ItemPrice>
      <UnitOfMeasurePrice>37.90</UnitOfMeasurePrice>
      <AllowDiscount>0</AllowDiscount>
      <itemStatus>1</itemStatus>
      <LastUpdateDate />
      <LastUpdateTime />
    </Product>
    <Product>
      <PriceUpdateDate>2018/07/05 11:26</PriceUpdateDate>
      <ItemCode>3045140105502</ItemCode>
      <ItemType>1</ItemType>
      <ItemName>שוקולד חלב מילקה (100 גרם)</ItemName>
      <ManufactureName>דיפלומט היינץ</ManufactureName>
      <ManufactureCountry />
      <ManufactureItemDescription />
      <UnitQty>יח`</UnitQty>
      <Quantity>1</Quantity>
      <UnitMeasure>100 גרם</UnitMeasure>
      <BisWeighted>0</BisWeighted>
      <QtyInPackage>1</QtyInPackage>
      <ItemPrice>5.90</ItemPrice>
      <UnitOfMeasurePrice>5.90</UnitOfMeasurePrice>
      <AllowDiscount>1</AllowDiscount>
      <itemStatus>1</itemStatus>
      <LastUpdateDate />
      <LastUpdateTime />
    </Product>
    <Product>
      <PriceUpdateDate>2018/07/05 11:26</PriceUpdateDate>
      <ItemCode>3045140280902</ItemCode>
      <ItemType>1</ItemType>
      <ItemName>מילקה -שוק` חלבי עם צימוקים ואגוזים 100</ItemName>
      <ManufactureName>דיפלומט היינץ</ManufactureName>
      <ManufactureCountry />
      <ManufactureItemDescription />
      <UnitQty>יח`</UnitQty>
      <Quantity>1</Quantity>
      <UnitMeasure>100 גרם</UnitMeasure>
      <BisWeighted>0</BisWeighted>
      <QtyInPackage>1</QtyInPackage>
      <ItemPrice>5.90</ItemPrice>
      <UnitOfMeasurePrice>5.90</UnitOfMeasurePrice>
      <AllowDiscount>1</AllowDiscount>
      <itemStatus>1</itemStatus>
      <LastUpdateDate />
      <LastUpdateTime />
    </Product>
    <Product>
      <PriceUpdateDate>2018/09/02 13:23</PriceUpdateDate>
      <ItemCode>3045200760009</ItemCode>
      <ItemType>1</ItemType>
      <ItemName>דזיטול מחטא בגדים 500 מל</ItemName>
      <ManufactureName>יעקב יעקבי ובניו בעמ</ManufactureName>
      <ManufactureCountry />
      <ManufactureItemDescription />
      <UnitQty>יח`</UnitQty>
      <Quantity>1</Quantity>
      <UnitMeasure />
      <BisWeighted>0</BisWeighted>
      <QtyInPackage>1</QtyInPackage>
      <ItemPrice>14.90</ItemPrice>
      <UnitOfMeasurePrice>14.90</UnitOfMeasurePrice>
      <AllowDiscount>0</AllowDiscount>
      <itemStatus>1</itemStatus>
      <LastUpdateDate />
      <LastUpdateTime />
    </Product>
    <Product>
      <PriceUpdateDate>2018/04/24 09:44</PriceUpdateDate>
      <ItemCode>3046920028004</ItemCode>
      <ItemType>1</ItemType>
      <ItemName>אקסלנס 70% קקאו לינדט (100 גרם)</ItemName>
      <ManufactureName>משה סידס ובנו בעמ</ManufactureName>
      <ManufactureCountry />
      <ManufactureItemDescription />
      <UnitQty>יח`</UnitQty>
      <Quantity>1</Quantity>
      <UnitMeasure>100 גרם</UnitMeasure>
      <BisWeighted>0</BisWeighted>
      <QtyInPackage>1</QtyInPackage>
      <ItemPrice>15.90</ItemPrice>
      <UnitOfMeasurePrice>15.90</UnitOfMeasurePrice>
      <AllowDiscount>0</AllowDiscount>
      <itemStatus>1</itemStatus>
      <LastUpdateDate />
      <LastUpdateTime />
    </Product>
    <Product>
      <PriceUpdateDate>2018/04/24 09:44</PriceUpdateDate>
      <ItemCode>3046920028363</ItemCode>
      <ItemType>1</ItemType>
      <ItemName>אקסלנס 85% קקאו לינדט (100 גרם)</ItemName>
      <ManufactureName>משה סידס ובנו בעמ</ManufactureName>
      <ManufactureCountry />
      <ManufactureItemDescription />
      <UnitQty>יח`</UnitQty>
      <Quantity>1</Quantity>
      <UnitMeasure>100 גרם</UnitMeasure>
      <BisWeighted>0</BisWeighted>
      <QtyInPackage>1</QtyInPackage>
      <ItemPrice>15.90</ItemPrice>
      <UnitOfMeasurePrice>15.90</UnitOfMeasurePrice>
      <AllowDiscount>0</AllowDiscount>
      <itemStatus>1</itemStatus>
      <LastUpdateDate />
      <LastUpdateTime />
    </Product>
    <Product>
      <PriceUpdateDate>2019/01/07 10:57</PriceUpdateDate>
      <ItemCode>3046920028370</ItemCode>
      <ItemType>1</ItemType>
      <ItemName>אקסלנס תפוז לינדט (100 גרם)</ItemName>
      <ManufactureName>משה סידס ובנו בעמ</ManufactureName>
      <ManufactureCountry />
      <ManufactureItemDescription />
      <UnitQty>יח`</UnitQty>
      <Quantity>1</Quantity>
      <UnitMeasure>100 גרם</UnitMeasure>
      <BisWeighted>0</BisWeighted>
      <QtyInPackage>1</QtyInPackage>
      <ItemPrice>15.90</ItemPrice>
      <UnitOfMeasurePrice>15.90</UnitOfMeasurePrice>
      <AllowDiscount>0</AllowDiscount>
      <itemStatus>1</itemStatus>
      <LastUpdateDate />
      <LastUpdateTime />
    </Product>
    <Product>
      <PriceUpdateDate>2018/04/24 09:44</PriceUpdateDate>
      <ItemCode>3046920029674</ItemCode>
      <ItemType>1</ItemType>
      <ItemName>אקסלנס עם שבבי מלח לינדט (100 גרם)</ItemName>
      <ManufactureName>משה סידס ובנו בעמ</ManufactureName>
      <ManufactureCountry />
      <ManufactureItemDescription />
      <UnitQty>יח`</UnitQty>
      <Quantity>1</Quantity>
      <UnitMeasure>100 גרם</UnitMeasure>
      <BisWeighted>0</BisWeighted>
      <QtyInPackage>1</QtyInPackage>
      <ItemPrice>15.90</ItemPrice>
      <UnitOfMeasurePrice>15.90</UnitOfMeasurePrice>
      <AllowDiscount>0</AllowDiscount>
      <itemStatus>1</itemStatus>
      <LastUpdateDate />
      <LastUpdateTime />
    </Product>
    <Product>
      <PriceUpdateDate>2018/04/24 13:10</PriceUpdateDate>
      <ItemCode>3046920029759</ItemCode>
      <ItemType>1</ItemType>
      <ItemName>אקסלנס שוקולד מריר 90% לינדט (100 גרם)</ItemName>
      <ManufactureName>משה סידס ובנו בעמ</ManufactureName>
      <ManufactureCountry />
      <ManufactureItemDescription />
      <UnitQty>יח`</UnitQty>
      <Quantity>1</Quantity>
      <UnitMeasure>100 גרם</UnitMeasure>
      <BisWeighted>0</BisWeighted>
      <QtyInPackage>1</QtyInPackage>
      <ItemPrice>15.90</ItemPrice>
      <UnitOfMeasurePrice>15.90</UnitOfMeasurePrice>
      <AllowDiscount>0</AllowDiscount>
      <itemStatus>1</itemStatus>
      <LastUpdateDate />
      <LastUpdateTime />
    </Product>
    <Product>
      <PriceUpdateDate>2018/04/24 10:25</PriceUpdateDate>
      <ItemCode>3059940007768</ItemCode>
      <ItemType>1</ItemType>
      <ItemName>אירוויק ספריי 240 מל וניל ואורכידאה</ItemName>
      <ManufactureName>רקיט בנקיזר (ניר איסט) בעמ</ManufactureName>
      <ManufactureCountry />
      <ManufactureItemDescription />
      <UnitQty>יח`</UnitQty>
      <Quantity>2.40</Quantity>
      <UnitMeasure>100 מ"ל</UnitMeasure>
      <BisWeighted>0</BisWeighted>
      <QtyInPackage>1</QtyInPackage>
      <ItemPrice>12.90</ItemPrice>
      <UnitOfMeasurePrice>5.38</UnitOfMeasurePrice>
      <AllowDiscount>1</AllowDiscount>
      <itemStatus>1</itemStatus>
      <LastUpdateDate />
      <LastUpdateTime />
    </Product>
    <Product>
      <PriceUpdateDate>2019/08/18 14:58</PriceUpdateDate>
      <ItemCode>3059943015104</ItemCode>
      <ItemType>1</ItemType>
      <ItemName>אירוויק נטול גז</ItemName>
      <ManufactureName>רקיט בנקיזר (ניר איסט) בעמ</ManufactureName>
      <ManufactureCountry />
      <ManufactureItemDescription />
      <UnitQty>יח`</UnitQty>
      <Quantity>3.45</Quantity>
      <UnitMeasure>100 מ"ל</UnitMeasure>
      <BisWeighted>0</BisWeighted>
      <QtyInPackage>1</QtyInPackage>
      <ItemPrice>12.90</ItemPrice>
      <UnitOfMeasurePrice>3.74</UnitOfMeasurePrice>
      <AllowDiscount>1</AllowDiscount>
      <itemStatus>1</itemStatus>
      <LastUpdateDate />
      <LastUpdateTime />
    </Product>
    <Product>
      <PriceUpdateDate>2018/04/24 10:25</PriceUpdateDate>
      <ItemCode>3059943016507</ItemCode>
      <ItemType>1</ItemType>
      <ItemName>אירוויק ספריי 240 מל לבנדר</ItemName>
      <ManufactureName>רקיט בנקיזר (ניר איסט) בעמ</ManufactureName>
      <ManufactureCountry />
      <ManufactureItemDescription />
      <UnitQty>יח`</UnitQty>
      <Quantity>2.40</Quantity>
      <UnitMeasure>100 מ"ל</UnitMeasure>
      <BisWeighted>0</BisWeighted>
      <QtyInPackage>1</QtyInPackage>
      <ItemPrice>12.90</ItemPrice>
      <UnitOfMeasurePrice>5.38</UnitOfMeasurePrice>
      <AllowDiscount>1</AllowDiscount>
      <itemStatus>1</itemStatus>
      <LastUpdateDate />
      <LastUpdateTime />
    </Product>
    <Product>
      <PriceUpdateDate>2018/04/24 10:25</PriceUpdateDate>
      <ItemCode>3059943016569</ItemCode>
      <ItemType>1</ItemType>
      <ItemName>אירוויק ספריי 240 מל פריסיה ויסמין</ItemName>
      <ManufactureName>רקיט בנקיזר (ניר איסט) בעמ</ManufactureName>
      <ManufactureCountry />
      <ManufactureItemDescription />
      <UnitQty>יח`</UnitQty>
      <Quantity>2.40</Quantity>
      <UnitMeasure>100 מ"ל</UnitMeasure>
      <BisWeighted>0</BisWeighted>
      <QtyInPackage>1</QtyInPackage>
      <ItemPrice>12.90</ItemPrice>
      <UnitOfMeasurePrice>5.38</UnitOfMeasurePrice>
      <AllowDiscount>1</AllowDiscount>
      <itemStatus>1</itemStatus>
      <LastUpdateDate />
      <LastUpdateTime />
    </Product>
    <Product>
      <PriceUpdateDate>2020/02/03 11:49</PriceUpdateDate>
      <ItemCode>3059944021869</ItemCode>
      <ItemType>1</ItemType>
      <ItemName>ויט קרם ספריי להסרת שיער לעור רגיל 150מל</ItemName>
      <ManufactureName>רקיט בנקיזר (ניר איסט) בעמ</ManufactureName>
      <ManufactureCountry />
      <ManufactureItemDescription />
      <UnitQty>יח`</UnitQty>
      <Quantity>1.50</Quantity>
      <UnitMeasure>100 מ"ל</UnitMeasure>
      <BisWeighted>0</BisWeighted>
      <QtyInPackage>1</QtyInPackage>
      <ItemPrice>34.90</ItemPrice>
      <UnitOfMeasurePrice>23.27</UnitOfMeasurePrice>
      <AllowDiscount>0</AllowDiscount>
      <itemStatus>1</itemStatus>
      <LastUpdateDate />
      <LastUpdateTime />
    </Product>
    <Product>
      <PriceUpdateDate>2020/05/03 09:28</PriceUpdateDate>
      <ItemCode>3059944025003</ItemCode>
      <ItemType>1</ItemType>
      <ItemName>ויט רצועות שעווה</ItemName>
      <ManufactureName>רקיט בנקיזר (ניר איסט) בעמ</ManufactureName>
      <ManufactureCountry />
      <ManufactureItemDescription />
      <UnitQty>יח`</UnitQty>
      <Quantity>1</Quantity>
      <UnitMeasure />
      <BisWeighted>0</BisWeighted>
      <QtyInPackage>1</QtyInPackage>
      <ItemPrice>29.90</ItemPrice>
      <UnitOfMeasurePrice>29.90</UnitOfMeasurePrice>
      <AllowDiscount>0</AllowDiscount>
      <itemStatus>1</itemStatus>
      <LastUpdateDate />
      <LastUpdateTime />
    </Product>
    <Product>
      <PriceUpdateDate>2019/07/05 08:58</PriceUpdateDate>
      <ItemCode>3061990141101</ItemCode>
      <ItemType>1</ItemType>
      <ItemName>עוגיות סמיילי במילוי קרם קקאו 175 גר`</ItemName>
      <ManufactureName>אבאל יזמות בעמ</ManufactureName>
      <ManufactureCountry />
      <ManufactureItemDescription />
      <UnitQty>יח`</UnitQty>
      <Quantity>1.75</Quantity>
      <UnitMeasure>100 גרם</UnitMeasure>
      <BisWeighted>0</BisWeighted>
      <QtyInPackage>1</QtyInPackage>
      <ItemPrice>9.90</ItemPrice>
      <UnitOfMeasurePrice>5.66</UnitOfMeasurePrice>
      <AllowDiscount>1</AllowDiscount>
      <itemStatus>1</itemStatus>
      <LastUpdateDate />
      <LastUpdateTime />
    </Product>
    <Product>
      <PriceUpdateDate>2018/06/14 09:22</PriceUpdateDate>
      <ItemCode>3061990141354</ItemCode>
      <ItemType>1</ItemType>
      <ItemName>עוגיות סמיילי במילוי שוקולד 295 גר`</ItemName>
      <ManufactureName>אבאל יזמות בעמ</ManufactureName>
      <ManufactureCountry />
      <ManufactureItemDescription />
      <UnitQty>יח`</UnitQty>
      <Quantity>2.95</Quantity>
      <UnitMeasure>100 גרם</UnitMeasure>
      <BisWeighted>0</BisWeighted>
      <QtyInPackage>1</QtyInPackage>
      <ItemPrice>11.90</ItemPrice>
      <UnitOfMeasurePrice>4.03</UnitOfMeasurePrice>
      <AllowDiscount>1</AllowDiscount>
      <itemStatus>1</itemStatus>
      <LastUpdateDate />
      <LastUpdateTime />
    </Product>
    <Product>
      <PriceUpdateDate>2018/09/06 11:46</PriceUpdateDate>
      <ItemCode>3073780828628</ItemCode>
      <ItemType>1</ItemType>
      <ItemName>גבינה בייבי בל אדום 120ג</ItemName>
      <ManufactureName>נטו מלינדה סחר בעמ</ManufactureName>
      <ManufactureCountry />
      <ManufactureItemDescription />
      <UnitQty>יח`</UnitQty>
      <Quantity>1.20</Quantity>
      <UnitMeasure>100 גרם</UnitMeasure>
      <BisWeighted>0</BisWeighted>
      <QtyInPackage>1</QtyInPackage>
      <ItemPrice>19.90</ItemPrice>
      <UnitOfMeasurePrice>16.58</UnitOfMeasurePrice>
      <AllowDiscount>1</AllowDiscount>
      <itemStatus>1</itemStatus>
      <LastUpdateDate />
      <LastUpdateTime />
    </Product>
    <Product>
      <PriceUpdateDate>2018/04/24 13:17</PriceUpdateDate>
      <ItemCode>3178530411478</ItemCode>
      <ItemType>1</ItemType>
      <ItemName>עוגיות חמאה קלאסי 150 גר` גלאט</ItemName>
      <ManufactureName>נטו מלינדה סחר בעמ</ManufactureName>
      <ManufactureCountry />
      <ManufactureItemDescription />
      <UnitQty>יח`</UnitQty>
      <Quantity>1.50</Quantity>
      <UnitMeasure>100 גרם</UnitMeasure>
      <BisWeighted>0</BisWeighted>
      <QtyInPackage>1</QtyInPackage>
      <ItemPrice>11.90</ItemPrice>
      <UnitOfMeasurePrice>7.93</UnitOfMeasurePrice>
      <AllowDiscount>1</AllowDiscount>
      <itemStatus>1</itemStatus>
      <LastUpdateDate />
      <LastUpdateTime />
    </Product>
    <Product>
      <PriceUpdateDate>2018/04/24 09:49</PriceUpdateDate>
      <ItemCode>3387390320244</ItemCode>
      <ItemType>1</ItemType>
      <ItemName>פיטנס פירות נסטלה (375 גרם)</ItemName>
      <ManufactureName>קבוצת אסם סחר שות. מוגבלת</ManufactureName>
      <ManufactureCountry />
      <ManufactureItemDescription />
      <UnitQty>יח`</UnitQty>
      <Quantity>3.75</Quantity>
      <UnitMeasure>100 גרם</UnitMeasure>
      <BisWeighted>0</BisWeighted>
      <QtyInPackage>1</QtyInPackage>
      <ItemPrice>19.90</ItemPrice>
      <UnitOfMeasurePrice>5.31</UnitOfMeasurePrice>
      <AllowDiscount>1</AllowDiscount>
      <itemStatus>1</itemStatus>
      <LastUpdateDate />
      <LastUpdateTime />
    </Product>
    <Product>
      <PriceUpdateDate>2018/08/05 11:28</PriceUpdateDate>
      <ItemCode>3387390525960</ItemCode>
      <ItemType>1</ItemType>
      <ItemName>דגני קראנץ` נסטלה (500 גרם)</ItemName>
      <ManufactureName>קבוצת אסם סחר שות. מוגבלת</ManufactureName>
      <ManufactureCountry />
      <ManufactureItemDescription />
      <UnitQty>יח`</UnitQty>
      <Quantity>5</Quantity>
      <UnitMeasure>100 גרם</UnitMeasure>
      <BisWeighted>0</BisWeighted>
      <QtyInPackage>1</QtyInPackage>
      <ItemPrice>25.90</ItemPrice>
      <UnitOfMeasurePrice>5.18</UnitOfMeasurePrice>
      <AllowDiscount>1</AllowDiscount>
      <itemStatus>1</itemStatus>
      <LastUpdateDate />
      <LastUpdateTime />
    </Product>
    <Product>
      <PriceUpdateDate>2018/04/24 09:49</PriceUpdateDate>
      <ItemCode>3387390730852</ItemCode>
      <ItemType>1</ItemType>
      <ItemName>פיטנס 375 גר` דגני בוקר</ItemName>
      <ManufactureName>קבוצת אסם סחר שות. מוגבלת</ManufactureName>
      <ManufactureCountry />
      <ManufactureItemDescription />
      <UnitQty>יח`</UnitQty>
      <Quantity>3.75</Quantity>
      <UnitMeasure>100 גרם</UnitMeasure>
      <BisWeighted>0</BisWeighted>
      <QtyInPackage>1</QtyInPackage>
      <ItemPrice>19.90</ItemPrice>
      <UnitOfMeasurePrice>5.31</UnitOfMeasurePrice>
      <AllowDiscount>1</AllowDiscount>
      <itemStatus>1</itemStatus>
      <LastUpdateDate />
      <LastUpdateTime />
    </Product>
    <Product>
      <PriceUpdateDate>2019/01/07 10:57</PriceUpdateDate>
      <ItemCode>3563490014898</ItemCode>
      <ItemType>1</ItemType>
      <ItemName>חרדל דיזון לחיץ 265 גר</ItemName>
      <ManufactureName>דיפלומט היינץ</ManufactureName>
      <ManufactureCountry />
      <ManufactureItemDescription />
      <UnitQty>יח`</UnitQty>
      <Quantity>2.65</Quantity>
      <UnitMeasure>100 גרם</UnitMeasure>
      <BisWeighted>0</BisWeighted>
      <QtyInPackage>1</QtyInPackage>
      <ItemPrice>12.90</ItemPrice>
      <UnitOfMeasurePrice>4.87</UnitOfMeasurePrice>
      <AllowDiscount>0</AllowDiscount>
      <itemStatus>1</itemStatus>
      <LastUpdateDate />
      <LastUpdateTime />
    </Product>
    <Product>
      <PriceUpdateDate>2019/07/19 09:02</PriceUpdateDate>
      <ItemCode>3574660026788</ItemCode>
      <ItemType>1</ItemType>
      <ItemName>בייבי טלק 200  גר`גונסונס</ItemName>
      <ManufactureName>ש.שסטוביץ בעמ</ManufactureName>
      <ManufactureCountry />
      <ManufactureItemDescription />
      <UnitQty>יח`</UnitQty>
      <Quantity>2</Quantity>
      <UnitMeasure>100 גרם</UnitMeasure>
      <BisWeighted>0</BisWeighted>
      <QtyInPackage>1</QtyInPackage>
      <ItemPrice>19.90</ItemPrice>
      <UnitOfMeasurePrice>9.95</UnitOfMeasurePrice>
      <AllowDiscount>0</AllowDiscount>
      <itemStatus>1</itemStatus>
      <LastUpdateDate />
      <LastUpdateTime />
    </Product>
    <Product>
      <PriceUpdateDate>2020/01/16 14:54</PriceUpdateDate>
      <ItemCode>3574660464337</ItemCode>
      <ItemType>1</ItemType>
      <ItemName>קרפרי מגה פק מגן תחתון אוורירי אלוורה 76</ItemName>
      <ManufactureName>ש.שסטוביץ בעמ</ManufactureName>
      <ManufactureCountry />
      <ManufactureItemDescription />
      <UnitQty>יח`</UnitQty>
      <Quantity>1</Quantity>
      <UnitMeasure />
      <BisWeighted>0</BisWeighted>
      <QtyInPackage>1</QtyInPackage>
      <ItemPrice>19.90</ItemPrice>
      <UnitOfMeasurePrice>19.90</UnitOfMeasurePrice>
      <AllowDiscount>0</AllowDiscount>
      <itemStatus>1</itemStatus>
      <LastUpdateDate />
      <LastUpdateTime />
    </Product>
    <Product>
      <PriceUpdateDate>2020/01/16 14:54</PriceUpdateDate>
      <ItemCode>3574660464368</ItemCode>
      <ItemType>1</ItemType>
      <ItemName>קרפרי מגה פק מגן תחתון אוורירי מבושם 76</ItemName>
      <ManufactureName>ש.שסטוביץ בעמ</ManufactureName>
      <ManufactureCountry />
      <ManufactureItemDescription />
      <UnitQty>יח`</UnitQty>
      <Quantity>1</Quantity>
      <UnitMeasure />
      <BisWeighted>0</BisWeighted>
      <QtyInPackage>1</QtyInPackage>
      <ItemPrice>19.90</ItemPrice>
      <UnitOfMeasurePrice>19.90</UnitOfMeasurePrice>
      <AllowDiscount>0</AllowDiscount>
      <itemStatus>1</itemStatus>
      <LastUpdateDate />
      <LastUpdateTime />
    </Product>
    <Product>
      <PriceUpdateDate>2020/01/15 14:29</PriceUpdateDate>
      <ItemCode>3574660464429</ItemCode>
      <ItemType>1</ItemType>
      <ItemName>קרפרי מגה פק מגן תחתון אווורירי 76 יח</ItemName>
      <ManufactureName>ש.שסטוביץ בעמ</ManufactureName>
      <ManufactureCountry />
      <ManufactureItemDescription />
      <UnitQty>יח`</UnitQty>
      <Quantity>1</Quantity>
      <UnitMeasure />
      <BisWeighted>0</BisWeighted>
      <QtyInPackage>1</QtyInPackage>
      <ItemPrice>19.90</ItemPrice>
      <UnitOfMeasurePrice>19.90</UnitOfMeasurePrice>
      <AllowDiscount>0</AllowDiscount>
      <itemStatus>1</itemStatus>
      <LastUpdateDate />
      <LastUpdateTime />
    </Product>
    <Product>
      <PriceUpdateDate>2019/06/21 07:03</PriceUpdateDate>
      <ItemCode>3574661003924</ItemCode>
      <ItemType>1</ItemType>
      <ItemName>ליסטרין טוטאל 500 מל</ItemName>
      <ManufactureName>שקד תבל בעמ</ManufactureName>
      <ManufactureCountry />
      <ManufactureItemDescription />
      <UnitQty>יח`</UnitQty>
      <Quantity>5</Quantity>
      <UnitMeasure>100 מ"ל</UnitMeasure>
      <BisWeighted>0</BisWeighted>
      <QtyInPackage>1</QtyInPackage>
      <ItemPrice>24.90</ItemPrice>
      <UnitOfMeasurePrice>4.98</UnitOfMeasurePrice>
      <AllowDiscount>1</AllowDiscount>
      <itemStatus>1</itemStatus>
      <LastUpdateDate />
      <LastUpdateTime />
    </Product>
    <Product>
      <PriceUpdateDate>2018/12/16 07:54</PriceUpdateDate>
      <ItemCode>3574661011394</ItemCode>
      <ItemType>1</ItemType>
      <ItemName>ליסטרין מי פה זירו 1 ליטר</ItemName>
      <ManufactureName>שקד תבל בעמ</ManufactureName>
      <ManufactureCountry />
      <ManufactureItemDescription />
      <UnitQty>יח`</UnitQty>
      <Quantity>1</Quantity>
      <UnitMeasure>100 מ"ל</UnitMeasure>
      <BisWeighted>0</BisWeighted>
      <QtyInPackage>1</QtyInPackage>
      <ItemPrice>36.90</ItemPrice>
      <UnitOfMeasurePrice>36.90</UnitOfMeasurePrice>
      <AllowDiscount>0</AllowDiscount>
      <itemStatus>1</itemStatus>
      <LastUpdateDate />
      <LastUpdateTime />
    </Product>
    <Product>
      <PriceUpdateDate>2018/11/16 08:41</PriceUpdateDate>
      <ItemCode>3574661012568</ItemCode>
      <ItemType>1</ItemType>
      <ItemName>תחליב רחצה עדין בנינוח חלב וניל 650 מל</ItemName>
      <ManufactureName>שקד תבל בעמ</ManufactureName>
      <ManufactureCountry />
      <ManufactureItemDescription />
      <UnitQty>יח`</UnitQty>
      <Quantity>6.50</Quantity>
      <UnitMeasure>100 מ"ל</UnitMeasure>
      <BisWeighted>0</BisWeighted>
      <QtyInPackage>1</QtyInPackage>
      <ItemPrice>18.90</ItemPrice>
      <UnitOfMeasurePrice>2.91</UnitOfMeasurePrice>
      <AllowDiscount>1</AllowDiscount>
      <itemStatus>1</itemStatus>
      <LastUpdateDate />
      <LastUpdateTime />
    </Product>
    <Product>
      <PriceUpdateDate>2018/11/16 08:41</PriceUpdateDate>
      <ItemCode>3574661183350</ItemCode>
      <ItemType>1</ItemType>
      <ItemName>תחליב רחצה עדין בניחוח חלב 650 מל לה פט</ItemName>
      <ManufactureName>שקד תבל בעמ</ManufactureName>
      <ManufactureCountry />
      <ManufactureItemDescription />
      <UnitQty>יח`</UnitQty>
      <Quantity>6.50</Quantity>
      <UnitMeasure>100 מ"ל</UnitMeasure>
      <BisWeighted>0</BisWeighted>
      <QtyInPackage>1</QtyInPackage>
      <ItemPrice>18.90</ItemPrice>
      <UnitOfMeasurePrice>2.91</UnitOfMeasurePrice>
      <AllowDiscount>1</AllowDiscount>
      <itemStatus>1</itemStatus>
      <LastUpdateDate />
      <LastUpdateTime />
    </Product>
    <Product>
      <PriceUpdateDate>2018/04/24 12:50</PriceUpdateDate>
      <ItemCode>3574661212524</ItemCode>
      <ItemType>1</ItemType>
      <ItemName>דזיטין קרם החתלה 100 מל</ItemName>
      <ManufactureName>שקד תבל בעמ</ManufactureName>
      <ManufactureCountry />
      <ManufactureItemDescription />
      <UnitQty>יח`</UnitQty>
      <Quantity>1</Quantity>
      <UnitMeasure>100 מ"ל</UnitMeasure>
      <BisWeighted>0</BisWeighted>
      <QtyInPackage>1</QtyInPackage>
      <ItemPrice>26.90</ItemPrice>
      <UnitOfMeasurePrice>26.90</UnitOfMeasurePrice>
      <AllowDiscount>0</AllowDiscount>
      <itemStatus>1</itemStatus>
      <LastUpdateDate />
      <LastUpdateTime />
    </Product>
    <Product>
      <PriceUpdateDate>2019/06/21 07:03</PriceUpdateDate>
      <ItemCode>3574661248318</ItemCode>
      <ItemType>1</ItemType>
      <ItemName>ליסטרין אדוונס וויט 500 מל.</ItemName>
      <ManufactureName>שקד תבל בעמ</ManufactureName>
      <ManufactureCountry />
      <ManufactureItemDescription />
      <UnitQty>יח`</UnitQty>
      <Quantity>5</Quantity>
      <UnitMeasure>100 מ"ל</UnitMeasure>
      <BisWeighted>0</BisWeighted>
      <QtyInPackage>1</QtyInPackage>
      <ItemPrice>24.90</ItemPrice>
      <UnitOfMeasurePrice>4.98</UnitOfMeasurePrice>
      <AllowDiscount>1</AllowDiscount>
      <itemStatus>1</itemStatus>
      <LastUpdateDate />
      <LastUpdateTime />
    </Product>
    <Product>
      <PriceUpdateDate>2019/06/21 07:02</PriceUpdateDate>
      <ItemCode>3574661363998</ItemCode>
      <ItemType>1</ItemType>
      <ItemName>ליסטרין תה ירוק 500 מל שטיפת פה</ItemName>
      <ManufactureName>שקד תבל בעמ</ManufactureName>
      <ManufactureCountry />
      <ManufactureItemDescription />
      <UnitQty>יח`</UnitQty>
      <Quantity>5</Quantity>
      <UnitMeasure>100 מ"ל</UnitMeasure>
      <BisWeighted>0</BisWeighted>
      <QtyInPackage>1</QtyInPackage>
      <ItemPrice>24.90</ItemPrice>
      <UnitOfMeasurePrice>4.98</UnitOfMeasurePrice>
      <AllowDiscount>1</AllowDiscount>
      <itemStatus>1</itemStatus>
      <LastUpdateDate />
      <LastUpdateTime />
    </Product>
    <Product>
      <PriceUpdateDate>2019/07/19 09:02</PriceUpdateDate>
      <ItemCode>3574661425696</ItemCode>
      <ItemType>1</ItemType>
      <ItemName>בייבי תחליב 500 מל גונסונס</ItemName>
      <ManufactureName>ש.שסטוביץ בעמ</ManufactureName>
      <ManufactureCountry />
      <ManufactureItemDescription />
      <UnitQty>יח`</UnitQty>
      <Quantity>5</Quantity>
      <UnitMeasure>100 מ"ל</UnitMeasure>
      <BisWeighted>0</BisWeighted>
      <QtyInPackage>1</QtyInPackage>
      <ItemPrice>27.90</ItemPrice>
      <UnitOfMeasurePrice>5.58</UnitOfMeasurePrice>
      <AllowDiscount>0</AllowDiscount>
      <itemStatus>1</itemStatus>
      <LastUpdateDate />
      <LastUpdateTime />
    </Product>
    <Product>
      <PriceUpdateDate>2019/11/10 14:29</PriceUpdateDate>
      <ItemCode>3574661507217</ItemCode>
      <ItemType>1</ItemType>
      <ItemName>תחליב רחצה עדין בניחוח קוקוס 650 מל לה</ItemName>
      <ManufactureName>שקד תבל בעמ</ManufactureName>
      <ManufactureCountry />
      <ManufactureItemDescription />
      <UnitQty>יח`</UnitQty>
      <Quantity>6.50</Quantity>
      <UnitMeasure>100 מ"ל</UnitMeasure>
      <BisWeighted>0</BisWeighted>
      <QtyInPackage>1</QtyInPackage>
      <ItemPrice>18.90</ItemPrice>
      <UnitOfMeasurePrice>2.91</UnitOfMeasurePrice>
      <AllowDiscount>1</AllowDiscount>
      <itemStatus>1</itemStatus>
      <LastUpdateDate />
      <LastUpdateTime />
    </Product>
    <Product>
      <PriceUpdateDate>2019/07/19 09:02</PriceUpdateDate>
      <ItemCode>3574669908665</ItemCode>
      <ItemType>1</ItemType>
      <ItemName>אל סבון לפני השינה 750 מל גונסון בייבי</ItemName>
      <ManufactureName>ש.שסטוביץ בעמ</ManufactureName>
      <ManufactureCountry />
      <ManufactureItemDescription />
      <UnitQty>יח`</UnitQty>
      <Quantity>1</Quantity>
      <UnitMeasure />
      <BisWeighted>0</BisWeighted>
      <QtyInPackage>1</QtyInPackage>
      <ItemPrice>21.90</ItemPrice>
      <UnitOfMeasurePrice>21.90</UnitOfMeasurePrice>
      <AllowDiscount>1</AllowDiscount>
      <itemStatus>1</itemStatus>
      <LastUpdateDate />
      <LastUpdateTime />
    </Product>
    <Product>
      <PriceUpdateDate>2018/04/24 12:27</PriceUpdateDate>
      <ItemCode>3600521720219</ItemCode>
      <ItemType>1</ItemType>
      <ItemName>קרם לחות ללילה לוריאל (50 מל)</ItemName>
      <ManufactureName>לוריאל ישראל קוסמטיקס בעמ</ManufactureName>
      <ManufactureCountry />
      <ManufactureItemDescription />
      <UnitQty>יח`</UnitQty>
      <Quantity>0.50</Quantity>
      <UnitMeasure>100 מ"ל</UnitMeasure>
      <BisWeighted>0</BisWeighted>
      <QtyInPackage>1</QtyInPackage>
      <ItemPrice>49.90</ItemPrice>
      <UnitOfMeasurePrice>99.80</UnitOfMeasurePrice>
      <AllowDiscount>1</AllowDiscount>
      <itemStatus>1</itemStatus>
      <LastUpdateDate />
      <LastUpdateTime />
    </Product>
    <Product>
      <PriceUpdateDate>2018/04/24 12:32</PriceUpdateDate>
      <ItemCode>3600522550167</ItemCode>
      <ItemType>1</ItemType>
      <ItemName>אייג` ספשיאליסט קרם לילה 45+</ItemName>
      <ManufactureName>לוריאל ישראל קוסמטיקס בעמ</ManufactureName>
      <ManufactureCountry />
      <ManufactureItemDescription />
      <UnitQty>יח`</UnitQty>
      <Quantity>1</Quantity>
      <UnitMeasure />
      <BisWeighted>0</BisWeighted>
      <QtyInPackage>1</QtyInPackage>
      <ItemPrice>59.90</ItemPrice>
      <UnitOfMeasurePrice>59.90</UnitOfMeasurePrice>
      <AllowDiscount>1</AllowDiscount>
      <itemStatus>1</itemStatus>
      <LastUpdateDate />
      <LastUpdateTime />
    </Product>
    <Product>
      <PriceUpdateDate>2018/04/24 12:28</PriceUpdateDate>
      <ItemCode>3600540308696</ItemCode>
      <ItemType>1</ItemType>
      <ItemName>צבע לשיער קולור נטורלס שחור כחול 2.10</ItemName>
      <ManufactureName>לוריאל ישראל קוסמטיקס בעמ</ManufactureName>
      <ManufactureCountry />
      <ManufactureItemDescription />
      <UnitQty>יח`</UnitQty>
      <Quantity>1</Quantity>
      <UnitMeasure />
      <BisWeighted>0</BisWeighted>
      <QtyInPackage>1</QtyInPackage>
      <ItemPrice>21.90</ItemPrice>
      <UnitOfMeasurePrice>21.90</UnitOfMeasurePrice>
      <AllowDiscount>1</AllowDiscount>
      <itemStatus>1</itemStatus>
      <LastUpdateDate />
      <LastUpdateTime />
    </Product>
    <Product>
      <PriceUpdateDate>2018/04/24 13:13</PriceUpdateDate>
      <ItemCode>3600540592804</ItemCode>
      <ItemType>1</ItemType>
      <ItemName>בוטניקל ג`ל ניקוי ענבים 200 מל גרניה</ItemName>
      <ManufactureName>לוריאל ישראל קוסמטיקס בעמ</ManufactureName>
      <ManufactureCountry />
      <ManufactureItemDescription />
      <UnitQty>יח`</UnitQty>
      <Quantity>2</Quantity>
      <UnitMeasure>100 מ"ל</UnitMeasure>
      <BisWeighted>0</BisWeighted>
      <QtyInPackage>1</QtyInPackage>
      <ItemPrice>24.90</ItemPrice>
      <UnitOfMeasurePrice>12.45</UnitOfMeasurePrice>
      <AllowDiscount>1</AllowDiscount>
      <itemStatus>1</itemStatus>
      <LastUpdateDate />
      <LastUpdateTime />
    </Product>
    <Product>
      <PriceUpdateDate>2019/11/13 12:09</PriceUpdateDate>
      <ItemCode>3600541022096</ItemCode>
      <ItemType>1</ItemType>
      <ItemName>קרם גוף חמאת שיאה 400 מל גרנייה</ItemName>
      <ManufactureName>לוריאל ישראל קוסמטיקס בעמ</ManufactureName>
      <ManufactureCountry />
      <ManufactureItemDescription />
      <UnitQty>יח`</UnitQty>
      <Quantity>4</Quantity>
      <UnitMeasure>100 מ"ל</UnitMeasure>
      <BisWeighted>0</BisWeighted>
      <QtyInPackage>1</QtyInPackage>
      <ItemPrice>14.90</ItemPrice>
      <UnitOfMeasurePrice>3.73</UnitOfMeasurePrice>
      <AllowDiscount>0</AllowDiscount>
      <itemStatus>1</itemStatus>
      <LastUpdateDate />
      <LastUpdateTime />
    </Product>
    <Product>
      <PriceUpdateDate>2018/04/26 19:00</PriceUpdateDate>
      <ItemCode>3600541472044</ItemCode>
      <ItemType>1</ItemType>
      <ItemName>דאו רול פרוטקשן 6 כותנה גרנייה</ItemName>
      <ManufactureName>לוריאל ישראל קוסמטיקס בעמ</ManufactureName>
      <ManufactureCountry />
      <ManufactureItemDescription />
      <UnitQty>יח`</UnitQty>
      <Quantity>0.50</Quantity>
      <UnitMeasure>100 מ"ל</UnitMeasure>
      <BisWeighted>0</BisWeighted>
      <QtyInPackage>1</QtyInPackage>
      <ItemPrice>16.90</ItemPrice>
      <UnitOfMeasurePrice>33.80</UnitOfMeasurePrice>
      <AllowDiscount>1</AllowDiscount>
      <itemStatus>1</itemStatus>
      <LastUpdateDate />
      <LastUpdateTime />
    </Product>
    <Product>
      <PriceUpdateDate>2018/04/26 19:00</PriceUpdateDate>
      <ItemCode>3600542017336</ItemCode>
      <ItemType>1</ItemType>
      <ItemName>דאו רול פיור אקטיב גרנייה</ItemName>
      <ManufactureName>לוריאל ישראל קוסמטיקס בעמ</ManufactureName>
      <ManufactureCountry />
      <ManufactureItemDescription />
      <UnitQty>יח`</UnitQty>
      <Quantity>0.50</Quantity>
      <UnitMeasure>100 מ"ל</UnitMeasure>
      <BisWeighted>0</BisWeighted>
      <QtyInPackage>1</QtyInPackage>
      <ItemPrice>16.90</ItemPrice>
      <UnitOfMeasurePrice>33.80</UnitOfMeasurePrice>
      <AllowDiscount>1</AllowDiscount>
      <itemStatus>1</itemStatus>
      <LastUpdateDate />
      <LastUpdateTime />
    </Product>
    <Product>
      <PriceUpdateDate>2018/04/24 13:13</PriceUpdateDate>
      <ItemCode>3600542045667</ItemCode>
      <ItemType>1</ItemType>
      <ItemName>בוטניקל קרם לחות ורד 50 מל גרניה</ItemName>
      <ManufactureName>לוריאל ישראל קוסמטיקס בעמ</ManufactureName>
      <ManufactureCountry />
      <ManufactureItemDescription />
      <UnitQty>יח`</UnitQty>
      <Quantity>0.50</Quantity>
      <UnitMeasure>100 מ"ל</UnitMeasure>
      <BisWeighted>0</BisWeighted>
      <QtyInPackage>1</QtyInPackage>
      <ItemPrice>44.90</ItemPrice>
      <UnitOfMeasurePrice>89.80</UnitOfMeasurePrice>
      <AllowDiscount>1</AllowDiscount>
      <itemStatus>1</itemStatus>
      <LastUpdateDate />
      <LastUpdateTime />
    </Product>
    <Product>
      <PriceUpdateDate>2019/04/15 13:22</PriceUpdateDate>
      <ItemCode>3607347320449</ItemCode>
      <ItemType>1</ItemType>
      <ItemName>ג`ל רחצה 400 גר` אדידס ספורט אנרג`</ItemName>
      <ManufactureName>דנשר (1963) בעמ</ManufactureName>
      <ManufactureCountry />
      <ManufactureItemDescription />
      <UnitQty>יח`</UnitQty>
      <Quantity>4</Quantity>
      <UnitMeasure>100 מ"ל</UnitMeasure>
      <BisWeighted>0</BisWeighted>
      <QtyInPackage>1</QtyInPackage>
      <ItemPrice>13.90</ItemPrice>
      <UnitOfMeasurePrice>3.48</UnitOfMeasurePrice>
      <AllowDiscount>1</AllowDiscount>
      <itemStatus>1</itemStatus>
      <LastUpdateDate />
      <LastUpdateTime />
    </Product>
    <Product>
      <PriceUpdateDate>2018/04/24 13:02</PriceUpdateDate>
      <ItemCode>3800020444580</ItemCode>
      <ItemType>1</ItemType>
      <ItemName>נסטלה ליון פופ צ`וק 140ג</ItemName>
      <ManufactureName>ליימן שליסל בעמ</ManufactureName>
      <ManufactureCountry />
      <ManufactureItemDescription />
      <UnitQty>יח`</UnitQty>
      <Quantity>1.40</Quantity>
      <UnitMeasure>100 גרם</UnitMeasure>
      <BisWeighted>0</BisWeighted>
      <QtyInPackage>1</QtyInPackage>
      <ItemPrice>10.90</ItemPrice>
      <UnitOfMeasurePrice>7.79</UnitOfMeasurePrice>
      <AllowDiscount>0</AllowDiscount>
      <itemStatus>1</itemStatus>
      <LastUpdateDate />
      <LastUpdateTime />
    </Product>
    <Product>
      <PriceUpdateDate>2020/04/20 12:46</PriceUpdateDate>
      <ItemCode>4000351109380</ItemCode>
      <ItemType>1</ItemType>
      <ItemName>שמן קנולה 1 ליטר BROLIO</ItemName>
      <ManufactureName>המותג-לא פעיל להקלדה</ManufactureName>
      <ManufactureCountry />
      <ManufactureItemDescription />
      <UnitQty>יח`</UnitQty>
      <Quantity>10</Quantity>
      <UnitMeasure>100 מ"ל</UnitMeasure>
      <BisWeighted>0</BisWeighted>
      <QtyInPackage>1</QtyInPackage>
      <ItemPrice>5.90</ItemPrice>
      <UnitOfMeasurePrice>0.59</UnitOfMeasurePrice>
      <AllowDiscount>0</AllowDiscount>
      <itemStatus>1</itemStatus>
      <LastUpdateDate />
      <LastUpdateTime />
    </Product>
    <Product>
      <PriceUpdateDate>2018/04/24 09:43</PriceUpdateDate>
      <ItemCode>4000415388706</ItemCode>
      <ItemType>1</ItemType>
      <ItemName>שוקולד מריר 60% יעד ממתקים (100 גרם)</ItemName>
      <ManufactureName>יעד ממתקים בעמ</ManufactureName>
      <ManufactureCountry />
      <ManufactureItemDescription />
      <UnitQty>יח`</UnitQty>
      <Quantity>1</Quantity>
      <UnitMeasure>100 גרם</UnitMeasure>
      <BisWeighted>0</BisWeighted>
      <QtyInPackage>1</QtyInPackage>
      <ItemPrice>4.90</ItemPrice>
      <UnitOfMeasurePrice>4.90</UnitOfMeasurePrice>
      <AllowDiscount>1</AllowDiscount>
      <itemStatus>1</itemStatus>
      <LastUpdateDate />
      <LastUpdateTime />
    </Product>
    <Product>
      <PriceUpdateDate>2018/04/24 09:22</PriceUpdateDate>
      <ItemCode>4000417013002</ItemCode>
      <ItemType>1</ItemType>
      <ItemName>שוקולד ריטר לבן אגוז 100 גר`</ItemName>
      <ManufactureName>ליימן שליסל בעמ</ManufactureName>
      <ManufactureCountry />
      <ManufactureItemDescription />
      <UnitQty>יח`</UnitQty>
      <Quantity>1</Quantity>
      <UnitMeasure>100 גרם</UnitMeasure>
      <BisWeighted>0</BisWeighted>
      <QtyInPackage>1</QtyInPackage>
      <ItemPrice>9.90</ItemPrice>
      <UnitOfMeasurePrice>9.90</UnitOfMeasurePrice>
      <AllowDiscount>0</AllowDiscount>
      <itemStatus>1</itemStatus>
      <LastUpdateDate />
      <LastUpdateTime />
    </Product>
    <Product>
      <PriceUpdateDate>2018/07/08 11:12</PriceUpdateDate>
      <ItemCode>4000417022004</ItemCode>
      <ItemType>1</ItemType>
      <ItemName>שוקולד ריטר חלבי צימוקים/אגוזים 100 גר`</ItemName>
      <ManufactureName>ליימן שליסל בעמ</ManufactureName>
      <ManufactureCountry />
      <ManufactureItemDescription />
      <UnitQty>יח`</UnitQty>
      <Quantity>1</Quantity>
      <UnitMeasure>100 גרם</UnitMeasure>
      <BisWeighted>0</BisWeighted>
      <QtyInPackage>1</QtyInPackage>
      <ItemPrice>9.90</ItemPrice>
      <UnitOfMeasurePrice>9.90</UnitOfMeasurePrice>
      <AllowDiscount>0</AllowDiscount>
      <itemStatus>1</itemStatus>
      <LastUpdateDate />
      <LastUpdateTime />
    </Product>
    <Product>
      <PriceUpdateDate>2018/07/08 11:12</PriceUpdateDate>
      <ItemCode>4000417025005</ItemCode>
      <ItemType>1</ItemType>
      <ItemName>שוקולד ריטר מרציפן 100 גר`</ItemName>
      <ManufactureName>ליימן שליסל בעמ</ManufactureName>
      <ManufactureCountry />
      <ManufactureItemDescription />
      <UnitQty>יח`</UnitQty>
      <Quantity>1</Quantity>
      <UnitMeasure>100 גרם</UnitMeasure>
      <BisWeighted>0</BisWeighted>
      <QtyInPackage>1</QtyInPackage>
      <ItemPrice>9.90</ItemPrice>
      <UnitOfMeasurePrice>9.90</UnitOfMeasurePrice>
      <AllowDiscount>0</AllowDiscount>
      <itemStatus>1</itemStatus>
      <LastUpdateDate />
      <LastUpdateTime />
    </Product>
    <Product>
      <PriceUpdateDate>2018/04/24 09:22</PriceUpdateDate>
      <ItemCode>4000417026002</ItemCode>
      <ItemType>1</ItemType>
      <ItemName>שוקולד ריטר פרלין 100 גר`</ItemName>
      <ManufactureName>ליימן שליסל בעמ</ManufactureName>
      <ManufactureCountry />
      <ManufactureItemDescription />
      <UnitQty>יח`</UnitQty>
      <Quantity>1</Quantity>
      <UnitMeasure>100 גרם</UnitMeasure>
      <BisWeighted>0</BisWeighted>
      <QtyInPackage>1</QtyInPackage>
      <ItemPrice>9.90</ItemPrice>
      <UnitOfMeasurePrice>9.90</UnitOfMeasurePrice>
      <AllowDiscount>0</AllowDiscount>
      <itemStatus>1</itemStatus>
      <LastUpdateDate />
      <LastUpdateTime />
    </Product>
    <Product>
      <PriceUpdateDate>2018/04/24 12:45</PriceUpdateDate>
      <ItemCode>4000417222008</ItemCode>
      <ItemType>1</ItemType>
      <ItemName>שוקולד ריטר חלבי עם שברי אגוזים 100 גר</ItemName>
      <ManufactureName>ליימן שליסל בעמ</ManufactureName>
      <ManufactureCountry />
      <ManufactureItemDescription />
      <UnitQty>יח`</UnitQty>
      <Quantity>1</Quantity>
      <UnitMeasure>100 גרם</UnitMeasure>
      <BisWeighted>0</BisWeighted>
      <QtyInPackage>1</QtyInPackage>
      <ItemPrice>9.90</ItemPrice>
      <UnitOfMeasurePrice>9.90</UnitOfMeasurePrice>
      <AllowDiscount>0</AllowDiscount>
      <itemStatus>1</itemStatus>
      <LastUpdateDate />
      <LastUpdateTime />
    </Product>
    <Product>
      <PriceUpdateDate>2018/04/24 11:32</PriceUpdateDate>
      <ItemCode>4000417224002</ItemCode>
      <ItemType>1</ItemType>
      <ItemName>שוקולד ריטר מריר אגוזים 100 גר</ItemName>
      <ManufactureName>ליימן שליסל בעמ</ManufactureName>
      <ManufactureCountry />
      <ManufactureItemDescription />
      <UnitQty>יח`</UnitQty>
      <Quantity>1</Quantity>
      <UnitMeasure>100 גרם</UnitMeasure>
      <BisWeighted>0</BisWeighted>
      <QtyInPackage>1</QtyInPackage>
      <ItemPrice>9.90</ItemPrice>
      <UnitOfMeasurePrice>9.90</UnitOfMeasurePrice>
      <AllowDiscount>0</AllowDiscount>
      <itemStatus>1</itemStatus>
      <LastUpdateDate />
      <LastUpdateTime />
    </Product>
    <Product>
      <PriceUpdateDate>2018/04/24 11:46</PriceUpdateDate>
      <ItemCode>4000417294005</ItemCode>
      <ItemType>1</ItemType>
      <ItemName>שוקולד ריטר מוס קקאו 100 גר`</ItemName>
      <ManufactureName>ליימן שליסל בעמ</ManufactureName>
      <ManufactureCountry />
      <ManufactureItemDescription />
      <UnitQty>יח`</UnitQty>
      <Quantity>1</Quantity>
      <UnitMeasure>100 גרם</UnitMeasure>
      <BisWeighted>0</BisWeighted>
      <QtyInPackage>1</QtyInPackage>
      <ItemPrice>9.90</ItemPrice>
      <UnitOfMeasurePrice>9.90</UnitOfMeasurePrice>
      <AllowDiscount>0</AllowDiscount>
      <itemStatus>1</itemStatus>
      <LastUpdateDate />
      <LastUpdateTime />
    </Product>
    <Product>
      <PriceUpdateDate>2018/04/24 12:43</PriceUpdateDate>
      <ItemCode>4000576396138</ItemCode>
      <ItemType>1</ItemType>
      <ItemName>קרולי פדים להסרת איפור 70 יח</ItemName>
      <ManufactureName>א.מ. דיוויסלי בעמ</ManufactureName>
      <ManufactureCountry />
      <ManufactureItemDescription />
      <UnitQty>יח`</UnitQty>
      <Quantity>1</Quantity>
      <UnitMeasure />
      <BisWeighted>0</BisWeighted>
      <QtyInPackage>1</QtyInPackage>
      <ItemPrice>5.90</ItemPrice>
      <UnitOfMeasurePrice>5.90</UnitOfMeasurePrice>
      <AllowDiscount>0</AllowDiscount>
      <itemStatus>1</itemStatus>
      <LastUpdateDate />
      <LastUpdateTime />
    </Product>
    <Product>
      <PriceUpdateDate>2020/03/01 17:57</PriceUpdateDate>
      <ItemCode>4002448017684</ItemCode>
      <ItemType>1</ItemType>
      <ItemName>סיליט באנג מסיר אבנית 750 מל</ItemName>
      <ManufactureName>רקיט בנקיזר (ניר איסט) בעמ</ManufactureName>
      <ManufactureCountry />
      <ManufactureItemDescription />
      <UnitQty>יח`</UnitQty>
      <Quantity>7.50</Quantity>
      <UnitMeasure>100 מ"ל</UnitMeasure>
      <BisWeighted>0</BisWeighted>
      <QtyInPackage>1</QtyInPackage>
      <ItemPrice>9.90</ItemPrice>
      <UnitOfMeasurePrice>1.32</UnitOfMeasurePrice>
      <AllowDiscount>0</AllowDiscount>
      <itemStatus>1</itemStatus>
      <LastUpdateDate />
      <LastUpdateTime />
    </Product>
    <Product>
      <PriceUpdateDate>2020/03/01 17:57</PriceUpdateDate>
      <ItemCode>4002448019480</ItemCode>
      <ItemType>1</ItemType>
      <ItemName>מסיר שומנים סיליט באנג (750 מל)</ItemName>
      <ManufactureName>רקיט בנקיזר (ניר איסט) בעמ</ManufactureName>
      <ManufactureCountry />
      <ManufactureItemDescription />
      <UnitQty>יח`</UnitQty>
      <Quantity>7.50</Quantity>
      <UnitMeasure>100 מ"ל</UnitMeasure>
      <BisWeighted>0</BisWeighted>
      <QtyInPackage>1</QtyInPackage>
      <ItemPrice>9.90</ItemPrice>
      <UnitOfMeasurePrice>1.32</UnitOfMeasurePrice>
      <AllowDiscount>0</AllowDiscount>
      <itemStatus>1</itemStatus>
      <LastUpdateDate />
      <LastUpdateTime />
    </Product>
    <Product>
      <PriceUpdateDate>2018/04/24 10:51</PriceUpdateDate>
      <ItemCode>4002720005736</ItemCode>
      <ItemType>1</ItemType>
      <ItemName>קפה פילטר מליטה פרימיום 250 גר</ItemName>
      <ManufactureName>דנשר (1963) בעמ</ManufactureName>
      <ManufactureCountry />
      <ManufactureItemDescription />
      <UnitQty>יח`</UnitQty>
      <Quantity>2.50</Quantity>
      <UnitMeasure>100 גרם</UnitMeasure>
      <BisWeighted>0</BisWeighted>
      <QtyInPackage>1</QtyInPackage>
      <ItemPrice>17.50</ItemPrice>
      <UnitOfMeasurePrice>7</UnitOfMeasurePrice>
      <AllowDiscount>0</AllowDiscount>
      <itemStatus>1</itemStatus>
      <LastUpdateDate />
      <LastUpdateTime />
    </Product>
    <Product>
      <PriceUpdateDate>2018/04/24 10:42</PriceUpdateDate>
      <ItemCode>4002911138021</ItemCode>
      <ItemType>1</ItemType>
      <ItemName>נרות חימום פאלאס) (100</ItemName>
      <ManufactureName>פאלאס תעשיות נטו (2014) בעמ</ManufactureName>
      <ManufactureCountry />
      <ManufactureItemDescription />
      <UnitQty>יח`</UnitQty>
      <Quantity>100</Quantity>
      <UnitMeasure>יח`</UnitMeasure>
      <BisWeighted>0</BisWeighted>
      <QtyInPackage>1</QtyInPackage>
      <ItemPrice>19.90</ItemPrice>
      <UnitOfMeasurePrice>0.20</UnitOfMeasurePrice>
      <AllowDiscount>0</AllowDiscount>
      <itemStatus>1</itemStatus>
      <LastUpdateDate />
      <LastUpdateTime />
    </Product>
    <Product>
      <PriceUpdateDate>2018/04/24 11:57</PriceUpdateDate>
      <ItemCode>4005808124787</ItemCode>
      <ItemType>1</ItemType>
      <ItemName>ניוואה רילקס גל רחצה 750מל</ItemName>
      <ManufactureName>אלפא- ב.ד.ף בעמ</ManufactureName>
      <ManufactureCountry />
      <ManufactureItemDescription />
      <UnitQty>יח`</UnitQty>
      <Quantity>7.50</Quantity>
      <UnitMeasure>100 מ"ל</UnitMeasure>
      <BisWeighted>0</BisWeighted>
      <QtyInPackage>1</QtyInPackage>
      <ItemPrice>17.90</ItemPrice>
      <UnitOfMeasurePrice>2.39</UnitOfMeasurePrice>
      <AllowDiscount>1</AllowDiscount>
      <itemStatus>1</itemStatus>
      <LastUpdateDate />
      <LastUpdateTime />
    </Product>
    <Product>
      <PriceUpdateDate>2018/04/24 11:57</PriceUpdateDate>
      <ItemCode>4005808229390</ItemCode>
      <ItemType>1</ItemType>
      <ItemName>ג`ל רחצה לגבר פאוור ריפרש 500 מל</ItemName>
      <ManufactureName>אלפא- ב.ד.ף בעמ</ManufactureName>
      <ManufactureCountry />
      <ManufactureItemDescription />
      <UnitQty>יח`</UnitQty>
      <Quantity>5</Quantity>
      <UnitMeasure>100 מ"ל</UnitMeasure>
      <BisWeighted>0</BisWeighted>
      <QtyInPackage>1</QtyInPackage>
      <ItemPrice>14.90</ItemPrice>
      <UnitOfMeasurePrice>2.98</UnitOfMeasurePrice>
      <AllowDiscount>1</AllowDiscount>
      <itemStatus>1</itemStatus>
      <LastUpdateDate />
      <LastUpdateTime />
    </Product>
    <Product>
      <PriceUpdateDate>2018/04/24 11:57</PriceUpdateDate>
      <ItemCode>4005808781935</ItemCode>
      <ItemType>1</ItemType>
      <ItemName>פאוור רפרש 500</ItemName>
      <ManufactureName>אלפא- ב.ד.ף בעמ</ManufactureName>
      <ManufactureCountry />
      <ManufactureItemDescription />
      <UnitQty>יח`</UnitQty>
      <Quantity>5</Quantity>
      <UnitMeasure>100 מ"ל</UnitMeasure>
      <BisWeighted>0</BisWeighted>
      <QtyInPackage>1</QtyInPackage>
      <ItemPrice>14.90</ItemPrice>
      <UnitOfMeasurePrice>2.98</UnitOfMeasurePrice>
      <AllowDiscount>1</AllowDiscount>
      <itemStatus>1</itemStatus>
      <LastUpdateDate />
      <LastUpdateTime />
    </Product>
    <Product>
      <PriceUpdateDate>2019/01/07 10:57</PriceUpdateDate>
      <ItemCode>4005808817405</ItemCode>
      <ItemType>1</ItemType>
      <ItemName>ג`ל גילוח לעור רגיש ניוואה</ItemName>
      <ManufactureName>אלפא- ב.ד.ף בעמ</ManufactureName>
      <ManufactureCountry />
      <ManufactureItemDescription />
      <UnitQty>יח`</UnitQty>
      <Quantity>2</Quantity>
      <UnitMeasure>100 מ"ל</UnitMeasure>
      <BisWeighted>0</BisWeighted>
      <QtyInPackage>1</QtyInPackage>
      <ItemPrice>19.90</ItemPrice>
      <UnitOfMeasurePrice>9.95</UnitOfMeasurePrice>
      <AllowDiscount>1</AllowDiscount>
      <itemStatus>1</itemStatus>
      <LastUpdateDate />
      <LastUpdateTime />
    </Product>
    <Product>
      <PriceUpdateDate>2019/12/20 07:39</PriceUpdateDate>
      <ItemCode>4005808837540</ItemCode>
      <ItemType>1</ItemType>
      <ItemName>ניוואה דאודורנט רול און energy frsdh</ItemName>
      <ManufactureName>אלפא- ב.ד.ף בעמ</ManufactureName>
      <ManufactureCountry />
      <ManufactureItemDescription />
      <UnitQty>יח`</UnitQty>
      <Quantity>1</Quantity>
      <UnitMeasure />
      <BisWeighted>0</BisWeighted>
      <QtyInPackage>1</QtyInPackage>
      <ItemPrice>14.90</ItemPrice>
      <UnitOfMeasurePrice>14.90</UnitOfMeasurePrice>
      <AllowDiscount>0</AllowDiscount>
      <itemStatus>1</itemStatus>
      <LastUpdateDate />
      <LastUpdateTime />
    </Product>
    <Product>
      <PriceUpdateDate>2018/04/24 11:57</PriceUpdateDate>
      <ItemCode>4005900036476</ItemCode>
      <ItemType>1</ItemType>
      <ItemName>רול און בלק אנד ווייט לאישה</ItemName>
      <ManufactureName>אלפא- ב.ד.ף בעמ</ManufactureName>
      <ManufactureCountry />
      <ManufactureItemDescription />
      <UnitQty>יח`</UnitQty>
      <Quantity>1</Quantity>
      <UnitMeasure />
      <BisWeighted>0</BisWeighted>
      <QtyInPackage>1</QtyInPackage>
      <ItemPrice>14.90</ItemPrice>
      <UnitOfMeasurePrice>14.90</UnitOfMeasurePrice>
      <AllowDiscount>1</AllowDiscount>
      <itemStatus>1</itemStatus>
      <LastUpdateDate />
      <LastUpdateTime />
    </Product>
    <Product>
      <PriceUpdateDate>2018/08/06 15:26</PriceUpdateDate>
      <ItemCode>4005900036483</ItemCode>
      <ItemType>1</ItemType>
      <ItemName>ספריי בלק אנד ווייט לגבר</ItemName>
      <ManufactureName>אלפא- ב.ד.ף בעמ</ManufactureName>
      <ManufactureCountry />
      <ManufactureItemDescription />
      <UnitQty>יח`</UnitQty>
      <Quantity>1</Quantity>
      <UnitMeasure />
      <BisWeighted>0</BisWeighted>
      <QtyInPackage>1</QtyInPackage>
      <ItemPrice>14.90</ItemPrice>
      <UnitOfMeasurePrice>14.90</UnitOfMeasurePrice>
      <AllowDiscount>0</AllowDiscount>
      <itemStatus>1</itemStatus>
      <LastUpdateDate />
      <LastUpdateTime />
    </Product>
    <Product>
      <PriceUpdateDate>2018/08/06 15:26</PriceUpdateDate>
      <ItemCode>4005900243621</ItemCode>
      <ItemType>1</ItemType>
      <ItemName>דאודורנט ספריי לאישה ניאווה</ItemName>
      <ManufactureName>אלפא- ב.ד.ף בעמ</ManufactureName>
      <ManufactureCountry />
      <ManufactureItemDescription />
      <UnitQty>יח`</UnitQty>
      <Quantity>0.50</Quantity>
      <UnitMeasure>100 מ"ל</UnitMeasure>
      <BisWeighted>0</BisWeighted>
      <QtyInPackage>1</QtyInPackage>
      <ItemPrice>14.90</ItemPrice>
      <UnitOfMeasurePrice>29.80</UnitOfMeasurePrice>
      <AllowDiscount>0</AllowDiscount>
      <itemStatus>1</itemStatus>
      <LastUpdateDate />
      <LastUpdateTime />
    </Product>
    <Product>
      <PriceUpdateDate>2018/08/06 15:26</PriceUpdateDate>
      <ItemCode>4005900274380</ItemCode>
      <ItemType>1</ItemType>
      <ItemName>דאודורנט ספריי לאישה FLOWER- (0% Aluminu</ItemName>
      <ManufactureName>אלפא- ב.ד.ף בעמ</ManufactureName>
      <ManufactureCountry />
      <ManufactureItemDescription />
      <UnitQty>יח`</UnitQty>
      <Quantity>1</Quantity>
      <UnitMeasure />
      <BisWeighted>0</BisWeighted>
      <QtyInPackage>1</QtyInPackage>
      <ItemPrice>14.90</ItemPrice>
      <UnitOfMeasurePrice>14.90</UnitOfMeasurePrice>
      <AllowDiscount>0</AllowDiscount>
      <itemStatus>1</itemStatus>
      <LastUpdateDate />
      <LastUpdateTime />
    </Product>
    <Product>
      <PriceUpdateDate>2018/10/18 15:44</PriceUpdateDate>
      <ItemCode>4005900513069</ItemCode>
      <ItemType>1</ItemType>
      <ItemName>דאודורנט רול-און לגבר DEEP</ItemName>
      <ManufactureName>אלפא- ב.ד.ף בעמ</ManufactureName>
      <ManufactureCountry />
      <ManufactureItemDescription />
      <UnitQty>יח`</UnitQty>
      <Quantity>0.50</Quantity>
      <UnitMeasure>100 מ"ל</UnitMeasure>
      <BisWeighted>0</BisWeighted>
      <QtyInPackage>1</QtyInPackage>
      <ItemPrice>14.90</ItemPrice>
      <UnitOfMeasurePrice>29.80</UnitOfMeasurePrice>
      <AllowDiscount>1</AllowDiscount>
      <itemStatus>1</itemStatus>
      <LastUpdateDate />
      <LastUpdateTime />
    </Product>
    <Product>
      <PriceUpdateDate>2018/04/24 11:57</PriceUpdateDate>
      <ItemCode>4005900816115</ItemCode>
      <ItemType>1</ItemType>
      <ItemName>דאודורנט רול-און לאישה יבש</ItemName>
      <ManufactureName>אלפא- ב.ד.ף בעמ</ManufactureName>
      <ManufactureCountry />
      <ManufactureItemDescription />
      <UnitQty>יח`</UnitQty>
      <Quantity>1</Quantity>
      <UnitMeasure>100 מ"ל</UnitMeasure>
      <BisWeighted>0</BisWeighted>
      <QtyInPackage>1</QtyInPackage>
      <ItemPrice>14.90</ItemPrice>
      <UnitOfMeasurePrice>14.90</UnitOfMeasurePrice>
      <AllowDiscount>1</AllowDiscount>
      <itemStatus>1</itemStatus>
      <LastUpdateDate />
      <LastUpdateTime />
    </Product>
    <Product>
      <PriceUpdateDate>2018/04/24 11:57</PriceUpdateDate>
      <ItemCode>4005900828095</ItemCode>
      <ItemType>1</ItemType>
      <ItemName>דאודורנט רול-און לאישה פרש</ItemName>
      <ManufactureName>אלפא- ב.ד.ף בעמ</ManufactureName>
      <ManufactureCountry />
      <ManufactureItemDescription />
      <UnitQty>יח`</UnitQty>
      <Quantity>1</Quantity>
      <UnitMeasure />
      <BisWeighted>0</BisWeighted>
      <QtyInPackage>1</QtyInPackage>
      <ItemPrice>14.90</ItemPrice>
      <UnitOfMeasurePrice>14.90</UnitOfMeasurePrice>
      <AllowDiscount>1</AllowDiscount>
      <itemStatus>1</itemStatus>
      <LastUpdateDate />
      <LastUpdateTime />
    </Product>
    <Product>
      <PriceUpdateDate>2020/01/27 09:19</PriceUpdateDate>
      <ItemCode>4008400208220</ItemCode>
      <ItemType>1</ItemType>
      <ItemName>קינדר שוקולד הפי 102 גר`</ItemName>
      <ManufactureName>פרימיום-חברה לדברי מתיקה ולמסח</ManufactureName>
      <ManufactureCountry />
      <ManufactureItemDescription />
      <UnitQty>יח`</UnitQty>
      <Quantity>1.02</Quantity>
      <UnitMeasure>100 גרם</UnitMeasure>
      <BisWeighted>0</BisWeighted>
      <QtyInPackage>1</QtyInPackage>
      <ItemPrice>12.90</ItemPrice>
      <UnitOfMeasurePrice>12.65</UnitOfMeasurePrice>
      <AllowDiscount>0</AllowDiscount>
      <itemStatus>1</itemStatus>
      <LastUpdateDate />
      <LastUpdateTime />
    </Product>
    <Product>
      <PriceUpdateDate>2018/04/24 09:25</PriceUpdateDate>
      <ItemCode>4009300522935</ItemCode>
      <ItemType>1</ItemType>
      <ItemName>תה ירוק לימונית ולואיזה פומפדור) (20</ItemName>
      <ManufactureName>ש.שסטוביץ בעמ</ManufactureName>
      <ManufactureCountry />
      <ManufactureItemDescription />
      <UnitQty>יח`</UnitQty>
      <Quantity>0.30</Quantity>
      <UnitMeasure>100 גרם</UnitMeasure>
      <BisWeighted>0</BisWeighted>
      <QtyInPackage>1</QtyInPackage>
      <ItemPrice>19.90</ItemPrice>
      <UnitOfMeasurePrice>66.33</UnitOfMeasurePrice>
      <AllowDiscount>0</AllowDiscount>
      <itemStatus>1</itemStatus>
      <LastUpdateDate />
      <LastUpdateTime />
    </Product>
    <Product>
      <PriceUpdateDate>2018/07/25 13:24</PriceUpdateDate>
      <ItemCode>4009300524588</ItemCode>
      <ItemType>1</ItemType>
      <ItemName>תה פירות יער פומפדור) (20</ItemName>
      <ManufactureName>ש.שסטוביץ בעמ</ManufactureName>
      <ManufactureCountry />
      <ManufactureItemDescription />
      <UnitQty>יח`</UnitQty>
      <Quantity>0.60</Quantity>
      <UnitMeasure>100 גרם</UnitMeasure>
      <BisWeighted>0</BisWeighted>
      <QtyInPackage>1</QtyInPackage>
      <ItemPrice>15.90</ItemPrice>
      <UnitOfMeasurePrice>26.50</UnitOfMeasurePrice>
      <AllowDiscount>0</AllowDiscount>
      <itemStatus>1</itemStatus>
      <LastUpdateDate />
      <LastUpdateTime />
    </Product>
    <Product>
      <PriceUpdateDate>2018/07/25 13:24</PriceUpdateDate>
      <ItemCode>4009300525684</ItemCode>
      <ItemType>1</ItemType>
      <ItemName>חליטת צמחים ג`ינג`ר לימון פומפדור) (20</ItemName>
      <ManufactureName>ש.שסטוביץ בעמ</ManufactureName>
      <ManufactureCountry />
      <ManufactureItemDescription />
      <UnitQty>יח`</UnitQty>
      <Quantity>0.35</Quantity>
      <UnitMeasure>100 גרם</UnitMeasure>
      <BisWeighted>0</BisWeighted>
      <QtyInPackage>1</QtyInPackage>
      <ItemPrice>15.90</ItemPrice>
      <UnitOfMeasurePrice>45.43</UnitOfMeasurePrice>
      <AllowDiscount>0</AllowDiscount>
      <itemStatus>1</itemStatus>
      <LastUpdateDate />
      <LastUpdateTime />
    </Product>
    <Product>
      <PriceUpdateDate>2018/04/24 12:30</PriceUpdateDate>
      <ItemCode>4009300526438</ItemCode>
      <ItemType>1</ItemType>
      <ItemName>תה ירוק קלאסי פומפדור) (20</ItemName>
      <ManufactureName>ש.שסטוביץ בעמ</ManufactureName>
      <ManufactureCountry />
      <ManufactureItemDescription />
      <UnitQty>יח`</UnitQty>
      <Quantity>1</Quantity>
      <UnitMeasure />
      <BisWeighted>0</BisWeighted>
      <QtyInPackage>1</QtyInPackage>
      <ItemPrice>19.90</ItemPrice>
      <UnitOfMeasurePrice>19.90</UnitOfMeasurePrice>
      <AllowDiscount>0</AllowDiscount>
      <itemStatus>1</itemStatus>
      <LastUpdateDate />
      <LastUpdateTime />
    </Product>
    <Product>
      <PriceUpdateDate>2018/04/24 13:07</PriceUpdateDate>
      <ItemCode>4009300527909</ItemCode>
      <ItemType>1</ItemType>
      <ItemName>תה חליטת ג`יניג`ר כורכום</ItemName>
      <ManufactureName>ש.שסטוביץ בעמ</ManufactureName>
      <ManufactureCountry />
      <ManufactureItemDescription />
      <UnitQty>יח`</UnitQty>
      <Quantity>0.40</Quantity>
      <UnitMeasure>100 גרם</UnitMeasure>
      <BisWeighted>0</BisWeighted>
      <QtyInPackage>1</QtyInPackage>
      <ItemPrice>15.90</ItemPrice>
      <UnitOfMeasurePrice>39.75</UnitOfMeasurePrice>
      <AllowDiscount>0</AllowDiscount>
      <itemStatus>1</itemStatus>
      <LastUpdateDate />
      <LastUpdateTime />
    </Product>
    <Product>
      <PriceUpdateDate>2018/04/24 11:59</PriceUpdateDate>
      <ItemCode>4009900013581</ItemCode>
      <ItemType>1</ItemType>
      <ItemName>מסטיק אורביט מארז חמישייה</ItemName>
      <ManufactureName>מרס ריגלי ישראל בעמ</ManufactureName>
      <ManufactureCountry />
      <ManufactureItemDescription />
      <UnitQty>יח`</UnitQty>
      <Quantity>1</Quantity>
      <UnitMeasure />
      <BisWeighted>0</BisWeighted>
      <QtyInPackage>1</QtyInPackage>
      <ItemPrice>9.90</ItemPrice>
      <UnitOfMeasurePrice>9.90</UnitOfMeasurePrice>
      <AllowDiscount>0</AllowDiscount>
      <itemStatus>1</itemStatus>
      <LastUpdateDate />
      <LastUpdateTime />
    </Product>
    <Product>
      <PriceUpdateDate>2018/04/24 11:59</PriceUpdateDate>
      <ItemCode>4009900385824</ItemCode>
      <ItemType>1</ItemType>
      <ItemName>מסטיק אורביט מארז חמישייה</ItemName>
      <ManufactureName>מרס ריגלי ישראל בעמ</ManufactureName>
      <ManufactureCountry />
      <ManufactureItemDescription />
      <UnitQty>יח`</UnitQty>
      <Quantity>1</Quantity>
      <UnitMeasure />
      <BisWeighted>0</BisWeighted>
      <QtyInPackage>1</QtyInPackage>
      <ItemPrice>9.90</ItemPrice>
      <UnitOfMeasurePrice>9.90</UnitOfMeasurePrice>
      <AllowDiscount>0</AllowDiscount>
      <itemStatus>1</itemStatus>
      <LastUpdateDate />
      <LastUpdateTime />
    </Product>
    <Product>
      <PriceUpdateDate>2018/12/26 10:23</PriceUpdateDate>
      <ItemCode>4009900402965</ItemCode>
      <ItemType>1</ItemType>
      <ItemName>מסטיק אורביט בקבוקון פירות</ItemName>
      <ManufactureName>מרס ריגלי ישראל בעמ</ManufactureName>
      <ManufactureCountry />
      <ManufactureItemDescription />
      <UnitQty>יח`</UnitQty>
      <Quantity>1</Quantity>
      <UnitMeasure />
      <BisWeighted>0</BisWeighted>
      <QtyInPackage>1</QtyInPackage>
      <ItemPrice>10.90</ItemPrice>
      <UnitOfMeasurePrice>10.90</UnitOfMeasurePrice>
      <AllowDiscount>1</AllowDiscount>
      <itemStatus>1</itemStatus>
      <LastUpdateDate />
      <LastUpdateTime />
    </Product>
    <Product>
      <PriceUpdateDate>2018/12/26 10:23</PriceUpdateDate>
      <ItemCode>4009900403023</ItemCode>
      <ItemType>1</ItemType>
      <ItemName>מסטיק אורביט בקבוקון</ItemName>
      <ManufactureName>מרס ריגלי ישראל בעמ</ManufactureName>
      <ManufactureCountry />
      <ManufactureItemDescription />
      <UnitQty>יח`</UnitQty>
      <Quantity>1</Quantity>
      <UnitMeasure />
      <BisWeighted>0</BisWeighted>
      <QtyInPackage>1</QtyInPackage>
      <ItemPrice>10.90</ItemPrice>
      <UnitOfMeasurePrice>10.90</UnitOfMeasurePrice>
      <AllowDiscount>1</AllowDiscount>
      <itemStatus>1</itemStatus>
      <LastUpdateDate />
      <LastUpdateTime />
    </Product>
    <Product>
      <PriceUpdateDate>2018/04/24 09:22</PriceUpdateDate>
      <ItemCode>4009900406918</ItemCode>
      <ItemType>1</ItemType>
      <ItemName>הובה בובה טייפ טריפל מיקס</ItemName>
      <ManufactureName>מרס ריגלי ישראל בעמ</ManufactureName>
      <ManufactureCountry />
      <ManufactureItemDescription />
      <UnitQty>יח`</UnitQty>
      <Quantity>0.56</Quantity>
      <UnitMeasure>100 גרם</UnitMeasure>
      <BisWeighted>0</BisWeighted>
      <QtyInPackage>1</QtyInPackage>
      <ItemPrice>6.90</ItemPrice>
      <UnitOfMeasurePrice>12.32</UnitOfMeasurePrice>
      <AllowDiscount>0</AllowDiscount>
      <itemStatus>1</itemStatus>
      <LastUpdateDate />
      <LastUpdateTime />
    </Product>
    <Product>
      <PriceUpdateDate>2019/01/17 08:00</PriceUpdateDate>
      <ItemCode>4009900420129</ItemCode>
      <ItemType>1</ItemType>
      <ItemName>מסטיק אורביט בקבוקון פרופשיונל פפרמינט</ItemName>
      <ManufactureName>מרס ריגלי ישראל בעמ</ManufactureName>
      <ManufactureCountry />
      <ManufactureItemDescription />
      <UnitQty>יח`</UnitQty>
      <Quantity>1</Quantity>
      <UnitMeasure />
      <BisWeighted>0</BisWeighted>
      <QtyInPackage>1</QtyInPackage>
      <ItemPrice>10.90</ItemPrice>
      <UnitOfMeasurePrice>10.90</UnitOfMeasurePrice>
      <AllowDiscount>1</AllowDiscount>
      <itemStatus>1</itemStatus>
      <LastUpdateDate />
      <LastUpdateTime />
    </Product>
    <Product>
      <PriceUpdateDate>2019/01/07 10:57</PriceUpdateDate>
      <ItemCode>4009900426039</ItemCode>
      <ItemType>1</ItemType>
      <ItemName>בקבוקון איירוויבז מנטה אקליפטוס</ItemName>
      <ManufactureName>מרס ריגלי ישראל בעמ</ManufactureName>
      <ManufactureCountry />
      <ManufactureItemDescription />
      <UnitQty>יח`</UnitQty>
      <Quantity>1</Quantity>
      <UnitMeasure />
      <BisWeighted>0</BisWeighted>
      <QtyInPackage>1</QtyInPackage>
      <ItemPrice>10.90</ItemPrice>
      <UnitOfMeasurePrice>10.90</UnitOfMeasurePrice>
      <AllowDiscount>0</AllowDiscount>
      <itemStatus>1</itemStatus>
      <LastUpdateDate />
      <LastUpdateTime />
    </Product>
    <Product>
      <PriceUpdateDate>2019/01/07 10:57</PriceUpdateDate>
      <ItemCode>4009900426121</ItemCode>
      <ItemType>1</ItemType>
      <ItemName>בקבוקון איירוויבז אוכמניות</ItemName>
      <ManufactureName>מרס ריגלי ישראל בעמ</ManufactureName>
      <ManufactureCountry />
      <ManufactureItemDescription />
      <UnitQty>יח`</UnitQty>
      <Quantity>1</Quantity>
      <UnitMeasure />
      <BisWeighted>0</BisWeighted>
      <QtyInPackage>1</QtyInPackage>
      <ItemPrice>10.90</ItemPrice>
      <UnitOfMeasurePrice>10.90</UnitOfMeasurePrice>
      <AllowDiscount>0</AllowDiscount>
      <itemStatus>1</itemStatus>
      <LastUpdateDate />
      <LastUpdateTime />
    </Product>
    <Product>
      <PriceUpdateDate>2018/04/24 12:13</PriceUpdateDate>
      <ItemCode>4009900455299</ItemCode>
      <ItemType>1</ItemType>
      <ItemName>סוכריות פירות סקיטלס (174 גרם)</ItemName>
      <ManufactureName>מרס ריגלי ישראל בעמ</ManufactureName>
      <ManufactureCountry />
      <ManufactureItemDescription />
      <UnitQty>יח`</UnitQty>
      <Quantity>1.74</Quantity>
      <UnitMeasure>100 גרם</UnitMeasure>
      <BisWeighted>0</BisWeighted>
      <QtyInPackage>1</QtyInPackage>
      <ItemPrice>8.90</ItemPrice>
      <UnitOfMeasurePrice>5.11</UnitOfMeasurePrice>
      <AllowDiscount>0</AllowDiscount>
      <itemStatus>1</itemStatus>
      <LastUpdateDate />
      <LastUpdateTime />
    </Product>
    <Product>
      <PriceUpdateDate>2019/12/18 17:11</PriceUpdateDate>
      <ItemCode>4009900458504</ItemCode>
      <ItemType>1</ItemType>
      <ItemName>מסטיק אורביט וויט הדרים 64 גר`</ItemName>
      <ManufactureName>מרס ריגלי ישראל בעמ</ManufactureName>
      <ManufactureCountry />
      <ManufactureItemDescription />
      <UnitQty>יח`</UnitQty>
      <Quantity>1</Quantity>
      <UnitMeasure />
      <BisWeighted>0</BisWeighted>
      <QtyInPackage>1</QtyInPackage>
      <ItemPrice>10.90</ItemPrice>
      <UnitOfMeasurePrice>10.90</UnitOfMeasurePrice>
      <AllowDiscount>1</AllowDiscount>
      <itemStatus>1</itemStatus>
      <LastUpdateDate />
      <LastUpdateTime />
    </Product>
    <Product>
      <PriceUpdateDate>2018/04/24 12:13</PriceUpdateDate>
      <ItemCode>4009900465304</ItemCode>
      <ItemType>1</ItemType>
      <ItemName>סקיטלס סוכריות חמוצים 174 גר</ItemName>
      <ManufactureName>מרס ריגלי ישראל בעמ</ManufactureName>
      <ManufactureCountry />
      <ManufactureItemDescription />
      <UnitQty>יח`</UnitQty>
      <Quantity>1.74</Quantity>
      <UnitMeasure>100 גרם</UnitMeasure>
      <BisWeighted>0</BisWeighted>
      <QtyInPackage>1</QtyInPackage>
      <ItemPrice>8.90</ItemPrice>
      <UnitOfMeasurePrice>5.11</UnitOfMeasurePrice>
      <AllowDiscount>0</AllowDiscount>
      <itemStatus>1</itemStatus>
      <LastUpdateDate />
      <LastUpdateTime />
    </Product>
    <Product>
      <PriceUpdateDate>2018/12/26 10:23</PriceUpdateDate>
      <ItemCode>4009900479998</ItemCode>
      <ItemType>1</ItemType>
      <ItemName>מסטיק אורביט בקבוקון אוכמניות</ItemName>
      <ManufactureName>מרס ריגלי ישראל בעמ</ManufactureName>
      <ManufactureCountry />
      <ManufactureItemDescription />
      <UnitQty>יח`</UnitQty>
      <Quantity>1</Quantity>
      <UnitMeasure />
      <BisWeighted>0</BisWeighted>
      <QtyInPackage>1</QtyInPackage>
      <ItemPrice>10.90</ItemPrice>
      <UnitOfMeasurePrice>10.90</UnitOfMeasurePrice>
      <AllowDiscount>1</AllowDiscount>
      <itemStatus>1</itemStatus>
      <LastUpdateDate />
      <LastUpdateTime />
    </Product>
    <Product>
      <PriceUpdateDate>2018/12/26 10:23</PriceUpdateDate>
      <ItemCode>4009900482417</ItemCode>
      <ItemType>1</ItemType>
      <ItemName>מסטיק אורביט בקבוקון באבל מינט</ItemName>
      <ManufactureName>מרס ריגלי ישראל בעמ</ManufactureName>
      <ManufactureCountry />
      <ManufactureItemDescription />
      <UnitQty>יח`</UnitQty>
      <Quantity>1</Quantity>
      <UnitMeasure />
      <BisWeighted>0</BisWeighted>
      <QtyInPackage>1</QtyInPackage>
      <ItemPrice>10.90</ItemPrice>
      <UnitOfMeasurePrice>10.90</UnitOfMeasurePrice>
      <AllowDiscount>1</AllowDiscount>
      <itemStatus>1</itemStatus>
      <LastUpdateDate />
      <LastUpdateTime />
    </Product>
    <Product>
      <PriceUpdateDate>2018/04/24 11:57</PriceUpdateDate>
      <ItemCode>4009900484060</ItemCode>
      <ItemType>1</ItemType>
      <ItemName>מסטיק אורביט בקבוק 60 יח</ItemName>
      <ManufactureName>מרס ריגלי ישראל בעמ</ManufactureName>
      <ManufactureCountry />
      <ManufactureItemDescription />
      <UnitQty>יח`</UnitQty>
      <Quantity>0.84</Quantity>
      <UnitMeasure>100 גרם</UnitMeasure>
      <BisWeighted>0</BisWeighted>
      <QtyInPackage>1</QtyInPackage>
      <ItemPrice>13</ItemPrice>
      <UnitOfMeasurePrice>15.48</UnitOfMeasurePrice>
      <AllowDiscount>0</AllowDiscount>
      <itemStatus>1</itemStatus>
      <LastUpdateDate />
      <LastUpdateTime />
    </Product>
    <Product>
      <PriceUpdateDate>2018/04/24 11:57</PriceUpdateDate>
      <ItemCode>4009900484091</ItemCode>
      <ItemType>1</ItemType>
      <ItemName>מסטיק אורביט בקבוק 60 יח</ItemName>
      <ManufactureName>מרס ריגלי ישראל בעמ</ManufactureName>
      <ManufactureCountry />
      <ManufactureItemDescription />
      <UnitQty>יח`</UnitQty>
      <Quantity>0.84</Quantity>
      <UnitMeasure>100 גרם</UnitMeasure>
      <BisWeighted>0</BisWeighted>
      <QtyInPackage>1</QtyInPackage>
      <ItemPrice>13</ItemPrice>
      <UnitOfMeasurePrice>15.48</UnitOfMeasurePrice>
      <AllowDiscount>0</AllowDiscount>
      <itemStatus>1</itemStatus>
      <LastUpdateDate />
      <LastUpdateTime />
    </Product>
    <Product>
      <PriceUpdateDate>2018/04/24 11:57</PriceUpdateDate>
      <ItemCode>4009900484305</ItemCode>
      <ItemType>1</ItemType>
      <ItemName>מסטיק אורביט בקבוק 60 יח</ItemName>
      <ManufactureName>מרס ריגלי ישראל בעמ</ManufactureName>
      <ManufactureCountry />
      <ManufactureItemDescription />
      <UnitQty>יח`</UnitQty>
      <Quantity>0.84</Quantity>
      <UnitMeasure>100 גרם</UnitMeasure>
      <BisWeighted>0</BisWeighted>
      <QtyInPackage>1</QtyInPackage>
      <ItemPrice>13</ItemPrice>
      <UnitOfMeasurePrice>15.48</UnitOfMeasurePrice>
      <AllowDiscount>0</AllowDiscount>
      <itemStatus>1</itemStatus>
      <LastUpdateDate />
      <LastUpdateTime />
    </Product>
    <Product>
      <PriceUpdateDate>2019/04/09 09:28</PriceUpdateDate>
      <ItemCode>4009900484695</ItemCode>
      <ItemType>1</ItemType>
      <ItemName>שקית אורביט ספירמינט 42 יח `</ItemName>
      <ManufactureName>מרס ריגלי ישראל בעמ</ManufactureName>
      <ManufactureCountry />
      <ManufactureItemDescription />
      <UnitQty>יח`</UnitQty>
      <Quantity>1</Quantity>
      <UnitMeasure>100 גרם</UnitMeasure>
      <BisWeighted>0</BisWeighted>
      <QtyInPackage>1</QtyInPackage>
      <ItemPrice>7.90</ItemPrice>
      <UnitOfMeasurePrice>7.90</UnitOfMeasurePrice>
      <AllowDiscount>1</AllowDiscount>
      <itemStatus>1</itemStatus>
      <LastUpdateDate />
      <LastUpdateTime />
    </Product>
    <Product>
      <PriceUpdateDate>2019/04/17 16:10</PriceUpdateDate>
      <ItemCode>4009900484732</ItemCode>
      <ItemType>1</ItemType>
      <ItemName>שקית אורביט פפרמינט 42 יח `</ItemName>
      <ManufactureName>מרס ריגלי ישראל בעמ</ManufactureName>
      <ManufactureCountry />
      <ManufactureItemDescription />
      <UnitQty>יח`</UnitQty>
      <Quantity>1</Quantity>
      <UnitMeasure>100 גרם</UnitMeasure>
      <BisWeighted>0</BisWeighted>
      <QtyInPackage>1</QtyInPackage>
      <ItemPrice>7.90</ItemPrice>
      <UnitOfMeasurePrice>7.90</UnitOfMeasurePrice>
      <AllowDiscount>1</AllowDiscount>
      <itemStatus>1</itemStatus>
      <LastUpdateDate />
      <LastUpdateTime />
    </Product>
    <Product>
      <PriceUpdateDate>2018/04/24 13:00</PriceUpdateDate>
      <ItemCode>4009900496247</ItemCode>
      <ItemType>1</ItemType>
      <ItemName>מסטיק אורביט בטעם בבלמינט 60 יח בקבוק</ItemName>
      <ManufactureName>מרס ריגלי ישראל בעמ</ManufactureName>
      <ManufactureCountry />
      <ManufactureItemDescription />
      <UnitQty>יח`</UnitQty>
      <Quantity>0.84</Quantity>
      <UnitMeasure>100 גרם</UnitMeasure>
      <BisWeighted>0</BisWeighted>
      <QtyInPackage>1</QtyInPackage>
      <ItemPrice>13</ItemPrice>
      <UnitOfMeasurePrice>15.48</UnitOfMeasurePrice>
      <AllowDiscount>0</AllowDiscount>
      <itemStatus>1</itemStatus>
      <LastUpdateDate />
      <LastUpdateTime />
    </Product>
    <Product>
      <PriceUpdateDate>2018/04/24 12:53</PriceUpdateDate>
      <ItemCode>4009900500166</ItemCode>
      <ItemType>1</ItemType>
      <ItemName>סקיטלס פירות בקבוק 125 גר</ItemName>
      <ManufactureName>מרס ריגלי ישראל בעמ</ManufactureName>
      <ManufactureCountry />
      <ManufactureItemDescription />
      <UnitQty>יח`</UnitQty>
      <Quantity>1.25</Quantity>
      <UnitMeasure>100 גרם</UnitMeasure>
      <BisWeighted>0</BisWeighted>
      <QtyInPackage>1</QtyInPackage>
      <ItemPrice>8.90</ItemPrice>
      <UnitOfMeasurePrice>7.12</UnitOfMeasurePrice>
      <AllowDiscount>0</AllowDiscount>
      <itemStatus>1</itemStatus>
      <LastUpdateDate />
      <LastUpdateTime />
    </Product>
    <Product>
      <PriceUpdateDate>2018/12/26 10:23</PriceUpdateDate>
      <ItemCode>4009900504218</ItemCode>
      <ItemType>1</ItemType>
      <ItemName>מסטיק אורביט תפוז בקבוקון</ItemName>
      <ManufactureName>מרס ריגלי ישראל בעמ</ManufactureName>
      <ManufactureCountry />
      <ManufactureItemDescription />
      <UnitQty>יח`</UnitQty>
      <Quantity>1</Quantity>
      <UnitMeasure />
      <BisWeighted>0</BisWeighted>
      <QtyInPackage>1</QtyInPackage>
      <ItemPrice>10.90</ItemPrice>
      <UnitOfMeasurePrice>10.90</UnitOfMeasurePrice>
      <AllowDiscount>1</AllowDiscount>
      <itemStatus>1</itemStatus>
      <LastUpdateDate />
      <LastUpdateTime />
    </Product>
    <Product>
      <PriceUpdateDate>2018/04/24 12:32</PriceUpdateDate>
      <ItemCode>4009900509770</ItemCode>
      <ItemType>1</ItemType>
      <ItemName>אורביט באריזת בקבוק 60 יח בטעם תות</ItemName>
      <ManufactureName>מרס ריגלי ישראל בעמ</ManufactureName>
      <ManufactureCountry />
      <ManufactureItemDescription />
      <UnitQty>יח`</UnitQty>
      <Quantity>1</Quantity>
      <UnitMeasure />
      <BisWeighted>0</BisWeighted>
      <QtyInPackage>1</QtyInPackage>
      <ItemPrice>13</ItemPrice>
      <UnitOfMeasurePrice>13</UnitOfMeasurePrice>
      <AllowDiscount>0</AllowDiscount>
      <itemStatus>1</itemStatus>
      <LastUpdateDate />
      <LastUpdateTime />
    </Product>
    <Product>
      <PriceUpdateDate>2018/04/24 13:07</PriceUpdateDate>
      <ItemCode>4009900509992</ItemCode>
      <ItemType>1</ItemType>
      <ItemName>בקבוקון איירוויבז מנטה חזקה אקליפטוס.</ItemName>
      <ManufactureName>מרס ריגלי ישראל בעמ</ManufactureName>
      <ManufactureCountry />
      <ManufactureItemDescription />
      <UnitQty>יח`</UnitQty>
      <Quantity>1</Quantity>
      <UnitMeasure />
      <BisWeighted>0</BisWeighted>
      <QtyInPackage>1</QtyInPackage>
      <ItemPrice>10</ItemPrice>
      <UnitOfMeasurePrice>10</UnitOfMeasurePrice>
      <AllowDiscount>0</AllowDiscount>
      <itemStatus>1</itemStatus>
      <LastUpdateDate />
      <LastUpdateTime />
    </Product>
    <Product>
      <PriceUpdateDate>2019/01/07 10:57</PriceUpdateDate>
      <ItemCode>4009900512350</ItemCode>
      <ItemType>1</ItemType>
      <ItemName>מסטיק בטעם אבטיח בוקס פייב (69 גרם)</ItemName>
      <ManufactureName>מרס ריגלי ישראל בעמ</ManufactureName>
      <ManufactureCountry />
      <ManufactureItemDescription />
      <UnitQty>יח`</UnitQty>
      <Quantity>1</Quantity>
      <UnitMeasure />
      <BisWeighted>0</BisWeighted>
      <QtyInPackage>1</QtyInPackage>
      <ItemPrice>10.90</ItemPrice>
      <UnitOfMeasurePrice>10.90</UnitOfMeasurePrice>
      <AllowDiscount>1</AllowDiscount>
      <itemStatus>1</itemStatus>
      <LastUpdateDate />
      <LastUpdateTime />
    </Product>
    <Product>
      <PriceUpdateDate>2018/11/18 13:08</PriceUpdateDate>
      <ItemCode>4009900521611</ItemCode>
      <ItemType>1</ItemType>
      <ItemName>אורביט סוכריות מינטס מנטה בבקבוקון</ItemName>
      <ManufactureName>מרס ריגלי ישראל בעמ</ManufactureName>
      <ManufactureCountry />
      <ManufactureItemDescription />
      <UnitQty>יח`</UnitQty>
      <Quantity>0</Quantity>
      <UnitMeasure>100 גרם</UnitMeasure>
      <BisWeighted>0</BisWeighted>
      <QtyInPackage>1</QtyInPackage>
      <ItemPrice>10</ItemPrice>
      <UnitOfMeasurePrice>10</UnitOfMeasurePrice>
      <AllowDiscount>0</AllowDiscount>
      <itemStatus>1</itemStatus>
      <LastUpdateDate />
      <LastUpdateTime />
    </Product>
    <Product>
      <PriceUpdateDate>2019/01/07 10:57</PriceUpdateDate>
      <ItemCode>4009900523288</ItemCode>
      <ItemType>1</ItemType>
      <ItemName>מסטיק בטעם תות בוקס פייב (69 גרם)</ItemName>
      <ManufactureName>מרס ריגלי ישראל בעמ</ManufactureName>
      <ManufactureCountry />
      <ManufactureItemDescription />
      <UnitQty>יח`</UnitQty>
      <Quantity>1</Quantity>
      <UnitMeasure />
      <BisWeighted>0</BisWeighted>
      <QtyInPackage>1</QtyInPackage>
      <ItemPrice>10.90</ItemPrice>
      <UnitOfMeasurePrice>10.90</UnitOfMeasurePrice>
      <AllowDiscount>1</AllowDiscount>
      <itemStatus>1</itemStatus>
      <LastUpdateDate />
      <LastUpdateTime />
    </Product>
    <Product>
      <PriceUpdateDate>2019/12/18 17:11</PriceUpdateDate>
      <ItemCode>4009900525138</ItemCode>
      <ItemType>1</ItemType>
      <ItemName>מסטיק אורביט וויט תות 64 גר`</ItemName>
      <ManufactureName>מרס ריגלי ישראל בעמ</ManufactureName>
      <ManufactureCountry />
      <ManufactureItemDescription />
      <UnitQty>יח`</UnitQty>
      <Quantity>1</Quantity>
      <UnitMeasure />
      <BisWeighted>0</BisWeighted>
      <QtyInPackage>1</QtyInPackage>
      <ItemPrice>10.90</ItemPrice>
      <UnitOfMeasurePrice>10.90</UnitOfMeasurePrice>
      <AllowDiscount>1</AllowDiscount>
      <itemStatus>1</itemStatus>
      <LastUpdateDate />
      <LastUpdateTime />
    </Product>
    <Product>
      <PriceUpdateDate>2019/01/17 08:00</PriceUpdateDate>
      <ItemCode>4009900531122</ItemCode>
      <ItemType>1</ItemType>
      <ItemName>מסטיק אורביט בקבוקון פרופשיונל ספירמינט</ItemName>
      <ManufactureName>מרס ריגלי ישראל בעמ</ManufactureName>
      <ManufactureCountry />
      <ManufactureItemDescription />
      <UnitQty>יח`</UnitQty>
      <Quantity>1</Quantity>
      <UnitMeasure />
      <BisWeighted>0</BisWeighted>
      <QtyInPackage>1</QtyInPackage>
      <ItemPrice>10.90</ItemPrice>
      <UnitOfMeasurePrice>10.90</UnitOfMeasurePrice>
      <AllowDiscount>1</AllowDiscount>
      <itemStatus>1</itemStatus>
      <LastUpdateDate />
      <LastUpdateTime />
    </Product>
    <Product>
      <PriceUpdateDate>2019/04/08 19:10</PriceUpdateDate>
      <ItemCode>4009900531573</ItemCode>
      <ItemType>1</ItemType>
      <ItemName>סוכריות סמודיס סקיטלס (174 גרם)</ItemName>
      <ManufactureName>מרס ריגלי ישראל בעמ</ManufactureName>
      <ManufactureCountry />
      <ManufactureItemDescription />
      <UnitQty>יח`</UnitQty>
      <Quantity>1.74</Quantity>
      <UnitMeasure>100 גרם</UnitMeasure>
      <BisWeighted>0</BisWeighted>
      <QtyInPackage>1</QtyInPackage>
      <ItemPrice>8.90</ItemPrice>
      <UnitOfMeasurePrice>5.11</UnitOfMeasurePrice>
      <AllowDiscount>0</AllowDiscount>
      <itemStatus>1</itemStatus>
      <LastUpdateDate />
      <LastUpdateTime />
    </Product>
    <Product>
      <PriceUpdateDate>2019/04/08 19:10</PriceUpdateDate>
      <ItemCode>4009900532327</ItemCode>
      <ItemType>1</ItemType>
      <ItemName>סוכריות סמודיס סקיטלס (38 גרם)</ItemName>
      <ManufactureName>מרס ריגלי ישראל בעמ</ManufactureName>
      <ManufactureCountry />
      <ManufactureItemDescription />
      <UnitQty>יח`</UnitQty>
      <Quantity>1</Quantity>
      <UnitMeasure />
      <BisWeighted>0</BisWeighted>
      <QtyInPackage>1</QtyInPackage>
      <ItemPrice>3</ItemPrice>
      <UnitOfMeasurePrice>3</UnitOfMeasurePrice>
      <AllowDiscount>0</AllowDiscount>
      <itemStatus>1</itemStatus>
      <LastUpdateDate />
      <LastUpdateTime />
    </Product>
    <Product>
      <PriceUpdateDate>2018/07/08 11:12</PriceUpdateDate>
      <ItemCode>4011100001220</ItemCode>
      <ItemType>1</ItemType>
      <ItemName>מרס חטיף שוקולד עם קרמל מארז 403 גרם</ItemName>
      <ManufactureName>מרס ריגלי ישראל בעמ</ManufactureName>
      <ManufactureCountry />
      <ManufactureItemDescription />
      <UnitQty>יח`</UnitQty>
      <Quantity>4</Quantity>
      <UnitMeasure>100 גרם</UnitMeasure>
      <BisWeighted>0</BisWeighted>
      <QtyInPackage>1</QtyInPackage>
      <ItemPrice>19.90</ItemPrice>
      <UnitOfMeasurePrice>4.98</UnitOfMeasurePrice>
      <AllowDiscount>0</AllowDiscount>
      <itemStatus>1</itemStatus>
      <LastUpdateDate />
      <LastUpdateTime />
    </Product>
    <Product>
      <PriceUpdateDate>2018/07/08 11:12</PriceUpdateDate>
      <ItemCode>4011100002227</ItemCode>
      <ItemType>1</ItemType>
      <ItemName>באונטי חטיף שוקולד קוקוס מארז 403 גרם</ItemName>
      <ManufactureName>מרס ריגלי ישראל בעמ</ManufactureName>
      <ManufactureCountry />
      <ManufactureItemDescription />
      <UnitQty>יח`</UnitQty>
      <Quantity>4.03</Quantity>
      <UnitMeasure>100 גרם</UnitMeasure>
      <BisWeighted>0</BisWeighted>
      <QtyInPackage>1</QtyInPackage>
      <ItemPrice>19.90</ItemPrice>
      <UnitOfMeasurePrice>4.94</UnitOfMeasurePrice>
      <AllowDiscount>0</AllowDiscount>
      <itemStatus>1</itemStatus>
      <LastUpdateDate />
      <LastUpdateTime />
    </Product>
    <Product>
      <PriceUpdateDate>2018/04/24 11:51</PriceUpdateDate>
      <ItemCode>4011800628512</ItemCode>
      <ItemType>1</ItemType>
      <ItemName>חטיף קורני שישייה שוקולדה</ItemName>
      <ManufactureName>דנשר (1963) בעמ</ManufactureName>
      <ManufactureCountry />
      <ManufactureItemDescription />
      <UnitQty>יח`</UnitQty>
      <Quantity>1.50</Quantity>
      <UnitMeasure>100 גרם</UnitMeasure>
      <BisWeighted>0</BisWeighted>
      <QtyInPackage>1</QtyInPackage>
      <ItemPrice>11.90</ItemPrice>
      <UnitOfMeasurePrice>7.93</UnitOfMeasurePrice>
      <AllowDiscount>1</AllowDiscount>
      <itemStatus>1</itemStatus>
      <LastUpdateDate />
      <LastUpdateTime />
    </Product>
    <Product>
      <PriceUpdateDate>2018/04/24 11:51</PriceUpdateDate>
      <ItemCode>4011800629519</ItemCode>
      <ItemType>1</ItemType>
      <ItemName>חטיף קורני שישייה אוגזים</ItemName>
      <ManufactureName>דנשר (1963) בעמ</ManufactureName>
      <ManufactureCountry />
      <ManufactureItemDescription />
      <UnitQty>יח`</UnitQty>
      <Quantity>1.50</Quantity>
      <UnitMeasure>100 גרם</UnitMeasure>
      <BisWeighted>0</BisWeighted>
      <QtyInPackage>1</QtyInPackage>
      <ItemPrice>11.90</ItemPrice>
      <UnitOfMeasurePrice>7.93</UnitOfMeasurePrice>
      <AllowDiscount>1</AllowDiscount>
      <itemStatus>1</itemStatus>
      <LastUpdateDate />
      <LastUpdateTime />
    </Product>
    <Product>
      <PriceUpdateDate>2018/04/24 11:51</PriceUpdateDate>
      <ItemCode>4011800630515</ItemCode>
      <ItemType>1</ItemType>
      <ItemName>חטיף קורני שישייה שוקולד חלבי ובננה</ItemName>
      <ManufactureName>דנשר (1963) בעמ</ManufactureName>
      <ManufactureCountry />
      <ManufactureItemDescription />
      <UnitQty>יח`</UnitQty>
      <Quantity>1.50</Quantity>
      <UnitMeasure>100 גרם</UnitMeasure>
      <BisWeighted>0</BisWeighted>
      <QtyInPackage>1</QtyInPackage>
      <ItemPrice>11.90</ItemPrice>
      <UnitOfMeasurePrice>7.93</UnitOfMeasurePrice>
      <AllowDiscount>1</AllowDiscount>
      <itemStatus>1</itemStatus>
      <LastUpdateDate />
      <LastUpdateTime />
    </Product>
    <Product>
      <PriceUpdateDate>2018/04/24 11:51</PriceUpdateDate>
      <ItemCode>4011800632519</ItemCode>
      <ItemType>1</ItemType>
      <ItemName>חטיף קורני שישייה שוקולד חלבי וקוקוס</ItemName>
      <ManufactureName>דנשר (1963) בעמ</ManufactureName>
      <ManufactureCountry />
      <ManufactureItemDescription />
      <UnitQty>יח`</UnitQty>
      <Quantity>1.50</Quantity>
      <UnitMeasure>100 גרם</UnitMeasure>
      <BisWeighted>0</BisWeighted>
      <QtyInPackage>1</QtyInPackage>
      <ItemPrice>11.90</ItemPrice>
      <UnitOfMeasurePrice>7.93</UnitOfMeasurePrice>
      <AllowDiscount>1</AllowDiscount>
      <itemStatus>1</itemStatus>
      <LastUpdateDate />
      <LastUpdateTime />
    </Product>
    <Product>
      <PriceUpdateDate>2018/04/24 11:51</PriceUpdateDate>
      <ItemCode>4011800633516</ItemCode>
      <ItemType>1</ItemType>
      <ItemName>חטיף קורני שישייה שוקולד מריר</ItemName>
      <ManufactureName>דנשר (1963) בעמ</ManufactureName>
      <ManufactureCountry />
      <ManufactureItemDescription />
      <UnitQty>יח`</UnitQty>
      <Quantity>1.50</Quantity>
      <UnitMeasure>100 גרם</UnitMeasure>
      <BisWeighted>0</BisWeighted>
      <QtyInPackage>1</QtyInPackage>
      <ItemPrice>11.90</ItemPrice>
      <UnitOfMeasurePrice>7.93</UnitOfMeasurePrice>
      <AllowDiscount>1</AllowDiscount>
      <itemStatus>1</itemStatus>
      <LastUpdateDate />
      <LastUpdateTime />
    </Product>
    <Product>
      <PriceUpdateDate>2018/04/24 11:51</PriceUpdateDate>
      <ItemCode>4011800637514</ItemCode>
      <ItemType>1</ItemType>
      <ItemName>חטיף קורני שישייה שוקולד לבן</ItemName>
      <ManufactureName>דנשר (1963) בעמ</ManufactureName>
      <ManufactureCountry />
      <ManufactureItemDescription />
      <UnitQty>יח`</UnitQty>
      <Quantity>1.50</Quantity>
      <UnitMeasure>100 גרם</UnitMeasure>
      <BisWeighted>0</BisWeighted>
      <QtyInPackage>1</QtyInPackage>
      <ItemPrice>11.90</ItemPrice>
      <UnitOfMeasurePrice>7.93</UnitOfMeasurePrice>
      <AllowDiscount>1</AllowDiscount>
      <itemStatus>1</itemStatus>
      <LastUpdateDate />
      <LastUpdateTime />
    </Product>
    <Product>
      <PriceUpdateDate>2018/04/24 11:31</PriceUpdateDate>
      <ItemCode>4014400900217</ItemCode>
      <ItemType>1</ItemType>
      <ItemName>מרסי 400 גר`</ItemName>
      <ManufactureName>ליימן שליסל בעמ</ManufactureName>
      <ManufactureCountry />
      <ManufactureItemDescription />
      <UnitQty>יח`</UnitQty>
      <Quantity>4</Quantity>
      <UnitMeasure>100 גרם</UnitMeasure>
      <BisWeighted>0</BisWeighted>
      <QtyInPackage>1</QtyInPackage>
      <ItemPrice>50.90</ItemPrice>
      <UnitOfMeasurePrice>12.73</UnitOfMeasurePrice>
      <AllowDiscount>0</AllowDiscount>
      <itemStatus>1</itemStatus>
      <LastUpdateDate />
      <LastUpdateTime />
    </Product>
    <Product>
      <PriceUpdateDate>2018/04/24 09:25</PriceUpdateDate>
      <ItemCode>4014400903409</ItemCode>
      <ItemType>1</ItemType>
      <ItemName>טופיפי 250 גר`</ItemName>
      <ManufactureName>ליימן שליסל בעמ</ManufactureName>
      <ManufactureCountry />
      <ManufactureItemDescription />
      <UnitQty>יח`</UnitQty>
      <Quantity>2.50</Quantity>
      <UnitMeasure>100 גרם</UnitMeasure>
      <BisWeighted>0</BisWeighted>
      <QtyInPackage>1</QtyInPackage>
      <ItemPrice>24.90</ItemPrice>
      <UnitOfMeasurePrice>9.96</UnitOfMeasurePrice>
      <AllowDiscount>0</AllowDiscount>
      <itemStatus>1</itemStatus>
      <LastUpdateDate />
      <LastUpdateTime />
    </Product>
    <Product>
      <PriceUpdateDate>2019/07/02 10:20</PriceUpdateDate>
      <ItemCode>4014400910063</ItemCode>
      <ItemType>1</ItemType>
      <ItemName>סוכריות חמאה וורטרס אורגינל (135 גרם)</ItemName>
      <ManufactureName>ליימן שליסל בעמ</ManufactureName>
      <ManufactureCountry />
      <ManufactureItemDescription />
      <UnitQty>יח`</UnitQty>
      <Quantity>1.35</Quantity>
      <UnitMeasure>100 גרם</UnitMeasure>
      <BisWeighted>0</BisWeighted>
      <QtyInPackage>1</QtyInPackage>
      <ItemPrice>8.90</ItemPrice>
      <UnitOfMeasurePrice>6.59</UnitOfMeasurePrice>
      <AllowDiscount>0</AllowDiscount>
      <itemStatus>1</itemStatus>
      <LastUpdateDate />
      <LastUpdateTime />
    </Product>
    <Product>
      <PriceUpdateDate>2019/07/02 10:20</PriceUpdateDate>
      <ItemCode>4014400914696</ItemCode>
      <ItemType>1</ItemType>
      <ItemName>וורטר שקית חמאה ללא סוכר 80 גר`</ItemName>
      <ManufactureName>ליימן שליסל בעמ</ManufactureName>
      <ManufactureCountry />
      <ManufactureItemDescription />
      <UnitQty>יח`</UnitQty>
      <Quantity>0.80</Quantity>
      <UnitMeasure>100 גרם</UnitMeasure>
      <BisWeighted>0</BisWeighted>
      <QtyInPackage>1</QtyInPackage>
      <ItemPrice>8.90</ItemPrice>
      <UnitOfMeasurePrice>11.13</UnitOfMeasurePrice>
      <AllowDiscount>0</AllowDiscount>
      <itemStatus>1</itemStatus>
      <LastUpdateDate />
      <LastUpdateTime />
    </Product>
    <Product>
      <PriceUpdateDate>2018/08/05 11:28</PriceUpdateDate>
      <ItemCode>4014400923711</ItemCode>
      <ItemType>1</ItemType>
      <ItemName>חטיפי שוקולד טופיפי (125 גרם)</ItemName>
      <ManufactureName>ליימן שליסל בעמ</ManufactureName>
      <ManufactureCountry />
      <ManufactureItemDescription />
      <UnitQty>יח`</UnitQty>
      <Quantity>1.25</Quantity>
      <UnitMeasure>100 גרם</UnitMeasure>
      <BisWeighted>0</BisWeighted>
      <QtyInPackage>1</QtyInPackage>
      <ItemPrice>12.90</ItemPrice>
      <UnitOfMeasurePrice>10.32</UnitOfMeasurePrice>
      <AllowDiscount>0</AllowDiscount>
      <itemStatus>1</itemStatus>
      <LastUpdateDate />
      <LastUpdateTime />
    </Product>
    <Product>
      <PriceUpdateDate>2018/04/24 09:39</PriceUpdateDate>
      <ItemCode>4015000031394</ItemCode>
      <ItemType>1</ItemType>
      <ItemName>ספטיל 200 מל מסיר כתמים</ItemName>
      <ManufactureName>גורי שיווק בעמ</ManufactureName>
      <ManufactureCountry />
      <ManufactureItemDescription />
      <UnitQty>יח`</UnitQty>
      <Quantity>2</Quantity>
      <UnitMeasure>100 גרם</UnitMeasure>
      <BisWeighted>0</BisWeighted>
      <QtyInPackage>1</QtyInPackage>
      <ItemPrice>15.90</ItemPrice>
      <UnitOfMeasurePrice>7.95</UnitOfMeasurePrice>
      <AllowDiscount>0</AllowDiscount>
      <itemStatus>1</itemStatus>
      <LastUpdateDate />
      <LastUpdateTime />
    </Product>
    <Product>
      <PriceUpdateDate>2018/04/24 09:43</PriceUpdateDate>
      <ItemCode>4015400269762</ItemCode>
      <ItemType>1</ItemType>
      <ItemName>טמפונים פרל רגולר טמפקס) (20</ItemName>
      <ManufactureName>דיפלומט מפיצים (1968) בעמ</ManufactureName>
      <ManufactureCountry />
      <ManufactureItemDescription />
      <UnitQty>יח`</UnitQty>
      <Quantity>1</Quantity>
      <UnitMeasure />
      <BisWeighted>0</BisWeighted>
      <QtyInPackage>1</QtyInPackage>
      <ItemPrice>29.90</ItemPrice>
      <UnitOfMeasurePrice>29.90</UnitOfMeasurePrice>
      <AllowDiscount>0</AllowDiscount>
      <itemStatus>1</itemStatus>
      <LastUpdateDate />
      <LastUpdateTime />
    </Product>
    <Product>
      <PriceUpdateDate>2018/08/05 11:28</PriceUpdateDate>
      <ItemCode>4015400564034</ItemCode>
      <ItemType>1</ItemType>
      <ItemName>מגן תחתון אולווייז מגה פק לונג פלוס 58 י</ItemName>
      <ManufactureName>דיפלומט מפיצים (1968) בעמ</ManufactureName>
      <ManufactureCountry />
      <ManufactureItemDescription />
      <UnitQty>יח`</UnitQty>
      <Quantity>1</Quantity>
      <UnitMeasure />
      <BisWeighted>0</BisWeighted>
      <QtyInPackage>1</QtyInPackage>
      <ItemPrice>26.90</ItemPrice>
      <UnitOfMeasurePrice>26.90</UnitOfMeasurePrice>
      <AllowDiscount>1</AllowDiscount>
      <itemStatus>1</itemStatus>
      <LastUpdateDate />
      <LastUpdateTime />
    </Product>
    <Product>
      <PriceUpdateDate>2018/04/24 11:39</PriceUpdateDate>
      <ItemCode>4015400598329</ItemCode>
      <ItemType>1</ItemType>
      <ItemName>אולוויז קוואטרו נורמל פלוס 56 יח`</ItemName>
      <ManufactureName>דיפלומט מפיצים (1968) בעמ</ManufactureName>
      <ManufactureCountry />
      <ManufactureItemDescription />
      <UnitQty>יח`</UnitQty>
      <Quantity>1</Quantity>
      <UnitMeasure />
      <BisWeighted>0</BisWeighted>
      <QtyInPackage>1</QtyInPackage>
      <ItemPrice>39.90</ItemPrice>
      <UnitOfMeasurePrice>39.90</UnitOfMeasurePrice>
      <AllowDiscount>0</AllowDiscount>
      <itemStatus>1</itemStatus>
      <LastUpdateDate />
      <LastUpdateTime />
    </Product>
    <Product>
      <PriceUpdateDate>2018/04/24 11:39</PriceUpdateDate>
      <ItemCode>4015400598381</ItemCode>
      <ItemType>1</ItemType>
      <ItemName>אולוויז קוואטרו לונג פלוס 48 יח`</ItemName>
      <ManufactureName>דיפלומט מפיצים (1968) בעמ</ManufactureName>
      <ManufactureCountry />
      <ManufactureItemDescription />
      <UnitQty>יח`</UnitQty>
      <Quantity>1</Quantity>
      <UnitMeasure />
      <BisWeighted>0</BisWeighted>
      <QtyInPackage>1</QtyInPackage>
      <ItemPrice>39.90</ItemPrice>
      <UnitOfMeasurePrice>39.90</UnitOfMeasurePrice>
      <AllowDiscount>0</AllowDiscount>
      <itemStatus>1</itemStatus>
      <LastUpdateDate />
      <LastUpdateTime />
    </Product>
    <Product>
      <PriceUpdateDate>2019/04/08 19:30</PriceUpdateDate>
      <ItemCode>4015400681670</ItemCode>
      <ItemType>1</ItemType>
      <ItemName>תחבושות לילה בטוח אולווייז (18)</ItemName>
      <ManufactureName>דיפלומט מפיצים (1968) בעמ</ManufactureName>
      <ManufactureCountry />
      <ManufactureItemDescription />
      <UnitQty>יח`</UnitQty>
      <Quantity>1</Quantity>
      <UnitMeasure />
      <BisWeighted>0</BisWeighted>
      <QtyInPackage>1</QtyInPackage>
      <ItemPrice>19.90</ItemPrice>
      <UnitOfMeasurePrice>19.90</UnitOfMeasurePrice>
      <AllowDiscount>1</AllowDiscount>
      <itemStatus>1</itemStatus>
      <LastUpdateDate />
      <LastUpdateTime />
    </Product>
    <Product>
      <PriceUpdateDate>2018/04/24 13:24</PriceUpdateDate>
      <ItemCode>4015400690405</ItemCode>
      <ItemType>1</ItemType>
      <ItemName>טמפקס קומפאק פרל סופר 18 יח</ItemName>
      <ManufactureName>דיפלומט מפיצים (1968) בעמ</ManufactureName>
      <ManufactureCountry />
      <ManufactureItemDescription />
      <UnitQty>יח`</UnitQty>
      <Quantity>1</Quantity>
      <UnitMeasure />
      <BisWeighted>0</BisWeighted>
      <QtyInPackage>1</QtyInPackage>
      <ItemPrice>21.90</ItemPrice>
      <UnitOfMeasurePrice>21.90</UnitOfMeasurePrice>
      <AllowDiscount>1</AllowDiscount>
      <itemStatus>1</itemStatus>
      <LastUpdateDate />
      <LastUpdateTime />
    </Product>
    <Product>
      <PriceUpdateDate>2019/04/08 19:30</PriceUpdateDate>
      <ItemCode>4015400731719</ItemCode>
      <ItemType>1</ItemType>
      <ItemName>תחבושות לילה וליו פק אולווייז (20)</ItemName>
      <ManufactureName>דיפלומט מפיצים (1968) בעמ</ManufactureName>
      <ManufactureCountry />
      <ManufactureItemDescription />
      <UnitQty>יח`</UnitQty>
      <Quantity>1</Quantity>
      <UnitMeasure />
      <BisWeighted>0</BisWeighted>
      <QtyInPackage>1</QtyInPackage>
      <ItemPrice>19.90</ItemPrice>
      <UnitOfMeasurePrice>19.90</UnitOfMeasurePrice>
      <AllowDiscount>1</AllowDiscount>
      <itemStatus>1</itemStatus>
      <LastUpdateDate />
      <LastUpdateTime />
    </Product>
    <Product>
      <PriceUpdateDate>2019/04/08 19:30</PriceUpdateDate>
      <ItemCode>4015400746812</ItemCode>
      <ItemType>1</ItemType>
      <ItemName>מגן תחתון אולווייז מגה פק נורמל 80 יח`</ItemName>
      <ManufactureName>דיפלומט מפיצים (1968) בעמ</ManufactureName>
      <ManufactureCountry />
      <ManufactureItemDescription />
      <UnitQty>יח`</UnitQty>
      <Quantity>1</Quantity>
      <UnitMeasure />
      <BisWeighted>0</BisWeighted>
      <QtyInPackage>1</QtyInPackage>
      <ItemPrice>26.90</ItemPrice>
      <UnitOfMeasurePrice>26.90</UnitOfMeasurePrice>
      <AllowDiscount>1</AllowDiscount>
      <itemStatus>1</itemStatus>
      <LastUpdateDate />
      <LastUpdateTime />
    </Product>
    <Product>
      <PriceUpdateDate>2019/04/08 19:30</PriceUpdateDate>
      <ItemCode>4015400755487</ItemCode>
      <ItemType>1</ItemType>
      <ItemName>תחבושות אולטרה לונג פלוס אולווייז (24)</ItemName>
      <ManufactureName>דיפלומט מפיצים (1968) בעמ</ManufactureName>
      <ManufactureCountry />
      <ManufactureItemDescription />
      <UnitQty>יח`</UnitQty>
      <Quantity>1</Quantity>
      <UnitMeasure />
      <BisWeighted>0</BisWeighted>
      <QtyInPackage>1</QtyInPackage>
      <ItemPrice>19.90</ItemPrice>
      <UnitOfMeasurePrice>19.90</UnitOfMeasurePrice>
      <AllowDiscount>1</AllowDiscount>
      <itemStatus>1</itemStatus>
      <LastUpdateDate />
      <LastUpdateTime />
    </Product>
    <Product>
      <PriceUpdateDate>2020/03/12 17:57</PriceUpdateDate>
      <ItemCode>4015400990543</ItemCode>
      <ItemType>1</ItemType>
      <ItemName>אבקת כביסה אריאל קולור 8 קג</ItemName>
      <ManufactureName>דיפלומט מפיצים (1968) בעמ</ManufactureName>
      <ManufactureCountry />
      <ManufactureItemDescription />
      <UnitQty>יח`</UnitQty>
      <Quantity>8</Quantity>
      <UnitMeasure>ק"ג</UnitMeasure>
      <BisWeighted>0</BisWeighted>
      <QtyInPackage>1</QtyInPackage>
      <ItemPrice>54.90</ItemPrice>
      <UnitOfMeasurePrice>6.86</UnitOfMeasurePrice>
      <AllowDiscount>0</AllowDiscount>
      <itemStatus>1</itemStatus>
      <LastUpdateDate />
      <LastUpdateTime />
    </Product>
    <Product>
      <PriceUpdateDate>2020/02/16 07:48</PriceUpdateDate>
      <ItemCode>4015600762742</ItemCode>
      <ItemType>1</ItemType>
      <ItemName>הד אנד שולדרס שמפו 500 מל כחול</ItemName>
      <ManufactureName>דיפלומט מפיצים (1968) בעמ</ManufactureName>
      <ManufactureCountry />
      <ManufactureItemDescription />
      <UnitQty>יח`</UnitQty>
      <Quantity>5</Quantity>
      <UnitMeasure>100 מ"ל</UnitMeasure>
      <BisWeighted>0</BisWeighted>
      <QtyInPackage>1</QtyInPackage>
      <ItemPrice>20.90</ItemPrice>
      <UnitOfMeasurePrice>4.18</UnitOfMeasurePrice>
      <AllowDiscount>1</AllowDiscount>
      <itemStatus>1</itemStatus>
      <LastUpdateDate />
      <LastUpdateTime />
    </Product>
    <Product>
      <PriceUpdateDate>2020/02/16 07:48</PriceUpdateDate>
      <ItemCode>4015600762780</ItemCode>
      <ItemType>1</ItemType>
      <ItemName>הד אנד שולדרס שמפו 500 מל</ItemName>
      <ManufactureName>דיפלומט מפיצים (1968) בעמ</ManufactureName>
      <ManufactureCountry />
      <ManufactureItemDescription />
      <UnitQty>יח`</UnitQty>
      <Quantity>5</Quantity>
      <UnitMeasure>100 מ"ל</UnitMeasure>
      <BisWeighted>0</BisWeighted>
      <QtyInPackage>1</QtyInPackage>
      <ItemPrice>20.90</ItemPrice>
      <UnitOfMeasurePrice>4.18</UnitOfMeasurePrice>
      <AllowDiscount>1</AllowDiscount>
      <itemStatus>1</itemStatus>
      <LastUpdateDate />
      <LastUpdateTime />
    </Product>
    <Product>
      <PriceUpdateDate>2020/02/16 07:48</PriceUpdateDate>
      <ItemCode>4015600762902</ItemCode>
      <ItemType>1</ItemType>
      <ItemName>הד אנד שולדרס שמפו 500 מל נענע</ItemName>
      <ManufactureName>דיפלומט מפיצים (1968) בעמ</ManufactureName>
      <ManufactureCountry />
      <ManufactureItemDescription />
      <UnitQty>יח`</UnitQty>
      <Quantity>5</Quantity>
      <UnitMeasure>100 מ"ל</UnitMeasure>
      <BisWeighted>0</BisWeighted>
      <QtyInPackage>1</QtyInPackage>
      <ItemPrice>20.90</ItemPrice>
      <UnitOfMeasurePrice>4.18</UnitOfMeasurePrice>
      <AllowDiscount>1</AllowDiscount>
      <itemStatus>1</itemStatus>
      <LastUpdateDate />
      <LastUpdateTime />
    </Product>
    <Product>
      <PriceUpdateDate>2019/03/10 16:52</PriceUpdateDate>
      <ItemCode>4015600807436</ItemCode>
      <ItemType>1</ItemType>
      <ItemName>דאודורנט פאוור בידס 75 מל לגבר</ItemName>
      <ManufactureName>דיפלומט מפיצים (1968) בעמ</ManufactureName>
      <ManufactureCountry />
      <ManufactureItemDescription />
      <UnitQty>יח`</UnitQty>
      <Quantity>0.75</Quantity>
      <UnitMeasure>100 מ"ל</UnitMeasure>
      <BisWeighted>0</BisWeighted>
      <QtyInPackage>1</QtyInPackage>
      <ItemPrice>26.90</ItemPrice>
      <UnitOfMeasurePrice>35.87</UnitOfMeasurePrice>
      <AllowDiscount>0</AllowDiscount>
      <itemStatus>1</itemStatus>
      <LastUpdateDate />
      <LastUpdateTime />
    </Product>
    <Product>
      <PriceUpdateDate>2019/03/10 16:52</PriceUpdateDate>
      <ItemCode>4015600807573</ItemCode>
      <ItemType>1</ItemType>
      <ItemName>דאודורנט פאוור בידס 75 מל לגבר</ItemName>
      <ManufactureName>דיפלומט מפיצים (1968) בעמ</ManufactureName>
      <ManufactureCountry />
      <ManufactureItemDescription />
      <UnitQty>יח`</UnitQty>
      <Quantity>0.75</Quantity>
      <UnitMeasure>100 מ"ל</UnitMeasure>
      <BisWeighted>0</BisWeighted>
      <QtyInPackage>1</QtyInPackage>
      <ItemPrice>26.90</ItemPrice>
      <UnitOfMeasurePrice>35.87</UnitOfMeasurePrice>
      <AllowDiscount>0</AllowDiscount>
      <itemStatus>1</itemStatus>
      <LastUpdateDate />
      <LastUpdateTime />
    </Product>
    <Product>
      <PriceUpdateDate>2020/02/16 13:29</PriceUpdateDate>
      <ItemCode>4017100160110</ItemCode>
      <ItemType>1</ItemType>
      <ItemName>גלילי וופל במילוי קרם שוקולוד 75  גר`בלז</ItemName>
      <ManufactureName>ליימן שליסל בעמ</ManufactureName>
      <ManufactureCountry />
      <ManufactureItemDescription />
      <UnitQty>יח`</UnitQty>
      <Quantity>0.75</Quantity>
      <UnitMeasure>100 גרם</UnitMeasure>
      <BisWeighted>0</BisWeighted>
      <QtyInPackage>1</QtyInPackage>
      <ItemPrice>9.90</ItemPrice>
      <UnitOfMeasurePrice>13.20</UnitOfMeasurePrice>
      <AllowDiscount>0</AllowDiscount>
      <itemStatus>1</itemStatus>
      <LastUpdateDate />
      <LastUpdateTime />
    </Product>
    <Product>
      <PriceUpdateDate>2018/04/24 12:25</PriceUpdateDate>
      <ItemCode>4017100198151</ItemCode>
      <ItemType>1</ItemType>
      <ItemName>היט עוגיות וניל באלזן (220 גרם)</ItemName>
      <ManufactureName>ליימן שליסל בעמ</ManufactureName>
      <ManufactureCountry />
      <ManufactureItemDescription />
      <UnitQty>יח`</UnitQty>
      <Quantity>2.20</Quantity>
      <UnitMeasure>100 גרם</UnitMeasure>
      <BisWeighted>0</BisWeighted>
      <QtyInPackage>1</QtyInPackage>
      <ItemPrice>9.90</ItemPrice>
      <UnitOfMeasurePrice>4.50</UnitOfMeasurePrice>
      <AllowDiscount>1</AllowDiscount>
      <itemStatus>1</itemStatus>
      <LastUpdateDate />
      <LastUpdateTime />
    </Product>
    <Product>
      <PriceUpdateDate>2018/04/24 09:37</PriceUpdateDate>
      <ItemCode>4017100219900</ItemCode>
      <ItemType>1</ItemType>
      <ItemName>גליליות וופל חלב וופלטן (100 גרם)</ItemName>
      <ManufactureName>ליימן שליסל בעמ</ManufactureName>
      <ManufactureCountry />
      <ManufactureItemDescription />
      <UnitQty>יח`</UnitQty>
      <Quantity>1</Quantity>
      <UnitMeasure>100 גרם</UnitMeasure>
      <BisWeighted>0</BisWeighted>
      <QtyInPackage>1</QtyInPackage>
      <ItemPrice>12.90</ItemPrice>
      <UnitOfMeasurePrice>12.90</UnitOfMeasurePrice>
      <AllowDiscount>0</AllowDiscount>
      <itemStatus>1</itemStatus>
      <LastUpdateDate />
      <LastUpdateTime />
    </Product>
    <Product>
      <PriceUpdateDate>2019/01/07 10:57</PriceUpdateDate>
      <ItemCode>4017100364112</ItemCode>
      <ItemType>1</ItemType>
      <ItemName>היט עוגיות סנדוויץ` שוקו באלזן (220 גרם)</ItemName>
      <ManufactureName>ליימן שליסל בעמ</ManufactureName>
      <ManufactureCountry />
      <ManufactureItemDescription />
      <UnitQty>יח`</UnitQty>
      <Quantity>2.20</Quantity>
      <UnitMeasure>100 גרם</UnitMeasure>
      <BisWeighted>0</BisWeighted>
      <QtyInPackage>1</QtyInPackage>
      <ItemPrice>9.90</ItemPrice>
      <UnitOfMeasurePrice>4.50</UnitOfMeasurePrice>
      <AllowDiscount>1</AllowDiscount>
      <itemStatus>1</itemStatus>
      <LastUpdateDate />
      <LastUpdateTime />
    </Product>
    <Product>
      <PriceUpdateDate>2019/08/25 12:08</PriceUpdateDate>
      <ItemCode>4017100366239</ItemCode>
      <ItemType>1</ItemType>
      <ItemName>ליבניץ אנד קרים 190 גר</ItemName>
      <ManufactureName>ליימן שליסל בעמ</ManufactureName>
      <ManufactureCountry />
      <ManufactureItemDescription />
      <UnitQty>יח`</UnitQty>
      <Quantity>1.90</Quantity>
      <UnitMeasure>100 גרם</UnitMeasure>
      <BisWeighted>0</BisWeighted>
      <QtyInPackage>1</QtyInPackage>
      <ItemPrice>12.90</ItemPrice>
      <UnitOfMeasurePrice>6.79</UnitOfMeasurePrice>
      <AllowDiscount>0</AllowDiscount>
      <itemStatus>1</itemStatus>
      <LastUpdateDate />
      <LastUpdateTime />
    </Product>
    <Product>
      <PriceUpdateDate>2018/04/24 11:48</PriceUpdateDate>
      <ItemCode>4017100373114</ItemCode>
      <ItemType>1</ItemType>
      <ItemName>ליבניץ עוגיות מיני שוקו באלזן (100 גרם)</ItemName>
      <ManufactureName>ליימן שליסל בעמ</ManufactureName>
      <ManufactureCountry />
      <ManufactureItemDescription />
      <UnitQty>יח`</UnitQty>
      <Quantity>1</Quantity>
      <UnitMeasure>100 גרם</UnitMeasure>
      <BisWeighted>0</BisWeighted>
      <QtyInPackage>1</QtyInPackage>
      <ItemPrice>7.90</ItemPrice>
      <UnitOfMeasurePrice>7.90</UnitOfMeasurePrice>
      <AllowDiscount>0</AllowDiscount>
      <itemStatus>1</itemStatus>
      <LastUpdateDate />
      <LastUpdateTime />
    </Product>
    <Product>
      <PriceUpdateDate>2018/04/24 13:08</PriceUpdateDate>
      <ItemCode>4022025261002</ItemCode>
      <ItemType>1</ItemType>
      <ItemName>בלו ווין גוורצטאמניר כשר</ItemName>
      <ManufactureName>היכל היין שקד גולן בעמ</ManufactureName>
      <ManufactureCountry />
      <ManufactureItemDescription />
      <UnitQty>יח`</UnitQty>
      <Quantity>7.50</Quantity>
      <UnitMeasure>100 מ"ל</UnitMeasure>
      <BisWeighted>0</BisWeighted>
      <QtyInPackage>1</QtyInPackage>
      <ItemPrice>49.90</ItemPrice>
      <UnitOfMeasurePrice>6.61</UnitOfMeasurePrice>
      <AllowDiscount>1</AllowDiscount>
      <itemStatus>1</itemStatus>
      <LastUpdateDate />
      <LastUpdateTime />
    </Product>
    <Product>
      <PriceUpdateDate>2019/02/04 09:05</PriceUpdateDate>
      <ItemCode>4022025290408</ItemCode>
      <ItemType>1</ItemType>
      <ItemName>בלו ווין רוזה כשר</ItemName>
      <ManufactureName>היכל היין שקד גולן בעמ</ManufactureName>
      <ManufactureCountry />
      <ManufactureItemDescription />
      <UnitQty>יח`</UnitQty>
      <Quantity>7.50</Quantity>
      <UnitMeasure>100 מ"ל</UnitMeasure>
      <BisWeighted>0</BisWeighted>
      <QtyInPackage>1</QtyInPackage>
      <ItemPrice>49.90</ItemPrice>
      <UnitOfMeasurePrice>6.61</UnitOfMeasurePrice>
      <AllowDiscount>1</AllowDiscount>
      <itemStatus>1</itemStatus>
      <LastUpdateDate />
      <LastUpdateTime />
    </Product>
    <Product>
      <PriceUpdateDate>2018/07/05 11:26</PriceUpdateDate>
      <ItemCode>4025700001023</ItemCode>
      <ItemType>1</ItemType>
      <ItemName>שוקולד חלב עם אגוזים מילקה (100 גרם)</ItemName>
      <ManufactureName>דיפלומט היינץ</ManufactureName>
      <ManufactureCountry />
      <ManufactureItemDescription />
      <UnitQty>יח`</UnitQty>
      <Quantity>1</Quantity>
      <UnitMeasure>100 גרם</UnitMeasure>
      <BisWeighted>0</BisWeighted>
      <QtyInPackage>1</QtyInPackage>
      <ItemPrice>5.90</ItemPrice>
      <UnitOfMeasurePrice>5.90</UnitOfMeasurePrice>
      <AllowDiscount>1</AllowDiscount>
      <itemStatus>1</itemStatus>
      <LastUpdateDate />
      <LastUpdateTime />
    </Product>
    <Product>
      <PriceUpdateDate>2018/04/24 10:52</PriceUpdateDate>
      <ItemCode>4028208000284</ItemCode>
      <ItemType>1</ItemType>
      <ItemName>נייר פילטר מס 4</ItemName>
      <ManufactureName>דנשר (1963) בעמ</ManufactureName>
      <ManufactureCountry />
      <ManufactureItemDescription />
      <UnitQty>יח`</UnitQty>
      <Quantity>1</Quantity>
      <UnitMeasure />
      <BisWeighted>0</BisWeighted>
      <QtyInPackage>1</QtyInPackage>
      <ItemPrice>11.90</ItemPrice>
      <UnitOfMeasurePrice>11.90</UnitOfMeasurePrice>
      <AllowDiscount>0</AllowDiscount>
      <itemStatus>1</itemStatus>
      <LastUpdateDate />
      <LastUpdateTime />
    </Product>
    <Product>
      <PriceUpdateDate>2020/05/01 10:49</PriceUpdateDate>
      <ItemCode>4050328191948</ItemCode>
      <ItemType>1</ItemType>
      <ItemName>ענבים שחור מידנייט ארוז</ItemName>
      <ManufactureName>מהדרין תנופורט יצוא ( ש.מ.)</ManufactureName>
      <ManufactureCountry />
      <ManufactureItemDescription />
      <UnitQty>יח`</UnitQty>
      <Quantity>1</Quantity>
      <UnitMeasure />
      <BisWeighted>0</BisWeighted>
      <QtyInPackage>1</QtyInPackage>
      <ItemPrice>12.90</ItemPrice>
      <UnitOfMeasurePrice>12.90</UnitOfMeasurePrice>
      <AllowDiscount>1</AllowDiscount>
      <itemStatus>1</itemStatus>
      <LastUpdateDate />
      <LastUpdateTime />
    </Product>
    <Product>
      <PriceUpdateDate>2020/02/03 11:49</PriceUpdateDate>
      <ItemCode>4053700288205</ItemCode>
      <ItemType>1</ItemType>
      <ItemName>ויט קרם הסרת שיער</ItemName>
      <ManufactureName>רקיט בנקיזר (ניר איסט) בעמ</ManufactureName>
      <ManufactureCountry />
      <ManufactureItemDescription />
      <UnitQty>יח`</UnitQty>
      <Quantity>1</Quantity>
      <UnitMeasure>100 מ"ל</UnitMeasure>
      <BisWeighted>0</BisWeighted>
      <QtyInPackage>1</QtyInPackage>
      <ItemPrice>24.90</ItemPrice>
      <UnitOfMeasurePrice>24.90</UnitOfMeasurePrice>
      <AllowDiscount>0</AllowDiscount>
      <itemStatus>1</itemStatus>
      <LastUpdateDate />
      <LastUpdateTime />
    </Product>
    <Product>
      <PriceUpdateDate>2018/07/25 13:24</PriceUpdateDate>
      <ItemCode>4066600999614</ItemCode>
      <ItemType>1</ItemType>
      <ItemName>פאולנר 500 מל</ItemName>
      <ManufactureName>טמפו משקאות בעמ</ManufactureName>
      <ManufactureCountry />
      <ManufactureItemDescription />
      <UnitQty>יח`</UnitQty>
      <Quantity>5</Quantity>
      <UnitMeasure>100 מ"ל</UnitMeasure>
      <BisWeighted>0</BisWeighted>
      <QtyInPackage>1</QtyInPackage>
      <ItemPrice>10.90</ItemPrice>
      <UnitOfMeasurePrice>2.12</UnitOfMeasurePrice>
      <AllowDiscount>0</AllowDiscount>
      <itemStatus>1</itemStatus>
      <LastUpdateDate />
      <LastUpdateTime />
    </Product>
    <Product>
      <PriceUpdateDate>2020/01/14 08:12</PriceUpdateDate>
      <ItemCode>4072700001188</ItemCode>
      <ItemType>1</ItemType>
      <ItemName>בירה פרנסיסקאנר כהה בקבוק 500 מל</ItemName>
      <ManufactureName>הכרם - משקאות חריפים בעמ</ManufactureName>
      <ManufactureCountry />
      <ManufactureItemDescription />
      <UnitQty>יח`</UnitQty>
      <Quantity>5</Quantity>
      <UnitMeasure>100 מ"ל</UnitMeasure>
      <BisWeighted>0</BisWeighted>
      <QtyInPackage>1</QtyInPackage>
      <ItemPrice>10.90</ItemPrice>
      <UnitOfMeasurePrice>2.12</UnitOfMeasurePrice>
      <AllowDiscount>1</AllowDiscount>
      <itemStatus>1</itemStatus>
      <LastUpdateDate />
      <LastUpdateTime />
    </Product>
    <Product>
      <PriceUpdateDate>2020/01/13 09:47</PriceUpdateDate>
      <ItemCode>4072700001775</ItemCode>
      <ItemType>1</ItemType>
      <ItemName>בירה פרנסיסקאנר בהיר בקבוק 500 מל</ItemName>
      <ManufactureName>הכרם - משקאות חריפים בעמ</ManufactureName>
      <ManufactureCountry />
      <ManufactureItemDescription />
      <UnitQty>יח`</UnitQty>
      <Quantity>5</Quantity>
      <UnitMeasure>100 מ"ל</UnitMeasure>
      <BisWeighted>0</BisWeighted>
      <QtyInPackage>1</QtyInPackage>
      <ItemPrice>10.90</ItemPrice>
      <UnitOfMeasurePrice>2.12</UnitOfMeasurePrice>
      <AllowDiscount>1</AllowDiscount>
      <itemStatus>1</itemStatus>
      <LastUpdateDate />
      <LastUpdateTime />
    </Product>
    <Product>
      <PriceUpdateDate>2020/01/14 08:12</PriceUpdateDate>
      <ItemCode>4072700003649</ItemCode>
      <ItemType>1</ItemType>
      <ItemName>בירה פרנסיסקאנר בהירה בקבוק 500 מל</ItemName>
      <ManufactureName>הכרם - משקאות חריפים בעמ</ManufactureName>
      <ManufactureCountry />
      <ManufactureItemDescription />
      <UnitQty>יח`</UnitQty>
      <Quantity>5</Quantity>
      <UnitMeasure>100 מ"ל</UnitMeasure>
      <BisWeighted>0</BisWeighted>
      <QtyInPackage>1</QtyInPackage>
      <ItemPrice>11.90</ItemPrice>
      <UnitOfMeasurePrice>2.32</UnitOfMeasurePrice>
      <AllowDiscount>1</AllowDiscount>
      <itemStatus>1</itemStatus>
      <LastUpdateDate />
      <LastUpdateTime />
    </Product>
    <Product>
      <PriceUpdateDate>2018/04/24 13:02</PriceUpdateDate>
      <ItemCode>4079400131047</ItemCode>
      <ItemType>1</ItemType>
      <ItemName>בירה חיטה 5.3% אלכוהול שישייה בקבוקים 33</ItemName>
      <ManufactureName>אבאל יזמות בעמ</ManufactureName>
      <ManufactureCountry />
      <ManufactureItemDescription />
      <UnitQty>יח`</UnitQty>
      <Quantity>1.98</Quantity>
      <UnitMeasure>1 ליטר</UnitMeasure>
      <BisWeighted>0</BisWeighted>
      <QtyInPackage>1</QtyInPackage>
      <ItemPrice>34.90</ItemPrice>
      <UnitOfMeasurePrice>16.72</UnitOfMeasurePrice>
      <AllowDiscount>0</AllowDiscount>
      <itemStatus>1</itemStatus>
      <LastUpdateDate />
      <LastUpdateTime />
    </Product>
    <Product>
      <PriceUpdateDate>2018/04/24 12:48</PriceUpdateDate>
      <ItemCode>4079400182742</ItemCode>
      <ItemType>1</ItemType>
      <ItemName>בירה פילסנר 4.9% שישייה בקבוק 330 מל</ItemName>
      <ManufactureName>אבאל יזמות בעמ</ManufactureName>
      <ManufactureCountry />
      <ManufactureItemDescription />
      <UnitQty>יח`</UnitQty>
      <Quantity>1.98</Quantity>
      <UnitMeasure>1 ליטר</UnitMeasure>
      <BisWeighted>0</BisWeighted>
      <QtyInPackage>1</QtyInPackage>
      <ItemPrice>29.90</ItemPrice>
      <UnitOfMeasurePrice>14.19</UnitOfMeasurePrice>
      <AllowDiscount>1</AllowDiscount>
      <itemStatus>1</itemStatus>
      <LastUpdateDate />
      <LastUpdateTime />
    </Product>
    <Product>
      <PriceUpdateDate>2018/04/24 10:54</PriceUpdateDate>
      <ItemCode>4079400330129</ItemCode>
      <ItemType>1</ItemType>
      <ItemName>בירה וולטרס (500 מל)</ItemName>
      <ManufactureName>אבאל יזמות בעמ</ManufactureName>
      <ManufactureCountry />
      <ManufactureItemDescription />
      <UnitQty>יח`</UnitQty>
      <Quantity>5</Quantity>
      <UnitMeasure>100 מ"ל</UnitMeasure>
      <BisWeighted>0</BisWeighted>
      <QtyInPackage>1</QtyInPackage>
      <ItemPrice>5.90</ItemPrice>
      <UnitOfMeasurePrice>1.12</UnitOfMeasurePrice>
      <AllowDiscount>1</AllowDiscount>
      <itemStatus>1</itemStatus>
      <LastUpdateDate />
      <LastUpdateTime />
    </Product>
    <Product>
      <PriceUpdateDate>2019/04/21 10:17</PriceUpdateDate>
      <ItemCode>4084500088917</ItemCode>
      <ItemType>1</ItemType>
      <ItemName>נוזל לניקוי כלים לימון פיירי (650 מל)</ItemName>
      <ManufactureName>דיפלומט מפיצים (1968) בעמ</ManufactureName>
      <ManufactureCountry />
      <ManufactureItemDescription />
      <UnitQty>יח`</UnitQty>
      <Quantity>6.50</Quantity>
      <UnitMeasure>100 מ"ל</UnitMeasure>
      <BisWeighted>0</BisWeighted>
      <QtyInPackage>1</QtyInPackage>
      <ItemPrice>11.90</ItemPrice>
      <UnitOfMeasurePrice>1.83</UnitOfMeasurePrice>
      <AllowDiscount>1</AllowDiscount>
      <itemStatus>1</itemStatus>
      <LastUpdateDate />
      <LastUpdateTime />
    </Product>
    <Product>
      <PriceUpdateDate>2018/04/24 11:52</PriceUpdateDate>
      <ItemCode>4084500178137</ItemCode>
      <ItemType>1</ItemType>
      <ItemName>טייד ג`ל 4 ליטר</ItemName>
      <ManufactureName>דיפלומט מפיצים (1968) בעמ</ManufactureName>
      <ManufactureCountry />
      <ManufactureItemDescription />
      <UnitQty>יח`</UnitQty>
      <Quantity>4</Quantity>
      <UnitMeasure>1 ליטר</UnitMeasure>
      <BisWeighted>0</BisWeighted>
      <QtyInPackage>1</QtyInPackage>
      <ItemPrice>44.90</ItemPrice>
      <UnitOfMeasurePrice>11.23</UnitOfMeasurePrice>
      <AllowDiscount>0</AllowDiscount>
      <itemStatus>1</itemStatus>
      <LastUpdateDate />
      <LastUpdateTime />
    </Product>
    <Product>
      <PriceUpdateDate>2019/04/21 10:17</PriceUpdateDate>
      <ItemCode>4084500853744</ItemCode>
      <ItemType>1</ItemType>
      <ItemName>נוזל כלים פלטינום לימון פיירי (515 מל)</ItemName>
      <ManufactureName>דיפלומט מפיצים (1968) בעמ</ManufactureName>
      <ManufactureCountry />
      <ManufactureItemDescription />
      <UnitQty>יח`</UnitQty>
      <Quantity>5.15</Quantity>
      <UnitMeasure>100 מ"ל</UnitMeasure>
      <BisWeighted>0</BisWeighted>
      <QtyInPackage>1</QtyInPackage>
      <ItemPrice>11.90</ItemPrice>
      <UnitOfMeasurePrice>2.31</UnitOfMeasurePrice>
      <AllowDiscount>1</AllowDiscount>
      <itemStatus>1</itemStatus>
      <LastUpdateDate />
      <LastUpdateTime />
    </Product>
    <Product>
      <PriceUpdateDate>2019/04/21 10:17</PriceUpdateDate>
      <ItemCode>4084500853836</ItemCode>
      <ItemType>1</ItemType>
      <ItemName>פיירי ורדים ומשי 515 מל</ItemName>
      <ManufactureName>דיפלומט מפיצים (1968) בעמ</ManufactureName>
      <ManufactureCountry />
      <ManufactureItemDescription />
      <UnitQty>יח`</UnitQty>
      <Quantity>5.15</Quantity>
      <UnitMeasure>100 מ"ל</UnitMeasure>
      <BisWeighted>0</BisWeighted>
      <QtyInPackage>1</QtyInPackage>
      <ItemPrice>11.90</ItemPrice>
      <UnitOfMeasurePrice>2.31</UnitOfMeasurePrice>
      <AllowDiscount>1</AllowDiscount>
      <itemStatus>1</itemStatus>
      <LastUpdateDate />
      <LastUpdateTime />
    </Product>
    <Product>
      <PriceUpdateDate>2019/04/21 10:17</PriceUpdateDate>
      <ItemCode>4084500853898</ItemCode>
      <ItemType>1</ItemType>
      <ItemName>פיירי אלוורה ומלפפונים 515 מל</ItemName>
      <ManufactureName>דיפלומט מפיצים (1968) בעמ</ManufactureName>
      <ManufactureCountry />
      <ManufactureItemDescription />
      <UnitQty>יח`</UnitQty>
      <Quantity>5.15</Quantity>
      <UnitMeasure>100 מ"ל</UnitMeasure>
      <BisWeighted>0</BisWeighted>
      <QtyInPackage>1</QtyInPackage>
      <ItemPrice>11.90</ItemPrice>
      <UnitOfMeasurePrice>2.31</UnitOfMeasurePrice>
      <AllowDiscount>1</AllowDiscount>
      <itemStatus>1</itemStatus>
      <LastUpdateDate />
      <LastUpdateTime />
    </Product>
    <Product>
      <PriceUpdateDate>2018/04/24 12:22</PriceUpdateDate>
      <ItemCode>4084500854048</ItemCode>
      <ItemType>1</ItemType>
      <ItemName>נוזל לניקוי כלים לימון פיירי (1.24 ליטר)</ItemName>
      <ManufactureName>דיפלומט מפיצים (1968) בעמ</ManufactureName>
      <ManufactureCountry />
      <ManufactureItemDescription />
      <UnitQty>יח`</UnitQty>
      <Quantity>1.24</Quantity>
      <UnitMeasure>1 ליטר</UnitMeasure>
      <BisWeighted>0</BisWeighted>
      <QtyInPackage>1</QtyInPackage>
      <ItemPrice>17.90</ItemPrice>
      <UnitOfMeasurePrice>14.44</UnitOfMeasurePrice>
      <AllowDiscount>1</AllowDiscount>
      <itemStatus>1</itemStatus>
      <LastUpdateDate />
      <LastUpdateTime />
    </Product>
    <Product>
      <PriceUpdateDate>2018/04/24 12:22</PriceUpdateDate>
      <ItemCode>4084500920880</ItemCode>
      <ItemType>1</ItemType>
      <ItemName>נוזל כלים אורגינל פיירי (1.24 ליטר)</ItemName>
      <ManufactureName>דיפלומט מפיצים (1968) בעמ</ManufactureName>
      <ManufactureCountry />
      <ManufactureItemDescription />
      <UnitQty>יח`</UnitQty>
      <Quantity>1.24</Quantity>
      <UnitMeasure>1 ליטר</UnitMeasure>
      <BisWeighted>0</BisWeighted>
      <QtyInPackage>1</QtyInPackage>
      <ItemPrice>17.90</ItemPrice>
      <UnitOfMeasurePrice>14.44</UnitOfMeasurePrice>
      <AllowDiscount>1</AllowDiscount>
      <itemStatus>1</itemStatus>
      <LastUpdateDate />
      <LastUpdateTime />
    </Product>
    <Product>
      <PriceUpdateDate>2020/01/14 08:12</PriceUpdateDate>
      <ItemCode>4100130937163</ItemCode>
      <ItemType>1</ItemType>
      <ItemName>בירה בק`ס (275x6 מל)</ItemName>
      <ManufactureName>הכרם - משקאות חריפים בעמ</ManufactureName>
      <ManufactureCountry />
      <ManufactureItemDescription />
      <UnitQty>יח`</UnitQty>
      <Quantity>16.50</Quantity>
      <UnitMeasure>100 מ"ל</UnitMeasure>
      <BisWeighted>0</BisWeighted>
      <QtyInPackage>1</QtyInPackage>
      <ItemPrice>34.90</ItemPrice>
      <UnitOfMeasurePrice>2.01</UnitOfMeasurePrice>
      <AllowDiscount>1</AllowDiscount>
      <itemStatus>1</itemStatus>
      <LastUpdateDate />
      <LastUpdateTime />
    </Product>
    <Product>
      <PriceUpdateDate>2018/07/23 10:22</PriceUpdateDate>
      <ItemCode>4210201181088</ItemCode>
      <ItemType>1</ItemType>
      <ItemName>אורל בי מברשת חשמלית נטענת קארס D12</ItemName>
      <ManufactureName>דיפלומט מפיצים (1968) בעמ</ManufactureName>
      <ManufactureCountry />
      <ManufactureItemDescription />
      <UnitQty>יח`</UnitQty>
      <Quantity>1</Quantity>
      <UnitMeasure />
      <BisWeighted>0</BisWeighted>
      <QtyInPackage>1</QtyInPackage>
      <ItemPrice>99.90</ItemPrice>
      <UnitOfMeasurePrice>99.90</UnitOfMeasurePrice>
      <AllowDiscount>0</AllowDiscount>
      <itemStatus>1</itemStatus>
      <LastUpdateDate />
      <LastUpdateTime />
    </Product>
    <Product>
      <PriceUpdateDate>2020/02/17 10:19</PriceUpdateDate>
      <ItemCode>4210201262183</ItemCode>
      <ItemType>1</ItemType>
      <ItemName>אורל בי מברשת חשמלית נטענת</ItemName>
      <ManufactureName>דיפלומט מפיצים (1968) בעמ</ManufactureName>
      <ManufactureCountry />
      <ManufactureItemDescription />
      <UnitQty>יח`</UnitQty>
      <Quantity>1</Quantity>
      <UnitMeasure />
      <BisWeighted>0</BisWeighted>
      <QtyInPackage>1</QtyInPackage>
      <ItemPrice>99.90</ItemPrice>
      <UnitOfMeasurePrice>99.90</UnitOfMeasurePrice>
      <AllowDiscount>0</AllowDiscount>
      <itemStatus>1</itemStatus>
      <LastUpdateDate />
      <LastUpdateTime />
    </Product>
    <Product>
      <PriceUpdateDate>2018/04/24 13:02</PriceUpdateDate>
      <ItemCode>4210201746348</ItemCode>
      <ItemType>1</ItemType>
      <ItemName>אורל בי ראש חשמלי פלוס אקשן 2 יח`</ItemName>
      <ManufactureName>דיפלומט מפיצים (1968) בעמ</ManufactureName>
      <ManufactureCountry />
      <ManufactureItemDescription />
      <UnitQty>יח`</UnitQty>
      <Quantity>1</Quantity>
      <UnitMeasure />
      <BisWeighted>0</BisWeighted>
      <QtyInPackage>1</QtyInPackage>
      <ItemPrice>54.90</ItemPrice>
      <UnitOfMeasurePrice>54.90</UnitOfMeasurePrice>
      <AllowDiscount>0</AllowDiscount>
      <itemStatus>1</itemStatus>
      <LastUpdateDate />
      <LastUpdateTime />
    </Product>
    <Product>
      <PriceUpdateDate>2018/07/25 13:24</PriceUpdateDate>
      <ItemCode>4600659010854</ItemCode>
      <ItemType>1</ItemType>
      <ItemName>וודקה סטוליצ`יניה (700 מל)</ItemName>
      <ManufactureName>הכרם - משקאות חריפים בעמ</ManufactureName>
      <ManufactureCountry />
      <ManufactureItemDescription />
      <UnitQty>יח`</UnitQty>
      <Quantity>7</Quantity>
      <UnitMeasure>100 מ"ל</UnitMeasure>
      <BisWeighted>0</BisWeighted>
      <QtyInPackage>1</QtyInPackage>
      <ItemPrice>79.90</ItemPrice>
      <UnitOfMeasurePrice>11.37</UnitOfMeasurePrice>
      <AllowDiscount>1</AllowDiscount>
      <itemStatus>1</itemStatus>
      <LastUpdateDate />
      <LastUpdateTime />
    </Product>
    <Product>
      <PriceUpdateDate>2020/01/10 08:22</PriceUpdateDate>
      <ItemCode>4603400000043</ItemCode>
      <ItemType>1</ItemType>
      <ItemName>וודקה רוסקי יורוסטנדרט (700 מל)</ItemName>
      <ManufactureName>יורוסטנדרט בעמ</ManufactureName>
      <ManufactureCountry />
      <ManufactureItemDescription />
      <UnitQty>יח`</UnitQty>
      <Quantity>7</Quantity>
      <UnitMeasure>100 מ"ל</UnitMeasure>
      <BisWeighted>0</BisWeighted>
      <QtyInPackage>1</QtyInPackage>
      <ItemPrice>59.90</ItemPrice>
      <UnitOfMeasurePrice>8.51</UnitOfMeasurePrice>
      <AllowDiscount>0</AllowDiscount>
      <itemStatus>1</itemStatus>
      <LastUpdateDate />
      <LastUpdateTime />
    </Product>
    <Product>
      <PriceUpdateDate>2018/04/24 10:15</PriceUpdateDate>
      <ItemCode>4607026530212</ItemCode>
      <ItemType>1</ItemType>
      <ItemName>כוסמת כפרי וביתי (900 גרם)</ItemName>
      <ManufactureName>יורוסטנדרט בעמ</ManufactureName>
      <ManufactureCountry />
      <ManufactureItemDescription />
      <UnitQty>יח`</UnitQty>
      <Quantity>9</Quantity>
      <UnitMeasure>100 גרם</UnitMeasure>
      <BisWeighted>0</BisWeighted>
      <QtyInPackage>1</QtyInPackage>
      <ItemPrice>11.90</ItemPrice>
      <UnitOfMeasurePrice>1.32</UnitOfMeasurePrice>
      <AllowDiscount>1</AllowDiscount>
      <itemStatus>1</itemStatus>
      <LastUpdateDate />
      <LastUpdateTime />
    </Product>
    <Product>
      <PriceUpdateDate>2018/04/24 13:12</PriceUpdateDate>
      <ItemCode>4640018990335</ItemCode>
      <ItemType>1</ItemType>
      <ItemName>פיניש קאונטום רגיל 54 טבליות</ItemName>
      <ManufactureName>רקיט בנקיזר (ניר איסט) בעמ</ManufactureName>
      <ManufactureCountry />
      <ManufactureItemDescription />
      <UnitQty>יח`</UnitQty>
      <Quantity>1</Quantity>
      <UnitMeasure />
      <BisWeighted>0</BisWeighted>
      <QtyInPackage>1</QtyInPackage>
      <ItemPrice>54.90</ItemPrice>
      <UnitOfMeasurePrice>54.90</UnitOfMeasurePrice>
      <AllowDiscount>1</AllowDiscount>
      <itemStatus>1</itemStatus>
      <LastUpdateDate />
      <LastUpdateTime />
    </Product>
    <Product>
      <PriceUpdateDate>2018/04/24 13:12</PriceUpdateDate>
      <ItemCode>4640018990342</ItemCode>
      <ItemType>1</ItemType>
      <ItemName>פיניש קאונטום לימון 54 טבליות</ItemName>
      <ManufactureName>רקיט בנקיזר (ניר איסט) בעמ</ManufactureName>
      <ManufactureCountry />
      <ManufactureItemDescription />
      <UnitQty>יח`</UnitQty>
      <Quantity>1</Quantity>
      <UnitMeasure />
      <BisWeighted>0</BisWeighted>
      <QtyInPackage>1</QtyInPackage>
      <ItemPrice>54.90</ItemPrice>
      <UnitOfMeasurePrice>54.90</UnitOfMeasurePrice>
      <AllowDiscount>1</AllowDiscount>
      <itemStatus>1</itemStatus>
      <LastUpdateDate />
      <LastUpdateTime />
    </Product>
    <Product>
      <PriceUpdateDate>2019/02/20 15:05</PriceUpdateDate>
      <ItemCode>4710068001692</ItemCode>
      <ItemType>1</ItemType>
      <ItemName>מאסטר קפה 250 מל לאטה</ItemName>
      <ManufactureName>טמפו משקאות בעמ</ManufactureName>
      <ManufactureCountry />
      <ManufactureItemDescription />
      <UnitQty>יח`</UnitQty>
      <Quantity>2.50</Quantity>
      <UnitMeasure>100 מ"ל</UnitMeasure>
      <BisWeighted>0</BisWeighted>
      <QtyInPackage>1</QtyInPackage>
      <ItemPrice>6.60</ItemPrice>
      <UnitOfMeasurePrice>2.64</UnitOfMeasurePrice>
      <AllowDiscount>0</AllowDiscount>
      <itemStatus>1</itemStatus>
      <LastUpdateDate />
      <LastUpdateTime />
    </Product>
    <Product>
      <PriceUpdateDate>2019/02/20 15:05</PriceUpdateDate>
      <ItemCode>4710068001715</ItemCode>
      <ItemType>1</ItemType>
      <ItemName>משקה בטעם טירמיסו מאסטר קפה (240 מל)</ItemName>
      <ManufactureName>טמפו משקאות בעמ</ManufactureName>
      <ManufactureCountry />
      <ManufactureItemDescription />
      <UnitQty>יח`</UnitQty>
      <Quantity>2.50</Quantity>
      <UnitMeasure>100 מ"ל</UnitMeasure>
      <BisWeighted>0</BisWeighted>
      <QtyInPackage>1</QtyInPackage>
      <ItemPrice>6.60</ItemPrice>
      <UnitOfMeasurePrice>2.64</UnitOfMeasurePrice>
      <AllowDiscount>0</AllowDiscount>
      <itemStatus>1</itemStatus>
      <LastUpdateDate />
      <LastUpdateTime />
    </Product>
    <Product>
      <PriceUpdateDate>2019/06/03 16:53</PriceUpdateDate>
      <ItemCode>4710068002798</ItemCode>
      <ItemType>1</ItemType>
      <ItemName>מאסטר קפה 250 מל ונילה</ItemName>
      <ManufactureName>טמפו משקאות בעמ</ManufactureName>
      <ManufactureCountry />
      <ManufactureItemDescription />
      <UnitQty>יח`</UnitQty>
      <Quantity>2.50</Quantity>
      <UnitMeasure>100 מ"ל</UnitMeasure>
      <BisWeighted>0</BisWeighted>
      <QtyInPackage>1</QtyInPackage>
      <ItemPrice>6.60</ItemPrice>
      <UnitOfMeasurePrice>2.64</UnitOfMeasurePrice>
      <AllowDiscount>0</AllowDiscount>
      <itemStatus>1</itemStatus>
      <LastUpdateDate />
      <LastUpdateTime />
    </Product>
    <Product>
      <PriceUpdateDate>2018/04/24 13:05</PriceUpdateDate>
      <ItemCode>4760041300854</ItemCode>
      <ItemType>1</ItemType>
      <ItemName>מיץ רימונים 100% טבעי אורגני 750 מל</ItemName>
      <ManufactureName>אימפורט פור יו בעמ</ManufactureName>
      <ManufactureCountry />
      <ManufactureItemDescription />
      <UnitQty>יח`</UnitQty>
      <Quantity>7.50</Quantity>
      <UnitMeasure>100 מ"ל</UnitMeasure>
      <BisWeighted>0</BisWeighted>
      <QtyInPackage>1</QtyInPackage>
      <ItemPrice>21.90</ItemPrice>
      <UnitOfMeasurePrice>2.88</UnitOfMeasurePrice>
      <AllowDiscount>0</AllowDiscount>
      <itemStatus>1</itemStatus>
      <LastUpdateDate />
      <LastUpdateTime />
    </Product>
    <Product>
      <PriceUpdateDate>2018/04/24 09:16</PriceUpdateDate>
      <ItemCode>4770209042274</ItemCode>
      <ItemType>1</ItemType>
      <ItemName>חלב מרוכז ממותק כפרי וביתי (400 גרם)</ItemName>
      <ManufactureName>יורוסטנדרט בעמ</ManufactureName>
      <ManufactureCountry />
      <ManufactureItemDescription />
      <UnitQty>יח`</UnitQty>
      <Quantity>4</Quantity>
      <UnitMeasure>100 גרם</UnitMeasure>
      <BisWeighted>0</BisWeighted>
      <QtyInPackage>1</QtyInPackage>
      <ItemPrice>7.10</ItemPrice>
      <UnitOfMeasurePrice>1.78</UnitOfMeasurePrice>
      <AllowDiscount>1</AllowDiscount>
      <itemStatus>1</itemStatus>
      <LastUpdateDate />
      <LastUpdateTime />
    </Product>
    <Product>
      <PriceUpdateDate>2018/04/24 11:47</PriceUpdateDate>
      <ItemCode>4800888150080</ItemCode>
      <ItemType>1</ItemType>
      <ItemName>דאודורנט רול און מלפפונים דאב (50 מל)</ItemName>
      <ManufactureName>יוניליוור ישראל שיווק בעמ</ManufactureName>
      <ManufactureCountry />
      <ManufactureItemDescription />
      <UnitQty>יח`</UnitQty>
      <Quantity>0.50</Quantity>
      <UnitMeasure>100 גרם</UnitMeasure>
      <BisWeighted>0</BisWeighted>
      <QtyInPackage>1</QtyInPackage>
      <ItemPrice>14.90</ItemPrice>
      <UnitOfMeasurePrice>29.80</UnitOfMeasurePrice>
      <AllowDiscount>0</AllowDiscount>
      <itemStatus>1</itemStatus>
      <LastUpdateDate />
      <LastUpdateTime />
    </Product>
    <Product>
      <PriceUpdateDate>2018/07/25 13:24</PriceUpdateDate>
      <ItemCode>4800888190154</ItemCode>
      <ItemType>1</ItemType>
      <ItemName>דאודורנט רול און טלק סופט דאב (50 מל)</ItemName>
      <ManufactureName>יוניליוור ישראל שיווק בעמ</ManufactureName>
      <ManufactureCountry />
      <ManufactureItemDescription />
      <UnitQty>יח`</UnitQty>
      <Quantity>0.50</Quantity>
      <UnitMeasure>100 מ"ל</UnitMeasure>
      <BisWeighted>0</BisWeighted>
      <QtyInPackage>1</QtyInPackage>
      <ItemPrice>14.90</ItemPrice>
      <UnitOfMeasurePrice>29.80</UnitOfMeasurePrice>
      <AllowDiscount>0</AllowDiscount>
      <itemStatus>1</itemStatus>
      <LastUpdateDate />
      <LastUpdateTime />
    </Product>
    <Product>
      <PriceUpdateDate>2018/04/24 12:40</PriceUpdateDate>
      <ItemCode>4800888190529</ItemCode>
      <ItemType>1</ItemType>
      <ItemName>דאודורנט סטיק טלק סופט דאב (50 גרם)</ItemName>
      <ManufactureName>יוניליוור ישראל שיווק בעמ</ManufactureName>
      <ManufactureCountry />
      <ManufactureItemDescription />
      <UnitQty>יח`</UnitQty>
      <Quantity>0.50</Quantity>
      <UnitMeasure>100 גרם</UnitMeasure>
      <BisWeighted>0</BisWeighted>
      <QtyInPackage>1</QtyInPackage>
      <ItemPrice>14.90</ItemPrice>
      <UnitOfMeasurePrice>29.80</UnitOfMeasurePrice>
      <AllowDiscount>0</AllowDiscount>
      <itemStatus>1</itemStatus>
      <LastUpdateDate />
      <LastUpdateTime />
    </Product>
    <Product>
      <PriceUpdateDate>2018/04/24 09:25</PriceUpdateDate>
      <ItemCode>4903001904192</ItemCode>
      <ItemType>1</ItemType>
      <ItemName>רוטב סויה יאמסה פרימיום 500 מל`</ItemName>
      <ManufactureName>ליימן שליסל בעמ</ManufactureName>
      <ManufactureCountry />
      <ManufactureItemDescription />
      <UnitQty>יח`</UnitQty>
      <Quantity>5</Quantity>
      <UnitMeasure>100 מ"ל</UnitMeasure>
      <BisWeighted>0</BisWeighted>
      <QtyInPackage>1</QtyInPackage>
      <ItemPrice>17.90</ItemPrice>
      <UnitOfMeasurePrice>3.58</UnitOfMeasurePrice>
      <AllowDiscount>1</AllowDiscount>
      <itemStatus>1</itemStatus>
      <LastUpdateDate />
      <LastUpdateTime />
    </Product>
    <Product>
      <PriceUpdateDate>2019/06/13 13:07</PriceUpdateDate>
      <ItemCode>5000127533196</ItemCode>
      <ItemType>1</ItemType>
      <ItemName>קלוגס ווראייטי 191 גר`</ItemName>
      <ManufactureName>דיפלומט היינץ</ManufactureName>
      <ManufactureCountry />
      <ManufactureItemDescription />
      <UnitQty>יח`</UnitQty>
      <Quantity>1.91</Quantity>
      <UnitMeasure>100 גרם</UnitMeasure>
      <BisWeighted>0</BisWeighted>
      <QtyInPackage>1</QtyInPackage>
      <ItemPrice>22.90</ItemPrice>
      <UnitOfMeasurePrice>11.99</UnitOfMeasurePrice>
      <AllowDiscount>1</AllowDiscount>
      <itemStatus>1</itemStatus>
      <LastUpdateDate />
      <LastUpdateTime />
    </Product>
    <Product>
      <PriceUpdateDate>2019/07/17 10:32</PriceUpdateDate>
      <ItemCode>5000146057710</ItemCode>
      <ItemType>1</ItemType>
      <ItemName>וינדולין 750 מל</ItemName>
      <ManufactureName>רקיט בנקיזר (ניר איסט) בעמ</ManufactureName>
      <ManufactureCountry />
      <ManufactureItemDescription />
      <UnitQty>יח`</UnitQty>
      <Quantity>7.50</Quantity>
      <UnitMeasure>100 מ"ל</UnitMeasure>
      <BisWeighted>0</BisWeighted>
      <QtyInPackage>1</QtyInPackage>
      <ItemPrice>7.90</ItemPrice>
      <UnitOfMeasurePrice>1.05</UnitOfMeasurePrice>
      <AllowDiscount>0</AllowDiscount>
      <itemStatus>1</itemStatus>
      <LastUpdateDate />
      <LastUpdateTime />
    </Product>
    <Product>
      <PriceUpdateDate>2018/04/24 11:58</PriceUpdateDate>
      <ItemCode>5000159376655</ItemCode>
      <ItemType>1</ItemType>
      <ItemName>סוכריות פירות סקיטלס (38 גרם)</ItemName>
      <ManufactureName>מרס ריגלי ישראל בעמ</ManufactureName>
      <ManufactureCountry />
      <ManufactureItemDescription />
      <UnitQty>יח`</UnitQty>
      <Quantity>0.38</Quantity>
      <UnitMeasure>100 גרם</UnitMeasure>
      <BisWeighted>0</BisWeighted>
      <QtyInPackage>1</QtyInPackage>
      <ItemPrice>3</ItemPrice>
      <UnitOfMeasurePrice>7.89</UnitOfMeasurePrice>
      <AllowDiscount>0</AllowDiscount>
      <itemStatus>1</itemStatus>
      <LastUpdateDate />
      <LastUpdateTime />
    </Product>
    <Product>
      <PriceUpdateDate>2018/04/24 11:58</PriceUpdateDate>
      <ItemCode>5000159376792</ItemCode>
      <ItemType>1</ItemType>
      <ItemName>סוכריות ג`לי חמוצות סקיטלס (38 גרם)</ItemName>
      <ManufactureName>מרס ריגלי ישראל בעמ</ManufactureName>
      <ManufactureCountry />
      <ManufactureItemDescription />
      <UnitQty>יח`</UnitQty>
      <Quantity>1</Quantity>
      <UnitMeasure />
      <BisWeighted>0</BisWeighted>
      <QtyInPackage>1</QtyInPackage>
      <ItemPrice>3</ItemPrice>
      <UnitOfMeasurePrice>3</UnitOfMeasurePrice>
      <AllowDiscount>0</AllowDiscount>
      <itemStatus>1</itemStatus>
      <LastUpdateDate />
      <LastUpdateTime />
    </Product>
    <Product>
      <PriceUpdateDate>2018/07/08 11:12</PriceUpdateDate>
      <ItemCode>5000159452977</ItemCode>
      <ItemType>1</ItemType>
      <ItemName>מיקס חטיפי מיני מארז 400 גרם</ItemName>
      <ManufactureName>מרס ריגלי ישראל בעמ</ManufactureName>
      <ManufactureCountry />
      <ManufactureItemDescription />
      <UnitQty>יח`</UnitQty>
      <Quantity>4</Quantity>
      <UnitMeasure>100 גרם</UnitMeasure>
      <BisWeighted>0</BisWeighted>
      <QtyInPackage>1</QtyInPackage>
      <ItemPrice>19.90</ItemPrice>
      <UnitOfMeasurePrice>4.98</UnitOfMeasurePrice>
      <AllowDiscount>0</AllowDiscount>
      <itemStatus>1</itemStatus>
      <LastUpdateDate />
      <LastUpdateTime />
    </Product>
    <Product>
      <PriceUpdateDate>2019/07/19 09:02</PriceUpdateDate>
      <ItemCode>5000159458771</ItemCode>
      <ItemType>1</ItemType>
      <ItemName>באונטי חטיף שוקולד מארז 4+1</ItemName>
      <ManufactureName>מרס ריגלי ישראל בעמ</ManufactureName>
      <ManufactureCountry />
      <ManufactureItemDescription />
      <UnitQty>יח`</UnitQty>
      <Quantity>2</Quantity>
      <UnitMeasure>100 גרם</UnitMeasure>
      <BisWeighted>0</BisWeighted>
      <QtyInPackage>1</QtyInPackage>
      <ItemPrice>10</ItemPrice>
      <UnitOfMeasurePrice>5</UnitOfMeasurePrice>
      <AllowDiscount>0</AllowDiscount>
      <itemStatus>1</itemStatus>
      <LastUpdateDate />
      <LastUpdateTime />
    </Product>
    <Product>
      <PriceUpdateDate>2018/04/24 11:42</PriceUpdateDate>
      <ItemCode>5000159459228</ItemCode>
      <ItemType>1</ItemType>
      <ItemName>חטיף אצבעות קרמל ושוקולד טוויקס (50 גרם)</ItemName>
      <ManufactureName>מרס ריגלי ישראל בעמ</ManufactureName>
      <ManufactureCountry />
      <ManufactureItemDescription />
      <UnitQty>יח`</UnitQty>
      <Quantity>0.57</Quantity>
      <UnitMeasure>100 גרם</UnitMeasure>
      <BisWeighted>0</BisWeighted>
      <QtyInPackage>1</QtyInPackage>
      <ItemPrice>3.90</ItemPrice>
      <UnitOfMeasurePrice>6.84</UnitOfMeasurePrice>
      <AllowDiscount>1</AllowDiscount>
      <itemStatus>1</itemStatus>
      <LastUpdateDate />
      <LastUpdateTime />
    </Product>
    <Product>
      <PriceUpdateDate>2018/04/24 11:42</PriceUpdateDate>
      <ItemCode>5000159461122</ItemCode>
      <ItemType>1</ItemType>
      <ItemName>סניקרס חטיף שוקולד עם בוטנים 50 גרם</ItemName>
      <ManufactureName>מרס ריגלי ישראל בעמ</ManufactureName>
      <ManufactureCountry />
      <ManufactureItemDescription />
      <UnitQty>יח`</UnitQty>
      <Quantity>0.57</Quantity>
      <UnitMeasure>100 גרם</UnitMeasure>
      <BisWeighted>0</BisWeighted>
      <QtyInPackage>1</QtyInPackage>
      <ItemPrice>3.90</ItemPrice>
      <UnitOfMeasurePrice>6.84</UnitOfMeasurePrice>
      <AllowDiscount>1</AllowDiscount>
      <itemStatus>1</itemStatus>
      <LastUpdateDate />
      <LastUpdateTime />
    </Product>
    <Product>
      <PriceUpdateDate>2019/07/19 09:02</PriceUpdateDate>
      <ItemCode>5000159462594</ItemCode>
      <ItemType>1</ItemType>
      <ItemName>טוויקס חטיף שוקולד מארז 4+1</ItemName>
      <ManufactureName>מרס ריגלי ישראל בעמ</ManufactureName>
      <ManufactureCountry />
      <ManufactureItemDescription />
      <UnitQty>יח`</UnitQty>
      <Quantity>1</Quantity>
      <UnitMeasure />
      <BisWeighted>0</BisWeighted>
      <QtyInPackage>1</QtyInPackage>
      <ItemPrice>10</ItemPrice>
      <UnitOfMeasurePrice>10</UnitOfMeasurePrice>
      <AllowDiscount>0</AllowDiscount>
      <itemStatus>1</itemStatus>
      <LastUpdateDate />
      <LastUpdateTime />
    </Product>
    <Product>
      <PriceUpdateDate>2018/04/24 11:48</PriceUpdateDate>
      <ItemCode>5000159468510</ItemCode>
      <ItemType>1</ItemType>
      <ItemName>מארז מארס חמישיות</ItemName>
      <ManufactureName>מרס ריגלי ישראל בעמ</ManufactureName>
      <ManufactureCountry />
      <ManufactureItemDescription />
      <UnitQty>יח`</UnitQty>
      <Quantity>1</Quantity>
      <UnitMeasure />
      <BisWeighted>0</BisWeighted>
      <QtyInPackage>1</QtyInPackage>
      <ItemPrice>10</ItemPrice>
      <UnitOfMeasurePrice>10</UnitOfMeasurePrice>
      <AllowDiscount>0</AllowDiscount>
      <itemStatus>1</itemStatus>
      <LastUpdateDate />
      <LastUpdateTime />
    </Product>
    <Product>
      <PriceUpdateDate>2019/07/19 09:02</PriceUpdateDate>
      <ItemCode>5000159468534</ItemCode>
      <ItemType>1</ItemType>
      <ItemName>סניקרס חטיף שוקולד עם בוטנים מארז 4+1</ItemName>
      <ManufactureName>מרס ריגלי ישראל בעמ</ManufactureName>
      <ManufactureCountry />
      <ManufactureItemDescription />
      <UnitQty>יח`</UnitQty>
      <Quantity>2</Quantity>
      <UnitMeasure>100 גרם</UnitMeasure>
      <BisWeighted>0</BisWeighted>
      <QtyInPackage>1</QtyInPackage>
      <ItemPrice>10</ItemPrice>
      <UnitOfMeasurePrice>5</UnitOfMeasurePrice>
      <AllowDiscount>0</AllowDiscount>
      <itemStatus>1</itemStatus>
      <LastUpdateDate />
      <LastUpdateTime />
    </Product>
    <Product>
      <PriceUpdateDate>2018/07/25 08:51</PriceUpdateDate>
      <ItemCode>5000159486972</ItemCode>
      <ItemType>1</ItemType>
      <ItemName>חטיף טויקס ולבן</ItemName>
      <ManufactureName>מרס ריגלי ישראל בעמ</ManufactureName>
      <ManufactureCountry />
      <ManufactureItemDescription />
      <UnitQty>יח`</UnitQty>
      <Quantity>0.46</Quantity>
      <UnitMeasure>100 גרם</UnitMeasure>
      <BisWeighted>0</BisWeighted>
      <QtyInPackage>1</QtyInPackage>
      <ItemPrice>3.90</ItemPrice>
      <UnitOfMeasurePrice>8.48</UnitOfMeasurePrice>
      <AllowDiscount>1</AllowDiscount>
      <itemStatus>1</itemStatus>
      <LastUpdateDate />
      <LastUpdateTime />
    </Product>
    <Product>
      <PriceUpdateDate>2018/12/05 10:23</PriceUpdateDate>
      <ItemCode>5000168199320</ItemCode>
      <ItemType>1</ItemType>
      <ItemName>שוקולד מריר מעולה 72% מוצקי קקאו 90 גר`</ItemName>
      <ManufactureName>תה ויסוצקי (ישראל) בעמ</ManufactureName>
      <ManufactureCountry />
      <ManufactureItemDescription />
      <UnitQty>יח`</UnitQty>
      <Quantity>0.90</Quantity>
      <UnitMeasure>100 גרם</UnitMeasure>
      <BisWeighted>0</BisWeighted>
      <QtyInPackage>1</QtyInPackage>
      <ItemPrice>14.90</ItemPrice>
      <UnitOfMeasurePrice>16.56</UnitOfMeasurePrice>
      <AllowDiscount>0</AllowDiscount>
      <itemStatus>1</itemStatus>
      <LastUpdateDate />
      <LastUpdateTime />
    </Product>
    <Product>
      <PriceUpdateDate>2018/04/24 11:46</PriceUpdateDate>
      <ItemCode>5000204657883</ItemCode>
      <ItemType>1</ItemType>
      <ItemName>משחת נעליים חומה קיווי</ItemName>
      <ManufactureName>דנשר (1963) בעמ</ManufactureName>
      <ManufactureCountry />
      <ManufactureItemDescription />
      <UnitQty>יח`</UnitQty>
      <Quantity>0.44</Quantity>
      <UnitMeasure>100 גרם</UnitMeasure>
      <BisWeighted>0</BisWeighted>
      <QtyInPackage>1</QtyInPackage>
      <ItemPrice>6.90</ItemPrice>
      <UnitOfMeasurePrice>15.68</UnitOfMeasurePrice>
      <AllowDiscount>0</AllowDiscount>
      <itemStatus>1</itemStatus>
      <LastUpdateDate />
      <LastUpdateTime />
    </Product>
    <Product>
      <PriceUpdateDate>2018/09/04 13:27</PriceUpdateDate>
      <ItemCode>5000219120112</ItemCode>
      <ItemType>1</ItemType>
      <ItemName>פאל מאל כחול ארוך סטרים פילטר פאקט</ItemName>
      <ManufactureName>גלוברנדס בעמ - שיווק סיגריות</ManufactureName>
      <ManufactureCountry />
      <ManufactureItemDescription />
      <UnitQty>יח`</UnitQty>
      <Quantity>1</Quantity>
      <UnitMeasure />
      <BisWeighted>0</BisWeighted>
      <QtyInPackage>1</QtyInPackage>
      <ItemPrice>275</ItemPrice>
      <UnitOfMeasurePrice>275</UnitOfMeasurePrice>
      <AllowDiscount>0</AllowDiscount>
      <itemStatus>1</itemStatus>
      <LastUpdateDate />
      <LastUpdateTime />
    </Product>
    <Product>
      <PriceUpdateDate>2018/04/24 13:02</PriceUpdateDate>
      <ItemCode>5000394008786</ItemCode>
      <ItemType>1</ItemType>
      <ItemName>אולטרה פאוור רביעיות מלחמת הכוכבים AAA</ItemName>
      <ManufactureName>דיפלומט מפיצים (1968) בעמ</ManufactureName>
      <ManufactureCountry />
      <ManufactureItemDescription />
      <UnitQty>יח`</UnitQty>
      <Quantity>1</Quantity>
      <UnitMeasure />
      <BisWeighted>0</BisWeighted>
      <QtyInPackage>1</QtyInPackage>
      <ItemPrice>19.90</ItemPrice>
      <UnitOfMeasurePrice>19.90</UnitOfMeasurePrice>
      <AllowDiscount>0</AllowDiscount>
      <itemStatus>1</itemStatus>
      <LastUpdateDate />
      <LastUpdateTime />
    </Product>
    <Product>
      <PriceUpdateDate>2019/05/02 08:23</PriceUpdateDate>
      <ItemCode>5000396037531</ItemCode>
      <ItemType>1</ItemType>
      <ItemName>מקוויטיס ביסקוויט מצופה שוקולד חלב 200 ג</ItemName>
      <ManufactureName>תה ויסוצקי (ישראל) בעמ</ManufactureName>
      <ManufactureCountry />
      <ManufactureItemDescription />
      <UnitQty>יח`</UnitQty>
      <Quantity>2</Quantity>
      <UnitMeasure>100 גרם</UnitMeasure>
      <BisWeighted>0</BisWeighted>
      <QtyInPackage>1</QtyInPackage>
      <ItemPrice>10.90</ItemPrice>
      <UnitOfMeasurePrice>5.45</UnitOfMeasurePrice>
      <AllowDiscount>0</AllowDiscount>
      <itemStatus>1</itemStatus>
      <LastUpdateDate />
      <LastUpdateTime />
    </Product>
    <Product>
      <PriceUpdateDate>2019/05/02 08:23</PriceUpdateDate>
      <ItemCode>5000396037944</ItemCode>
      <ItemType>1</ItemType>
      <ItemName>מקוויטיס ביסקוויט קלאסי 250 גר`</ItemName>
      <ManufactureName>תה ויסוצקי (ישראל) בעמ</ManufactureName>
      <ManufactureCountry />
      <ManufactureItemDescription />
      <UnitQty>יח`</UnitQty>
      <Quantity>2.50</Quantity>
      <UnitMeasure>100 גרם</UnitMeasure>
      <BisWeighted>0</BisWeighted>
      <QtyInPackage>1</QtyInPackage>
      <ItemPrice>9.90</ItemPrice>
      <UnitOfMeasurePrice>3.96</UnitOfMeasurePrice>
      <AllowDiscount>0</AllowDiscount>
      <itemStatus>1</itemStatus>
      <LastUpdateDate />
      <LastUpdateTime />
    </Product>
    <Product>
      <PriceUpdateDate>2019/03/08 07:33</PriceUpdateDate>
      <ItemCode>5000396044188</ItemCode>
      <ItemType>1</ItemType>
      <ItemName>ניבלס דאבל 80 גר` מקוויטיס</ItemName>
      <ManufactureName>תה ויסוצקי (ישראל) בעמ</ManufactureName>
      <ManufactureCountry />
      <ManufactureItemDescription />
      <UnitQty>יח`</UnitQty>
      <Quantity>0.80</Quantity>
      <UnitMeasure>100 גרם</UnitMeasure>
      <BisWeighted>0</BisWeighted>
      <QtyInPackage>1</QtyInPackage>
      <ItemPrice>5.90</ItemPrice>
      <UnitOfMeasurePrice>7.38</UnitOfMeasurePrice>
      <AllowDiscount>0</AllowDiscount>
      <itemStatus>1</itemStatus>
      <LastUpdateDate />
      <LastUpdateTime />
    </Product>
    <Product>
      <PriceUpdateDate>2018/06/14 09:12</PriceUpdateDate>
      <ItemCode>5010029000016</ItemCode>
      <ItemType>1</ItemType>
      <ItemName>דגני בוקר וויטביקס 430 גר`</ItemName>
      <ManufactureName>ר.ב מוצרי דגנים בעמ</ManufactureName>
      <ManufactureCountry />
      <ManufactureItemDescription />
      <UnitQty>יח`</UnitQty>
      <Quantity>4.30</Quantity>
      <UnitMeasure>100 גרם</UnitMeasure>
      <BisWeighted>0</BisWeighted>
      <QtyInPackage>1</QtyInPackage>
      <ItemPrice>24.90</ItemPrice>
      <UnitOfMeasurePrice>5.79</UnitOfMeasurePrice>
      <AllowDiscount>1</AllowDiscount>
      <itemStatus>1</itemStatus>
      <LastUpdateDate />
      <LastUpdateTime />
    </Product>
    <Product>
      <PriceUpdateDate>2018/04/24 10:16</PriceUpdateDate>
      <ItemCode>5010182997338</ItemCode>
      <ItemType>1</ItemType>
      <ItemName>ג`ל לאסלה שדות ירוקים טואלט דאק (55 מל)</ItemName>
      <ManufactureName>דנשר (1963) בעמ</ManufactureName>
      <ManufactureCountry />
      <ManufactureItemDescription />
      <UnitQty>יח`</UnitQty>
      <Quantity>0.55</Quantity>
      <UnitMeasure>100 גרם</UnitMeasure>
      <BisWeighted>0</BisWeighted>
      <QtyInPackage>1</QtyInPackage>
      <ItemPrice>12.90</ItemPrice>
      <UnitOfMeasurePrice>23.45</UnitOfMeasurePrice>
      <AllowDiscount>1</AllowDiscount>
      <itemStatus>1</itemStatus>
      <LastUpdateDate />
      <LastUpdateTime />
    </Product>
    <Product>
      <PriceUpdateDate>2018/04/24 12:36</PriceUpdateDate>
      <ItemCode>5010182997574</ItemCode>
      <ItemType>1</ItemType>
      <ItemName>דאק נוזל בודד 750 מל כתום</ItemName>
      <ManufactureName>דנשר (1963) בעמ</ManufactureName>
      <ManufactureCountry />
      <ManufactureItemDescription />
      <UnitQty>יח`</UnitQty>
      <Quantity>7.50</Quantity>
      <UnitMeasure>100 מ"ל</UnitMeasure>
      <BisWeighted>0</BisWeighted>
      <QtyInPackage>1</QtyInPackage>
      <ItemPrice>10.90</ItemPrice>
      <UnitOfMeasurePrice>1.45</UnitOfMeasurePrice>
      <AllowDiscount>1</AllowDiscount>
      <itemStatus>1</itemStatus>
      <LastUpdateDate />
      <LastUpdateTime />
    </Product>
    <Product>
      <PriceUpdateDate>2018/04/24 10:16</PriceUpdateDate>
      <ItemCode>5010182997918</ItemCode>
      <ItemType>1</ItemType>
      <ItemName>טואלט דאק ג`ל לאסלה</ItemName>
      <ManufactureName>דנשר (1963) בעמ</ManufactureName>
      <ManufactureCountry />
      <ManufactureItemDescription />
      <UnitQty>יח`</UnitQty>
      <Quantity>0.55</Quantity>
      <UnitMeasure>100 גרם</UnitMeasure>
      <BisWeighted>0</BisWeighted>
      <QtyInPackage>1</QtyInPackage>
      <ItemPrice>12.90</ItemPrice>
      <UnitOfMeasurePrice>23.45</UnitOfMeasurePrice>
      <AllowDiscount>1</AllowDiscount>
      <itemStatus>1</itemStatus>
      <LastUpdateDate />
      <LastUpdateTime />
    </Product>
    <Product>
      <PriceUpdateDate>2018/04/24 12:36</PriceUpdateDate>
      <ItemCode>5010182998847</ItemCode>
      <ItemType>1</ItemType>
      <ItemName>דאק נוזל בודד 750 מל כחול</ItemName>
      <ManufactureName>דנשר (1963) בעמ</ManufactureName>
      <ManufactureCountry />
      <ManufactureItemDescription />
      <UnitQty>יח`</UnitQty>
      <Quantity>7.50</Quantity>
      <UnitMeasure>100 מ"ל</UnitMeasure>
      <BisWeighted>0</BisWeighted>
      <QtyInPackage>1</QtyInPackage>
      <ItemPrice>10.90</ItemPrice>
      <UnitOfMeasurePrice>1.45</UnitOfMeasurePrice>
      <AllowDiscount>1</AllowDiscount>
      <itemStatus>1</itemStatus>
      <LastUpdateDate />
      <LastUpdateTime />
    </Product>
    <Product>
      <PriceUpdateDate>2018/04/24 12:36</PriceUpdateDate>
      <ItemCode>5010182998861</ItemCode>
      <ItemType>1</ItemType>
      <ItemName>דאק נוזל בודד 750מל ירוק</ItemName>
      <ManufactureName>דנשר (1963) בעמ</ManufactureName>
      <ManufactureCountry />
      <ManufactureItemDescription />
      <UnitQty>יח`</UnitQty>
      <Quantity>7.50</Quantity>
      <UnitMeasure>100 מ"ל</UnitMeasure>
      <BisWeighted>0</BisWeighted>
      <QtyInPackage>1</QtyInPackage>
      <ItemPrice>10.90</ItemPrice>
      <UnitOfMeasurePrice>1.45</UnitOfMeasurePrice>
      <AllowDiscount>1</AllowDiscount>
      <itemStatus>1</itemStatus>
      <LastUpdateDate />
      <LastUpdateTime />
    </Product>
    <Product>
      <PriceUpdateDate>2018/04/24 10:18</PriceUpdateDate>
      <ItemCode>5010327000046</ItemCode>
      <ItemType>1</ItemType>
      <ItemName>וויסקי גרנטס (700 מל)</ItemName>
      <ManufactureName>הכרם - משקאות חריפים בעמ</ManufactureName>
      <ManufactureCountry />
      <ManufactureItemDescription />
      <UnitQty>יח`</UnitQty>
      <Quantity>7.50</Quantity>
      <UnitMeasure>100 מ"ל</UnitMeasure>
      <BisWeighted>0</BisWeighted>
      <QtyInPackage>1</QtyInPackage>
      <ItemPrice>100</ItemPrice>
      <UnitOfMeasurePrice>13.29</UnitOfMeasurePrice>
      <AllowDiscount>0</AllowDiscount>
      <itemStatus>1</itemStatus>
      <LastUpdateDate />
      <LastUpdateTime />
    </Product>
    <Product>
      <PriceUpdateDate>2018/04/24 10:53</PriceUpdateDate>
      <ItemCode>5010327000176</ItemCode>
      <ItemType>1</ItemType>
      <ItemName>גלנפידיך ויסקי סינגל מאלט 12 שנה</ItemName>
      <ManufactureName>הכרם - משקאות חריפים בעמ</ManufactureName>
      <ManufactureCountry />
      <ManufactureItemDescription />
      <UnitQty>יח`</UnitQty>
      <Quantity>7</Quantity>
      <UnitMeasure>100 מ"ל</UnitMeasure>
      <BisWeighted>0</BisWeighted>
      <QtyInPackage>1</QtyInPackage>
      <ItemPrice>139.90</ItemPrice>
      <UnitOfMeasurePrice>19.94</UnitOfMeasurePrice>
      <AllowDiscount>0</AllowDiscount>
      <itemStatus>1</itemStatus>
      <LastUpdateDate />
      <LastUpdateTime />
    </Product>
    <Product>
      <PriceUpdateDate>2018/04/26 19:00</PriceUpdateDate>
      <ItemCode>5010677433655</ItemCode>
      <ItemType>1</ItemType>
      <ItemName>בריזר בקרדי תות (275 מל)</ItemName>
      <ManufactureName>טמפו משקאות בעמ</ManufactureName>
      <ManufactureCountry />
      <ManufactureItemDescription />
      <UnitQty>יח`</UnitQty>
      <Quantity>2.75</Quantity>
      <UnitMeasure>100 מ"ל</UnitMeasure>
      <BisWeighted>0</BisWeighted>
      <QtyInPackage>1</QtyInPackage>
      <ItemPrice>14</ItemPrice>
      <UnitOfMeasurePrice>4.98</UnitOfMeasurePrice>
      <AllowDiscount>0</AllowDiscount>
      <itemStatus>1</itemStatus>
      <LastUpdateDate />
      <LastUpdateTime />
    </Product>
    <Product>
      <PriceUpdateDate>2018/07/08 10:38</PriceUpdateDate>
      <ItemCode>5010677551281</ItemCode>
      <ItemType>1</ItemType>
      <ItemName>בריזר לימון בבקבוק בקרדי (275 מל)</ItemName>
      <ManufactureName>טמפו משקאות בעמ</ManufactureName>
      <ManufactureCountry />
      <ManufactureItemDescription />
      <UnitQty>יח`</UnitQty>
      <Quantity>2.75</Quantity>
      <UnitMeasure>100 מ"ל</UnitMeasure>
      <BisWeighted>0</BisWeighted>
      <QtyInPackage>1</QtyInPackage>
      <ItemPrice>14</ItemPrice>
      <UnitOfMeasurePrice>4.98</UnitOfMeasurePrice>
      <AllowDiscount>1</AllowDiscount>
      <itemStatus>1</itemStatus>
      <LastUpdateDate />
      <LastUpdateTime />
    </Product>
    <Product>
      <PriceUpdateDate>2018/07/08 10:38</PriceUpdateDate>
      <ItemCode>5010677552387</ItemCode>
      <ItemType>1</ItemType>
      <ItemName>בריזר אננס בקרדי (275 מל)</ItemName>
      <ManufactureName>טמפו משקאות בעמ</ManufactureName>
      <ManufactureCountry />
      <ManufactureItemDescription />
      <UnitQty>יח`</UnitQty>
      <Quantity>2.75</Quantity>
      <UnitMeasure>100 מ"ל</UnitMeasure>
      <BisWeighted>0</BisWeighted>
      <QtyInPackage>1</QtyInPackage>
      <ItemPrice>14</ItemPrice>
      <UnitOfMeasurePrice>4.98</UnitOfMeasurePrice>
      <AllowDiscount>1</AllowDiscount>
      <itemStatus>1</itemStatus>
      <LastUpdateDate />
      <LastUpdateTime />
    </Product>
    <Product>
      <PriceUpdateDate>2018/07/08 10:38</PriceUpdateDate>
      <ItemCode>5010677554398</ItemCode>
      <ItemType>1</ItemType>
      <ItemName>בריזר אבטיח בבקבוק בקרדי (275 מל)</ItemName>
      <ManufactureName>טמפו משקאות בעמ</ManufactureName>
      <ManufactureCountry />
      <ManufactureItemDescription />
      <UnitQty>יח`</UnitQty>
      <Quantity>2.75</Quantity>
      <UnitMeasure>100 מ"ל</UnitMeasure>
      <BisWeighted>0</BisWeighted>
      <QtyInPackage>1</QtyInPackage>
      <ItemPrice>14</ItemPrice>
      <UnitOfMeasurePrice>4.98</UnitOfMeasurePrice>
      <AllowDiscount>1</AllowDiscount>
      <itemStatus>1</itemStatus>
      <LastUpdateDate />
      <LastUpdateTime />
    </Product>
    <Product>
      <PriceUpdateDate>2019/04/05 10:19</PriceUpdateDate>
      <ItemCode>5010677850100</ItemCode>
      <ItemType>1</ItemType>
      <ItemName>וודקה גריי גוס 700מל</ItemName>
      <ManufactureName>מ. אקרמן בעמ</ManufactureName>
      <ManufactureCountry />
      <ManufactureItemDescription />
      <UnitQty>יח`</UnitQty>
      <Quantity>7</Quantity>
      <UnitMeasure>100 מ"ל</UnitMeasure>
      <BisWeighted>0</BisWeighted>
      <QtyInPackage>1</QtyInPackage>
      <ItemPrice>121.90</ItemPrice>
      <UnitOfMeasurePrice>17.37</UnitOfMeasurePrice>
      <AllowDiscount>1</AllowDiscount>
      <itemStatus>1</itemStatus>
      <LastUpdateDate />
      <LastUpdateTime />
    </Product>
    <Product>
      <PriceUpdateDate>2018/04/24 11:05</PriceUpdateDate>
      <ItemCode>5010852000917</ItemCode>
      <ItemType>1</ItemType>
      <ItemName>וויסקי בארקליז (700 מל)</ItemName>
      <ManufactureName>יורוסטנדרט בעמ</ManufactureName>
      <ManufactureCountry />
      <ManufactureItemDescription />
      <UnitQty>יח`</UnitQty>
      <Quantity>7</Quantity>
      <UnitMeasure>100 מ"ל</UnitMeasure>
      <BisWeighted>0</BisWeighted>
      <QtyInPackage>1</QtyInPackage>
      <ItemPrice>69.90</ItemPrice>
      <UnitOfMeasurePrice>9.94</UnitOfMeasurePrice>
      <AllowDiscount>1</AllowDiscount>
      <itemStatus>1</itemStatus>
      <LastUpdateDate />
      <LastUpdateTime />
    </Product>
    <Product>
      <PriceUpdateDate>2018/04/24 11:03</PriceUpdateDate>
      <ItemCode>5011007003005</ItemCode>
      <ItemType>1</ItemType>
      <ItemName>וויסקי ג`יימסון (700 מל)</ItemName>
      <ManufactureName>טמפו פרנו</ManufactureName>
      <ManufactureCountry />
      <ManufactureItemDescription />
      <UnitQty>יח`</UnitQty>
      <Quantity>7</Quantity>
      <UnitMeasure>100 מ"ל</UnitMeasure>
      <BisWeighted>0</BisWeighted>
      <QtyInPackage>1</QtyInPackage>
      <ItemPrice>99</ItemPrice>
      <UnitOfMeasurePrice>14.10</UnitOfMeasurePrice>
      <AllowDiscount>1</AllowDiscount>
      <itemStatus>1</itemStatus>
      <LastUpdateDate />
      <LastUpdateTime />
    </Product>
    <Product>
      <PriceUpdateDate>2019/08/18 14:58</PriceUpdateDate>
      <ItemCode>5011417552247</ItemCode>
      <ItemType>1</ItemType>
      <ItemName>אירוויק נטול גז</ItemName>
      <ManufactureName>רקיט בנקיזר (ניר איסט) בעמ</ManufactureName>
      <ManufactureCountry />
      <ManufactureItemDescription />
      <UnitQty>יח`</UnitQty>
      <Quantity>3.45</Quantity>
      <UnitMeasure>100 מ"ל</UnitMeasure>
      <BisWeighted>0</BisWeighted>
      <QtyInPackage>1</QtyInPackage>
      <ItemPrice>12.90</ItemPrice>
      <UnitOfMeasurePrice>3.74</UnitOfMeasurePrice>
      <AllowDiscount>1</AllowDiscount>
      <itemStatus>1</itemStatus>
      <LastUpdateDate />
      <LastUpdateTime />
    </Product>
    <Product>
      <PriceUpdateDate>2018/04/24 12:42</PriceUpdateDate>
      <ItemCode>5011417563908</ItemCode>
      <ItemType>1</ItemType>
      <ItemName>אירוויק פיור בהתזה יבשה וניל</ItemName>
      <ManufactureName>רקיט בנקיזר (ניר איסט) בעמ</ManufactureName>
      <ManufactureCountry />
      <ManufactureItemDescription />
      <UnitQty>יח`</UnitQty>
      <Quantity>1</Quantity>
      <UnitMeasure />
      <BisWeighted>0</BisWeighted>
      <QtyInPackage>1</QtyInPackage>
      <ItemPrice>14.90</ItemPrice>
      <UnitOfMeasurePrice>14.90</UnitOfMeasurePrice>
      <AllowDiscount>0</AllowDiscount>
      <itemStatus>1</itemStatus>
      <LastUpdateDate />
      <LastUpdateTime />
    </Product>
    <Product>
      <PriceUpdateDate>2019/03/22 08:30</PriceUpdateDate>
      <ItemCode>5012251012645</ItemCode>
      <ItemType>1</ItemType>
      <ItemName>מדבקות להוצאת שחורים מאף 6 יח</ItemName>
      <ManufactureName>פארמה דיל (פ.א.ב.) שיווק והפצה</ManufactureName>
      <ManufactureCountry />
      <ManufactureItemDescription />
      <UnitQty>יח`</UnitQty>
      <Quantity>0</Quantity>
      <UnitMeasure>100 מ"ל</UnitMeasure>
      <BisWeighted>0</BisWeighted>
      <QtyInPackage>1</QtyInPackage>
      <ItemPrice>14.90</ItemPrice>
      <UnitOfMeasurePrice>14.90</UnitOfMeasurePrice>
      <AllowDiscount>0</AllowDiscount>
      <itemStatus>1</itemStatus>
      <LastUpdateDate />
      <LastUpdateTime />
    </Product>
    <Product>
      <PriceUpdateDate>2019/11/13 12:09</PriceUpdateDate>
      <ItemCode>5013931015741</ItemCode>
      <ItemType>1</ItemType>
      <ItemName>ידית הפלא לשטיפת כלים דיש מטיק</ItemName>
      <ManufactureName>מ.א.ייצור ויבוא מטליות בעמ</ManufactureName>
      <ManufactureCountry />
      <ManufactureItemDescription />
      <UnitQty>יח`</UnitQty>
      <Quantity>1</Quantity>
      <UnitMeasure />
      <BisWeighted>0</BisWeighted>
      <QtyInPackage>1</QtyInPackage>
      <ItemPrice>19.90</ItemPrice>
      <UnitOfMeasurePrice>19.90</UnitOfMeasurePrice>
      <AllowDiscount>0</AllowDiscount>
      <itemStatus>1</itemStatus>
      <LastUpdateDate />
      <LastUpdateTime />
    </Product>
    <Product>
      <PriceUpdateDate>2019/07/09 14:23</PriceUpdateDate>
      <ItemCode>5014271002767</ItemCode>
      <ItemType>1</ItemType>
      <ItemName>מעדן סנט דלפור מנגו ופסיפלורה</ItemName>
      <ManufactureName>נטו מלינדה סחר בעמ</ManufactureName>
      <ManufactureCountry />
      <ManufactureItemDescription />
      <UnitQty>יח`</UnitQty>
      <Quantity>2.84</Quantity>
      <UnitMeasure>100 גרם</UnitMeasure>
      <BisWeighted>0</BisWeighted>
      <QtyInPackage>1</QtyInPackage>
      <ItemPrice>18.90</ItemPrice>
      <UnitOfMeasurePrice>6.65</UnitOfMeasurePrice>
      <AllowDiscount>1</AllowDiscount>
      <itemStatus>1</itemStatus>
      <LastUpdateDate />
      <LastUpdateTime />
    </Product>
    <Product>
      <PriceUpdateDate>2018/04/24 09:16</PriceUpdateDate>
      <ItemCode>5014271300429</ItemCode>
      <ItemType>1</ItemType>
      <ItemName>מעדן סנט דלפור משמש</ItemName>
      <ManufactureName>נטו מלינדה סחר בעמ</ManufactureName>
      <ManufactureCountry />
      <ManufactureItemDescription />
      <UnitQty>יח`</UnitQty>
      <Quantity>2.84</Quantity>
      <UnitMeasure>100 גרם</UnitMeasure>
      <BisWeighted>0</BisWeighted>
      <QtyInPackage>1</QtyInPackage>
      <ItemPrice>18.90</ItemPrice>
      <UnitOfMeasurePrice>6.65</UnitOfMeasurePrice>
      <AllowDiscount>1</AllowDiscount>
      <itemStatus>1</itemStatus>
      <LastUpdateDate />
      <LastUpdateTime />
    </Product>
    <Product>
      <PriceUpdateDate>2018/04/24 09:16</PriceUpdateDate>
      <ItemCode>5014271310428</ItemCode>
      <ItemType>1</ItemType>
      <ItemName>מעדן סנט דלפור דובדבן שחור</ItemName>
      <ManufactureName>נטו מלינדה סחר בעמ</ManufactureName>
      <ManufactureCountry />
      <ManufactureItemDescription />
      <UnitQty>יח`</UnitQty>
      <Quantity>2.84</Quantity>
      <UnitMeasure>100 גרם</UnitMeasure>
      <BisWeighted>0</BisWeighted>
      <QtyInPackage>1</QtyInPackage>
      <ItemPrice>18.90</ItemPrice>
      <UnitOfMeasurePrice>6.65</UnitOfMeasurePrice>
      <AllowDiscount>1</AllowDiscount>
      <itemStatus>1</itemStatus>
      <LastUpdateDate />
      <LastUpdateTime />
    </Product>
    <Product>
      <PriceUpdateDate>2018/04/24 09:16</PriceUpdateDate>
      <ItemCode>5014271330426</ItemCode>
      <ItemType>1</ItemType>
      <ItemName>מעדן סנט דלפור אוכמניות</ItemName>
      <ManufactureName>נטו מלינדה סחר בעמ</ManufactureName>
      <ManufactureCountry />
      <ManufactureItemDescription />
      <UnitQty>יח`</UnitQty>
      <Quantity>2.84</Quantity>
      <UnitMeasure>100 גרם</UnitMeasure>
      <BisWeighted>0</BisWeighted>
      <QtyInPackage>1</QtyInPackage>
      <ItemPrice>18.90</ItemPrice>
      <UnitOfMeasurePrice>6.65</UnitOfMeasurePrice>
      <AllowDiscount>1</AllowDiscount>
      <itemStatus>1</itemStatus>
      <LastUpdateDate />
      <LastUpdateTime />
    </Product>
    <Product>
      <PriceUpdateDate>2018/04/24 09:16</PriceUpdateDate>
      <ItemCode>5014271350424</ItemCode>
      <ItemType>1</ItemType>
      <ItemName>מעדן סנט דלפור פירות</ItemName>
      <ManufactureName>נטו מלינדה סחר בעמ</ManufactureName>
      <ManufactureCountry />
      <ManufactureItemDescription />
      <UnitQty>יח`</UnitQty>
      <Quantity>2.84</Quantity>
      <UnitMeasure>100 גרם</UnitMeasure>
      <BisWeighted>0</BisWeighted>
      <QtyInPackage>1</QtyInPackage>
      <ItemPrice>18.90</ItemPrice>
      <UnitOfMeasurePrice>6.65</UnitOfMeasurePrice>
      <AllowDiscount>1</AllowDiscount>
      <itemStatus>1</itemStatus>
      <LastUpdateDate />
      <LastUpdateTime />
    </Product>
    <Product>
      <PriceUpdateDate>2018/04/24 09:16</PriceUpdateDate>
      <ItemCode>5014271370422</ItemCode>
      <ItemType>1</ItemType>
      <ItemName>מעדן סנט דלפור אפרסק</ItemName>
      <ManufactureName>נטו מלינדה סחר בעמ</ManufactureName>
      <ManufactureCountry />
      <ManufactureItemDescription />
      <UnitQty>יח`</UnitQty>
      <Quantity>2.84</Quantity>
      <UnitMeasure>100 גרם</UnitMeasure>
      <BisWeighted>0</BisWeighted>
      <QtyInPackage>1</QtyInPackage>
      <ItemPrice>18.90</ItemPrice>
      <UnitOfMeasurePrice>6.65</UnitOfMeasurePrice>
      <AllowDiscount>1</AllowDiscount>
      <itemStatus>1</itemStatus>
      <LastUpdateDate />
      <LastUpdateTime />
    </Product>
    <Product>
      <PriceUpdateDate>2018/04/24 09:16</PriceUpdateDate>
      <ItemCode>5014271400426</ItemCode>
      <ItemType>1</ItemType>
      <ItemName>מעדן סנט דלפור תות שדה</ItemName>
      <ManufactureName>נטו מלינדה סחר בעמ</ManufactureName>
      <ManufactureCountry />
      <ManufactureItemDescription />
      <UnitQty>יח`</UnitQty>
      <Quantity>2.84</Quantity>
      <UnitMeasure>100 גרם</UnitMeasure>
      <BisWeighted>0</BisWeighted>
      <QtyInPackage>1</QtyInPackage>
      <ItemPrice>18.90</ItemPrice>
      <UnitOfMeasurePrice>6.65</UnitOfMeasurePrice>
      <AllowDiscount>1</AllowDiscount>
      <itemStatus>1</itemStatus>
      <LastUpdateDate />
      <LastUpdateTime />
    </Product>
    <Product>
      <PriceUpdateDate>2018/04/24 09:16</PriceUpdateDate>
      <ItemCode>5014271560427</ItemCode>
      <ItemType>1</ItemType>
      <ItemName>מעדן סנט דלפור תפוז ג`ינגי`ר 284 גר`</ItemName>
      <ManufactureName>נטו מלינדה סחר בעמ</ManufactureName>
      <ManufactureCountry />
      <ManufactureItemDescription />
      <UnitQty>יח`</UnitQty>
      <Quantity>2.84</Quantity>
      <UnitMeasure>100 גרם</UnitMeasure>
      <BisWeighted>0</BisWeighted>
      <QtyInPackage>1</QtyInPackage>
      <ItemPrice>18.90</ItemPrice>
      <UnitOfMeasurePrice>6.65</UnitOfMeasurePrice>
      <AllowDiscount>1</AllowDiscount>
      <itemStatus>1</itemStatus>
      <LastUpdateDate />
      <LastUpdateTime />
    </Product>
    <Product>
      <PriceUpdateDate>2018/04/24 09:16</PriceUpdateDate>
      <ItemCode>5014271795980</ItemCode>
      <ItemType>1</ItemType>
      <ItemName>מעדן סנט דלפור חמוציות ואוכמניות</ItemName>
      <ManufactureName>נטו מלינדה סחר בעמ</ManufactureName>
      <ManufactureCountry />
      <ManufactureItemDescription />
      <UnitQty>יח`</UnitQty>
      <Quantity>2.84</Quantity>
      <UnitMeasure>100 גרם</UnitMeasure>
      <BisWeighted>0</BisWeighted>
      <QtyInPackage>1</QtyInPackage>
      <ItemPrice>18.90</ItemPrice>
      <UnitOfMeasurePrice>6.65</UnitOfMeasurePrice>
      <AllowDiscount>1</AllowDiscount>
      <itemStatus>1</itemStatus>
      <LastUpdateDate />
      <LastUpdateTime />
    </Product>
    <Product>
      <PriceUpdateDate>2018/04/24 09:16</PriceUpdateDate>
      <ItemCode>5014271796147</ItemCode>
      <ItemType>1</ItemType>
      <ItemName>מעדן סנט דלפור רימון פטל 284 גר`</ItemName>
      <ManufactureName>נטו מלינדה סחר בעמ</ManufactureName>
      <ManufactureCountry />
      <ManufactureItemDescription />
      <UnitQty>יח`</UnitQty>
      <Quantity>2.84</Quantity>
      <UnitMeasure>100 גרם</UnitMeasure>
      <BisWeighted>0</BisWeighted>
      <QtyInPackage>1</QtyInPackage>
      <ItemPrice>18.90</ItemPrice>
      <UnitOfMeasurePrice>6.65</UnitOfMeasurePrice>
      <AllowDiscount>1</AllowDiscount>
      <itemStatus>1</itemStatus>
      <LastUpdateDate />
      <LastUpdateTime />
    </Product>
    <Product>
      <PriceUpdateDate>2018/04/24 11:05</PriceUpdateDate>
      <ItemCode>5028349100316</ItemCode>
      <ItemType>1</ItemType>
      <ItemName>ויסקי היילנד צ`ף 700 מל</ItemName>
      <ManufactureName>יורוסטנדרט בעמ</ManufactureName>
      <ManufactureCountry />
      <ManufactureItemDescription />
      <UnitQty>יח`</UnitQty>
      <Quantity>7</Quantity>
      <UnitMeasure>100 מ"ל</UnitMeasure>
      <BisWeighted>0</BisWeighted>
      <QtyInPackage>1</QtyInPackage>
      <ItemPrice>69.90</ItemPrice>
      <UnitOfMeasurePrice>9.94</UnitOfMeasurePrice>
      <AllowDiscount>1</AllowDiscount>
      <itemStatus>1</itemStatus>
      <LastUpdateDate />
      <LastUpdateTime />
    </Product>
    <Product>
      <PriceUpdateDate>2018/07/08 11:12</PriceUpdateDate>
      <ItemCode>5029053002408</ItemCode>
      <ItemType>1</ItemType>
      <ItemName>נייר טואלט קליניקס 9 לבן</ItemName>
      <ManufactureName>קימברלי קלארק ישראל שיווק בעמ</ManufactureName>
      <ManufactureCountry />
      <ManufactureItemDescription />
      <UnitQty>יח`</UnitQty>
      <Quantity>11.84</Quantity>
      <UnitMeasure>100 גרם</UnitMeasure>
      <BisWeighted>0</BisWeighted>
      <QtyInPackage>1</QtyInPackage>
      <ItemPrice>29.90</ItemPrice>
      <UnitOfMeasurePrice>2.53</UnitOfMeasurePrice>
      <AllowDiscount>0</AllowDiscount>
      <itemStatus>1</itemStatus>
      <LastUpdateDate />
      <LastUpdateTime />
    </Product>
    <Product>
      <PriceUpdateDate>2018/07/08 11:12</PriceUpdateDate>
      <ItemCode>5029053002439</ItemCode>
      <ItemType>1</ItemType>
      <ItemName>נייר טואלט קליניקס 9 צהוב</ItemName>
      <ManufactureName>קימברלי קלארק ישראל שיווק בעמ</ManufactureName>
      <ManufactureCountry />
      <ManufactureItemDescription />
      <UnitQty>יח`</UnitQty>
      <Quantity>11.84</Quantity>
      <UnitMeasure>100 גרם</UnitMeasure>
      <BisWeighted>0</BisWeighted>
      <QtyInPackage>1</QtyInPackage>
      <ItemPrice>29.90</ItemPrice>
      <UnitOfMeasurePrice>2.53</UnitOfMeasurePrice>
      <AllowDiscount>0</AllowDiscount>
      <itemStatus>1</itemStatus>
      <LastUpdateDate />
      <LastUpdateTime />
    </Product>
    <Product>
      <PriceUpdateDate>2019/12/17 07:28</PriceUpdateDate>
      <ItemCode>5029053019659</ItemCode>
      <ItemType>1</ItemType>
      <ItemName>ממחטות קולקשן בקוביה עם דמויות של דיסני</ItemName>
      <ManufactureName>קימברלי קלארק ישראל שיווק בעמ</ManufactureName>
      <ManufactureCountry />
      <ManufactureItemDescription />
      <UnitQty>יח`</UnitQty>
      <Quantity>1</Quantity>
      <UnitMeasure />
      <BisWeighted>0</BisWeighted>
      <QtyInPackage>1</QtyInPackage>
      <ItemPrice>6.50</ItemPrice>
      <UnitOfMeasurePrice>6.50</UnitOfMeasurePrice>
      <AllowDiscount>0</AllowDiscount>
      <itemStatus>1</itemStatus>
      <LastUpdateDate />
      <LastUpdateTime />
    </Product>
    <Product>
      <PriceUpdateDate>2018/04/24 10:14</PriceUpdateDate>
      <ItemCode>5029053523446</ItemCode>
      <ItemType>1</ItemType>
      <ItemName>תחבושות עם כנפיים ללילה קוטקס (20)</ItemName>
      <ManufactureName>קימברלי קלארק ישראל שיווק בעמ</ManufactureName>
      <ManufactureCountry />
      <ManufactureItemDescription />
      <UnitQty>יח`</UnitQty>
      <Quantity>1</Quantity>
      <UnitMeasure />
      <BisWeighted>0</BisWeighted>
      <QtyInPackage>1</QtyInPackage>
      <ItemPrice>19.90</ItemPrice>
      <UnitOfMeasurePrice>19.90</UnitOfMeasurePrice>
      <AllowDiscount>1</AllowDiscount>
      <itemStatus>1</itemStatus>
      <LastUpdateDate />
      <LastUpdateTime />
    </Product>
    <Product>
      <PriceUpdateDate>2019/06/10 15:20</PriceUpdateDate>
      <ItemCode>5029053535227</ItemCode>
      <ItemType>1</ItemType>
      <ItemName>טמפונים נורמל עם מוליך קוטקס) (16</ItemName>
      <ManufactureName>קימברלי קלארק ישראל שיווק בעמ</ManufactureName>
      <ManufactureCountry />
      <ManufactureItemDescription />
      <UnitQty>יח`</UnitQty>
      <Quantity>1</Quantity>
      <UnitMeasure />
      <BisWeighted>0</BisWeighted>
      <QtyInPackage>1</QtyInPackage>
      <ItemPrice>19.90</ItemPrice>
      <UnitOfMeasurePrice>19.90</UnitOfMeasurePrice>
      <AllowDiscount>0</AllowDiscount>
      <itemStatus>1</itemStatus>
      <LastUpdateDate />
      <LastUpdateTime />
    </Product>
    <Product>
      <PriceUpdateDate>2018/07/25 13:24</PriceUpdateDate>
      <ItemCode>5029053538426</ItemCode>
      <ItemType>1</ItemType>
      <ItemName>האגיס ליטל סווימרס L</ItemName>
      <ManufactureName>קימברלי קלארק ישראל שיווק בעמ</ManufactureName>
      <ManufactureCountry />
      <ManufactureItemDescription />
      <UnitQty>יח`</UnitQty>
      <Quantity>1</Quantity>
      <UnitMeasure />
      <BisWeighted>0</BisWeighted>
      <QtyInPackage>1</QtyInPackage>
      <ItemPrice>37.90</ItemPrice>
      <UnitOfMeasurePrice>37.90</UnitOfMeasurePrice>
      <AllowDiscount>1</AllowDiscount>
      <itemStatus>1</itemStatus>
      <LastUpdateDate />
      <LastUpdateTime />
    </Product>
    <Product>
      <PriceUpdateDate>2018/04/26 19:00</PriceUpdateDate>
      <ItemCode>5029053566306</ItemCode>
      <ItemType>1</ItemType>
      <ItemName>האגיס פול אפס לילה בנים</ItemName>
      <ManufactureName>קימברלי קלארק ישראל שיווק בעמ</ManufactureName>
      <ManufactureCountry />
      <ManufactureItemDescription />
      <UnitQty>יח`</UnitQty>
      <Quantity>1</Quantity>
      <UnitMeasure />
      <BisWeighted>0</BisWeighted>
      <QtyInPackage>1</QtyInPackage>
      <ItemPrice>32.90</ItemPrice>
      <UnitOfMeasurePrice>32.90</UnitOfMeasurePrice>
      <AllowDiscount>0</AllowDiscount>
      <itemStatus>1</itemStatus>
      <LastUpdateDate />
      <LastUpdateTime />
    </Product>
    <Product>
      <PriceUpdateDate>2018/09/06 11:24</PriceUpdateDate>
      <ItemCode>5029054220085</ItemCode>
      <ItemType>1</ItemType>
      <ItemName>מגבוני האגיס לרך הנולד רביעייה</ItemName>
      <ManufactureName>קימברלי קלארק ישראל שיווק בעמ</ManufactureName>
      <ManufactureCountry />
      <ManufactureItemDescription />
      <UnitQty>יח`</UnitQty>
      <Quantity>1</Quantity>
      <UnitMeasure />
      <BisWeighted>0</BisWeighted>
      <QtyInPackage>1</QtyInPackage>
      <ItemPrice>29.90</ItemPrice>
      <UnitOfMeasurePrice>29.90</UnitOfMeasurePrice>
      <AllowDiscount>1</AllowDiscount>
      <itemStatus>1</itemStatus>
      <LastUpdateDate />
      <LastUpdateTime />
    </Product>
    <Product>
      <PriceUpdateDate>2020/01/09 07:57</PriceUpdateDate>
      <ItemCode>5053827168892</ItemCode>
      <ItemType>1</ItemType>
      <ItemName>קורנפלקס קלוגס ספיישל k פירות אדומים 29</ItemName>
      <ManufactureName>דיפלומט היינץ</ManufactureName>
      <ManufactureCountry />
      <ManufactureItemDescription />
      <UnitQty>יח`</UnitQty>
      <Quantity>2.90</Quantity>
      <UnitMeasure>100 גרם</UnitMeasure>
      <BisWeighted>0</BisWeighted>
      <QtyInPackage>1</QtyInPackage>
      <ItemPrice>22.90</ItemPrice>
      <UnitOfMeasurePrice>7.90</UnitOfMeasurePrice>
      <AllowDiscount>1</AllowDiscount>
      <itemStatus>1</itemStatus>
      <LastUpdateDate />
      <LastUpdateTime />
    </Product>
    <Product>
      <PriceUpdateDate>2020/01/21 07:10</PriceUpdateDate>
      <ItemCode>5060517886547</ItemCode>
      <ItemType>1</ItemType>
      <ItemName>משקה אנר`גי רוזי פח 500 מל מונסטר</ItemName>
      <ManufactureName>החברה המרכזית להפצת משקאות בעמ</ManufactureName>
      <ManufactureCountry />
      <ManufactureItemDescription />
      <UnitQty>יח`</UnitQty>
      <Quantity>1</Quantity>
      <UnitMeasure />
      <BisWeighted>0</BisWeighted>
      <QtyInPackage>1</QtyInPackage>
      <ItemPrice>5.90</ItemPrice>
      <UnitOfMeasurePrice>5.90</UnitOfMeasurePrice>
      <AllowDiscount>1</AllowDiscount>
      <itemStatus>1</itemStatus>
      <LastUpdateDate />
      <LastUpdateTime />
    </Product>
    <Product>
      <PriceUpdateDate>2018/04/26 19:00</PriceUpdateDate>
      <ItemCode>5200133120483</ItemCode>
      <ItemType>1</ItemType>
      <ItemName>גליליות וופלים 400 גרם וניל גולדן ברייק</ItemName>
      <ManufactureName>דיפלומט היינץ</ManufactureName>
      <ManufactureCountry />
      <ManufactureItemDescription />
      <UnitQty>יח`</UnitQty>
      <Quantity>4</Quantity>
      <UnitMeasure>100 גרם</UnitMeasure>
      <BisWeighted>0</BisWeighted>
      <QtyInPackage>1</QtyInPackage>
      <ItemPrice>16.90</ItemPrice>
      <UnitOfMeasurePrice>4.23</UnitOfMeasurePrice>
      <AllowDiscount>0</AllowDiscount>
      <itemStatus>1</itemStatus>
      <LastUpdateDate />
      <LastUpdateTime />
    </Product>
    <Product>
      <PriceUpdateDate>2020/02/03 11:49</PriceUpdateDate>
      <ItemCode>5201347400545</ItemCode>
      <ItemType>1</ItemType>
      <ItemName>ויט ארומטיק שעווה לפנים</ItemName>
      <ManufactureName>רקיט בנקיזר (ניר איסט) בעמ</ManufactureName>
      <ManufactureCountry />
      <ManufactureItemDescription />
      <UnitQty>יח`</UnitQty>
      <Quantity>1</Quantity>
      <UnitMeasure>יח`</UnitMeasure>
      <BisWeighted>0</BisWeighted>
      <QtyInPackage>1</QtyInPackage>
      <ItemPrice>24.90</ItemPrice>
      <UnitOfMeasurePrice>24.90</UnitOfMeasurePrice>
      <AllowDiscount>1</AllowDiscount>
      <itemStatus>1</itemStatus>
      <LastUpdateDate />
      <LastUpdateTime />
    </Product>
    <Product>
      <PriceUpdateDate>2018/04/24 12:46</PriceUpdateDate>
      <ItemCode>5201360521241</ItemCode>
      <ItemType>1</ItemType>
      <ItemName>קרואסון במילוי שוקולד</ItemName>
      <ManufactureName>אבאל יזמות בעמ</ManufactureName>
      <ManufactureCountry />
      <ManufactureItemDescription />
      <UnitQty>יח`</UnitQty>
      <Quantity>0.65</Quantity>
      <UnitMeasure>100 גרם</UnitMeasure>
      <BisWeighted>0</BisWeighted>
      <QtyInPackage>1</QtyInPackage>
      <ItemPrice>4.90</ItemPrice>
      <UnitOfMeasurePrice>7.54</UnitOfMeasurePrice>
      <AllowDiscount>1</AllowDiscount>
      <itemStatus>1</itemStatus>
      <LastUpdateDate />
      <LastUpdateTime />
    </Product>
    <Product>
      <PriceUpdateDate>2018/06/10 11:17</PriceUpdateDate>
      <ItemCode>5201360724741</ItemCode>
      <ItemType>1</ItemType>
      <ItemName>מארז רולדות אישיות במילוי וניל</ItemName>
      <ManufactureName>אבאל יזמות בעמ</ManufactureName>
      <ManufactureCountry />
      <ManufactureItemDescription />
      <UnitQty>יח`</UnitQty>
      <Quantity>1</Quantity>
      <UnitMeasure />
      <BisWeighted>0</BisWeighted>
      <QtyInPackage>1</QtyInPackage>
      <ItemPrice>10.90</ItemPrice>
      <UnitOfMeasurePrice>10.90</UnitOfMeasurePrice>
      <AllowDiscount>1</AllowDiscount>
      <itemStatus>1</itemStatus>
      <LastUpdateDate />
      <LastUpdateTime />
    </Product>
    <Product>
      <PriceUpdateDate>2018/06/10 14:47</PriceUpdateDate>
      <ItemCode>5201360797196</ItemCode>
      <ItemType>1</ItemType>
      <ItemName>עוגת ספוג מצופה קקאו סבן דייז (32x8 גרם)</ItemName>
      <ManufactureName>אבאל יזמות בעמ</ManufactureName>
      <ManufactureCountry />
      <ManufactureItemDescription />
      <UnitQty>יח`</UnitQty>
      <Quantity>1</Quantity>
      <UnitMeasure />
      <BisWeighted>0</BisWeighted>
      <QtyInPackage>1</QtyInPackage>
      <ItemPrice>11.90</ItemPrice>
      <UnitOfMeasurePrice>11.90</UnitOfMeasurePrice>
      <AllowDiscount>1</AllowDiscount>
      <itemStatus>1</itemStatus>
      <LastUpdateDate />
      <LastUpdateTime />
    </Product>
    <Product>
      <PriceUpdateDate>2018/04/24 11:53</PriceUpdateDate>
      <ItemCode>5201940010110</ItemCode>
      <ItemType>1</ItemType>
      <ItemName>זיתים שחורים קלמנטה בפח</ItemName>
      <ManufactureName>ג.וילי-פוד אינטרנשיונל בעמ</ManufactureName>
      <ManufactureCountry />
      <ManufactureItemDescription />
      <UnitQty>יח`</UnitQty>
      <Quantity>4.54</Quantity>
      <UnitMeasure>100 גרם</UnitMeasure>
      <BisWeighted>0</BisWeighted>
      <QtyInPackage>1</QtyInPackage>
      <ItemPrice>14.90</ItemPrice>
      <UnitOfMeasurePrice>3.28</UnitOfMeasurePrice>
      <AllowDiscount>0</AllowDiscount>
      <itemStatus>1</itemStatus>
      <LastUpdateDate />
      <LastUpdateTime />
    </Product>
    <Product>
      <PriceUpdateDate>2018/04/24 12:43</PriceUpdateDate>
      <ItemCode>5202390007934</ItemCode>
      <ItemType>1</ItemType>
      <ItemName>צהובה טבעונית אוריגינל 400  גר`ליב</ItemName>
      <ManufactureName>ל.י.ב. (לחיות יותר בטבע) בעמ</ManufactureName>
      <ManufactureCountry />
      <ManufactureItemDescription />
      <UnitQty>יח`</UnitQty>
      <Quantity>4</Quantity>
      <UnitMeasure>100 גרם</UnitMeasure>
      <BisWeighted>0</BisWeighted>
      <QtyInPackage>1</QtyInPackage>
      <ItemPrice>27.90</ItemPrice>
      <UnitOfMeasurePrice>6.98</UnitOfMeasurePrice>
      <AllowDiscount>0</AllowDiscount>
      <itemStatus>1</itemStatus>
      <LastUpdateDate />
      <LastUpdateTime />
    </Product>
    <Product>
      <PriceUpdateDate>2018/05/18 09:20</PriceUpdateDate>
      <ItemCode>5202390014222</ItemCode>
      <ItemType>1</ItemType>
      <ItemName>צהובה טבעונית עגבניות בזיליקום</ItemName>
      <ManufactureName>ל.י.ב. (לחיות יותר בטבע) בעמ</ManufactureName>
      <ManufactureCountry />
      <ManufactureItemDescription />
      <UnitQty>יח`</UnitQty>
      <Quantity>1</Quantity>
      <UnitMeasure />
      <BisWeighted>0</BisWeighted>
      <QtyInPackage>1</QtyInPackage>
      <ItemPrice>22.90</ItemPrice>
      <UnitOfMeasurePrice>22.90</UnitOfMeasurePrice>
      <AllowDiscount>0</AllowDiscount>
      <itemStatus>1</itemStatus>
      <LastUpdateDate />
      <LastUpdateTime />
    </Product>
    <Product>
      <PriceUpdateDate>2018/05/18 09:20</PriceUpdateDate>
      <ItemCode>5202390014239</ItemCode>
      <ItemType>1</ItemType>
      <ItemName>צהובה טבעונית עם עשבי תיבול</ItemName>
      <ManufactureName>ל.י.ב. (לחיות יותר בטבע) בעמ</ManufactureName>
      <ManufactureCountry />
      <ManufactureItemDescription />
      <UnitQty>יח`</UnitQty>
      <Quantity>1</Quantity>
      <UnitMeasure />
      <BisWeighted>0</BisWeighted>
      <QtyInPackage>1</QtyInPackage>
      <ItemPrice>22.90</ItemPrice>
      <UnitOfMeasurePrice>22.90</UnitOfMeasurePrice>
      <AllowDiscount>0</AllowDiscount>
      <itemStatus>1</itemStatus>
      <LastUpdateDate />
      <LastUpdateTime />
    </Product>
    <Product>
      <PriceUpdateDate>2018/04/24 12:01</PriceUpdateDate>
      <ItemCode>5202390015618</ItemCode>
      <ItemType>1</ItemType>
      <ItemName>צהובה טבעונית אורגינל</ItemName>
      <ManufactureName>ל.י.ב. (לחיות יותר בטבע) בעמ</ManufactureName>
      <ManufactureCountry />
      <ManufactureItemDescription />
      <UnitQty>יח`</UnitQty>
      <Quantity>1</Quantity>
      <UnitMeasure />
      <BisWeighted>0</BisWeighted>
      <QtyInPackage>1</QtyInPackage>
      <ItemPrice>22.90</ItemPrice>
      <UnitOfMeasurePrice>22.90</UnitOfMeasurePrice>
      <AllowDiscount>0</AllowDiscount>
      <itemStatus>1</itemStatus>
      <LastUpdateDate />
      <LastUpdateTime />
    </Product>
    <Product>
      <PriceUpdateDate>2018/04/24 12:52</PriceUpdateDate>
      <ItemCode>5202795080709</ItemCode>
      <ItemType>1</ItemType>
      <ItemName>אוזו מטקסה 700 מל</ItemName>
      <ManufactureName>הכרם - משקאות חריפים בעמ</ManufactureName>
      <ManufactureCountry />
      <ManufactureItemDescription />
      <UnitQty>יח`</UnitQty>
      <Quantity>7</Quantity>
      <UnitMeasure>100 מ"ל</UnitMeasure>
      <BisWeighted>0</BisWeighted>
      <QtyInPackage>1</QtyInPackage>
      <ItemPrice>79</ItemPrice>
      <UnitOfMeasurePrice>11.24</UnitOfMeasurePrice>
      <AllowDiscount>1</AllowDiscount>
      <itemStatus>1</itemStatus>
      <LastUpdateDate />
      <LastUpdateTime />
    </Product>
    <Product>
      <PriceUpdateDate>2018/05/04 10:45</PriceUpdateDate>
      <ItemCode>5391523057929</ItemCode>
      <ItemType>1</ItemType>
      <ItemName>סימילאק גולד שלב 1 700 גר`</ItemName>
      <ManufactureName>שקד תבל בעמ</ManufactureName>
      <ManufactureCountry />
      <ManufactureItemDescription />
      <UnitQty>יח`</UnitQty>
      <Quantity>7</Quantity>
      <UnitMeasure>100 גרם</UnitMeasure>
      <BisWeighted>0</BisWeighted>
      <QtyInPackage>1</QtyInPackage>
      <ItemPrice>84.90</ItemPrice>
      <UnitOfMeasurePrice>12.13</UnitOfMeasurePrice>
      <AllowDiscount>1</AllowDiscount>
      <itemStatus>1</itemStatus>
      <LastUpdateDate />
      <LastUpdateTime />
    </Product>
    <Product>
      <PriceUpdateDate>2018/05/04 10:45</PriceUpdateDate>
      <ItemCode>5391523057936</ItemCode>
      <ItemType>1</ItemType>
      <ItemName>סימילאק גולד שלב 2 700 גר`</ItemName>
      <ManufactureName>שקד תבל בעמ</ManufactureName>
      <ManufactureCountry />
      <ManufactureItemDescription />
      <UnitQty>יח`</UnitQty>
      <Quantity>7</Quantity>
      <UnitMeasure>100 גרם</UnitMeasure>
      <BisWeighted>0</BisWeighted>
      <QtyInPackage>1</QtyInPackage>
      <ItemPrice>84.90</ItemPrice>
      <UnitOfMeasurePrice>12.13</UnitOfMeasurePrice>
      <AllowDiscount>1</AllowDiscount>
      <itemStatus>1</itemStatus>
      <LastUpdateDate />
      <LastUpdateTime />
    </Product>
    <Product>
      <PriceUpdateDate>2018/05/04 10:45</PriceUpdateDate>
      <ItemCode>5391523057943</ItemCode>
      <ItemType>1</ItemType>
      <ItemName>סימילאק גולד שלב 3 700 גר`</ItemName>
      <ManufactureName>שקד תבל בעמ</ManufactureName>
      <ManufactureCountry />
      <ManufactureItemDescription />
      <UnitQty>יח`</UnitQty>
      <Quantity>7</Quantity>
      <UnitMeasure>100 גרם</UnitMeasure>
      <BisWeighted>0</BisWeighted>
      <QtyInPackage>1</QtyInPackage>
      <ItemPrice>84.90</ItemPrice>
      <UnitOfMeasurePrice>12.13</UnitOfMeasurePrice>
      <AllowDiscount>1</AllowDiscount>
      <itemStatus>1</itemStatus>
      <LastUpdateDate />
      <LastUpdateTime />
    </Product>
    <Product>
      <PriceUpdateDate>2019/02/24 08:52</PriceUpdateDate>
      <ItemCode>5391523058070</ItemCode>
      <ItemType>1</ItemType>
      <ItemName>סימילאק אדוונס פלוס שלב 3 700 גר</ItemName>
      <ManufactureName>שקד תבל בעמ</ManufactureName>
      <ManufactureCountry />
      <ManufactureItemDescription />
      <UnitQty>יח`</UnitQty>
      <Quantity>7</Quantity>
      <UnitMeasure>100 גרם</UnitMeasure>
      <BisWeighted>0</BisWeighted>
      <QtyInPackage>1</QtyInPackage>
      <ItemPrice>69.90</ItemPrice>
      <UnitOfMeasurePrice>9.99</UnitOfMeasurePrice>
      <AllowDiscount>1</AllowDiscount>
      <itemStatus>1</itemStatus>
      <LastUpdateDate />
      <LastUpdateTime />
    </Product>
    <Product>
      <PriceUpdateDate>2019/02/24 08:52</PriceUpdateDate>
      <ItemCode>5391523058087</ItemCode>
      <ItemType>1</ItemType>
      <ItemName>סימילאק אדוונס פלוס שלב 2 700 גר</ItemName>
      <ManufactureName>שקד תבל בעמ</ManufactureName>
      <ManufactureCountry />
      <ManufactureItemDescription />
      <UnitQty>יח`</UnitQty>
      <Quantity>7</Quantity>
      <UnitMeasure>100 גרם</UnitMeasure>
      <BisWeighted>0</BisWeighted>
      <QtyInPackage>1</QtyInPackage>
      <ItemPrice>69.90</ItemPrice>
      <UnitOfMeasurePrice>9.99</UnitOfMeasurePrice>
      <AllowDiscount>1</AllowDiscount>
      <itemStatus>1</itemStatus>
      <LastUpdateDate />
      <LastUpdateTime />
    </Product>
    <Product>
      <PriceUpdateDate>2018/04/24 12:01</PriceUpdateDate>
      <ItemCode>5410076379378</ItemCode>
      <ItemType>1</ItemType>
      <ItemName>טייד קולור 5 קג</ItemName>
      <ManufactureName>דיפלומט מפיצים (1968) בעמ</ManufactureName>
      <ManufactureCountry />
      <ManufactureItemDescription />
      <UnitQty>יח`</UnitQty>
      <Quantity>50</Quantity>
      <UnitMeasure>100 גרם</UnitMeasure>
      <BisWeighted>0</BisWeighted>
      <QtyInPackage>1</QtyInPackage>
      <ItemPrice>49.90</ItemPrice>
      <UnitOfMeasurePrice>1</UnitOfMeasurePrice>
      <AllowDiscount>1</AllowDiscount>
      <itemStatus>1</itemStatus>
      <LastUpdateDate />
      <LastUpdateTime />
    </Product>
    <Product>
      <PriceUpdateDate>2018/07/05 11:26</PriceUpdateDate>
      <ItemCode>5410126006087</ItemCode>
      <ItemType>1</ItemType>
      <ItemName>ביסקוויט בטעם קרמל לוטוס (700 גרם)</ItemName>
      <ManufactureName>דיפלומט היינץ</ManufactureName>
      <ManufactureCountry />
      <ManufactureItemDescription />
      <UnitQty>יח`</UnitQty>
      <Quantity>7</Quantity>
      <UnitMeasure>100 גרם</UnitMeasure>
      <BisWeighted>0</BisWeighted>
      <QtyInPackage>1</QtyInPackage>
      <ItemPrice>27.90</ItemPrice>
      <UnitOfMeasurePrice>3.99</UnitOfMeasurePrice>
      <AllowDiscount>1</AllowDiscount>
      <itemStatus>1</itemStatus>
      <LastUpdateDate />
      <LastUpdateTime />
    </Product>
    <Product>
      <PriceUpdateDate>2018/04/24 11:50</PriceUpdateDate>
      <ItemCode>5410126006339</ItemCode>
      <ItemType>1</ItemType>
      <ItemName>לוטוס קרמל 124 גר`</ItemName>
      <ManufactureName>דיפלומט היינץ</ManufactureName>
      <ManufactureCountry />
      <ManufactureItemDescription />
      <UnitQty>יח`</UnitQty>
      <Quantity>1.24</Quantity>
      <UnitMeasure>100 גרם</UnitMeasure>
      <BisWeighted>0</BisWeighted>
      <QtyInPackage>1</QtyInPackage>
      <ItemPrice>5.90</ItemPrice>
      <UnitOfMeasurePrice>4.76</UnitOfMeasurePrice>
      <AllowDiscount>0</AllowDiscount>
      <itemStatus>1</itemStatus>
      <LastUpdateDate />
      <LastUpdateTime />
    </Product>
    <Product>
      <PriceUpdateDate>2019/04/11 10:04</PriceUpdateDate>
      <ItemCode>5410126116953</ItemCode>
      <ItemType>1</ItemType>
      <ItemName>ממרח ביסקוויט קרמל לוטוס (400 גרם)</ItemName>
      <ManufactureName>דיפלומט היינץ</ManufactureName>
      <ManufactureCountry />
      <ManufactureItemDescription />
      <UnitQty>יח`</UnitQty>
      <Quantity>4</Quantity>
      <UnitMeasure>100 גרם</UnitMeasure>
      <BisWeighted>0</BisWeighted>
      <QtyInPackage>1</QtyInPackage>
      <ItemPrice>21.90</ItemPrice>
      <UnitOfMeasurePrice>5.48</UnitOfMeasurePrice>
      <AllowDiscount>1</AllowDiscount>
      <itemStatus>1</itemStatus>
      <LastUpdateDate />
      <LastUpdateTime />
    </Product>
    <Product>
      <PriceUpdateDate>2018/08/26 12:05</PriceUpdateDate>
      <ItemCode>5410126666038</ItemCode>
      <ItemType>1</ItemType>
      <ItemName>עוגיות לוטוס 2*18 279 גר`</ItemName>
      <ManufactureName>דיפלומט היינץ</ManufactureName>
      <ManufactureCountry />
      <ManufactureItemDescription />
      <UnitQty>יח`</UnitQty>
      <Quantity>2.79</Quantity>
      <UnitMeasure>100 גרם</UnitMeasure>
      <BisWeighted>0</BisWeighted>
      <QtyInPackage>1</QtyInPackage>
      <ItemPrice>12.90</ItemPrice>
      <UnitOfMeasurePrice>4.62</UnitOfMeasurePrice>
      <AllowDiscount>0</AllowDiscount>
      <itemStatus>1</itemStatus>
      <LastUpdateDate />
      <LastUpdateTime />
    </Product>
    <Product>
      <PriceUpdateDate>2018/04/24 09:30</PriceUpdateDate>
      <ItemCode>5410126716016</ItemCode>
      <ItemType>1</ItemType>
      <ItemName>ביסקוויט בטעם קרמל לוטוס (250 גרם)</ItemName>
      <ManufactureName>דיפלומט היינץ</ManufactureName>
      <ManufactureCountry />
      <ManufactureItemDescription />
      <UnitQty>יח`</UnitQty>
      <Quantity>2.50</Quantity>
      <UnitMeasure>100 גרם</UnitMeasure>
      <BisWeighted>0</BisWeighted>
      <QtyInPackage>1</QtyInPackage>
      <ItemPrice>11.90</ItemPrice>
      <UnitOfMeasurePrice>4.76</UnitOfMeasurePrice>
      <AllowDiscount>0</AllowDiscount>
      <itemStatus>1</itemStatus>
      <LastUpdateDate />
      <LastUpdateTime />
    </Product>
    <Product>
      <PriceUpdateDate>2018/07/05 11:26</PriceUpdateDate>
      <ItemCode>5410126726947</ItemCode>
      <ItemType>1</ItemType>
      <ItemName>ממרח עוגיות לוטוס קראנץ` 380 גר`</ItemName>
      <ManufactureName>דיפלומט היינץ</ManufactureName>
      <ManufactureCountry />
      <ManufactureItemDescription />
      <UnitQty>יח`</UnitQty>
      <Quantity>3.80</Quantity>
      <UnitMeasure>100 גרם</UnitMeasure>
      <BisWeighted>0</BisWeighted>
      <QtyInPackage>1</QtyInPackage>
      <ItemPrice>22.90</ItemPrice>
      <UnitOfMeasurePrice>6.03</UnitOfMeasurePrice>
      <AllowDiscount>1</AllowDiscount>
      <itemStatus>1</itemStatus>
      <LastUpdateDate />
      <LastUpdateTime />
    </Product>
    <Product>
      <PriceUpdateDate>2018/04/24 09:38</PriceUpdateDate>
      <ItemCode>5410228146162</ItemCode>
      <ItemType>1</ItemType>
      <ItemName>בירה לף בראון (330 מל)</ItemName>
      <ManufactureName>החברה המרכזית להפצת משקאות בעמ</ManufactureName>
      <ManufactureCountry />
      <ManufactureItemDescription />
      <UnitQty>יח`</UnitQty>
      <Quantity>1</Quantity>
      <UnitMeasure />
      <BisWeighted>0</BisWeighted>
      <QtyInPackage>1</QtyInPackage>
      <ItemPrice>8.90</ItemPrice>
      <UnitOfMeasurePrice>8.90</UnitOfMeasurePrice>
      <AllowDiscount>0</AllowDiscount>
      <itemStatus>1</itemStatus>
      <LastUpdateDate />
      <LastUpdateTime />
    </Product>
    <Product>
      <PriceUpdateDate>2018/04/24 12:51</PriceUpdateDate>
      <ItemCode>5410228226963</ItemCode>
      <ItemType>1</ItemType>
      <ItemName>לף בלונד 330 מל</ItemName>
      <ManufactureName>החברה המרכזית להפצת משקאות בעמ</ManufactureName>
      <ManufactureCountry />
      <ManufactureItemDescription />
      <UnitQty>יח`</UnitQty>
      <Quantity>3.30</Quantity>
      <UnitMeasure>100 מ"ל</UnitMeasure>
      <BisWeighted>0</BisWeighted>
      <QtyInPackage>1</QtyInPackage>
      <ItemPrice>8.90</ItemPrice>
      <UnitOfMeasurePrice>2.61</UnitOfMeasurePrice>
      <AllowDiscount>0</AllowDiscount>
      <itemStatus>1</itemStatus>
      <LastUpdateDate />
      <LastUpdateTime />
    </Product>
    <Product>
      <PriceUpdateDate>2019/09/15 13:16</PriceUpdateDate>
      <ItemCode>5410228267515</ItemCode>
      <ItemType>1</ItemType>
      <ItemName>בירה באדוויזר שישייה בקבוק 330 מל</ItemName>
      <ManufactureName>הכרם - משקאות חריפים בעמ</ManufactureName>
      <ManufactureCountry />
      <ManufactureItemDescription />
      <UnitQty>יח`</UnitQty>
      <Quantity>19.80</Quantity>
      <UnitMeasure>100 מ"ל</UnitMeasure>
      <BisWeighted>0</BisWeighted>
      <QtyInPackage>1</QtyInPackage>
      <ItemPrice>34.90</ItemPrice>
      <UnitOfMeasurePrice>1.67</UnitOfMeasurePrice>
      <AllowDiscount>1</AllowDiscount>
      <itemStatus>1</itemStatus>
      <LastUpdateDate />
      <LastUpdateTime />
    </Product>
    <Product>
      <PriceUpdateDate>2018/04/24 12:47</PriceUpdateDate>
      <ItemCode>5410291021991</ItemCode>
      <ItemType>1</ItemType>
      <ItemName>ממרח אגוזי לוז עם קקאו צ`וקטה (700 גרם)</ItemName>
      <ManufactureName>ליימן שליסל בעמ</ManufactureName>
      <ManufactureCountry />
      <ManufactureItemDescription />
      <UnitQty>יח`</UnitQty>
      <Quantity>7</Quantity>
      <UnitMeasure>100 גרם</UnitMeasure>
      <BisWeighted>0</BisWeighted>
      <QtyInPackage>1</QtyInPackage>
      <ItemPrice>17.90</ItemPrice>
      <UnitOfMeasurePrice>2.56</UnitOfMeasurePrice>
      <AllowDiscount>0</AllowDiscount>
      <itemStatus>1</itemStatus>
      <LastUpdateDate />
      <LastUpdateTime />
    </Product>
    <Product>
      <PriceUpdateDate>2018/04/24 12:47</PriceUpdateDate>
      <ItemCode>5410291022011</ItemCode>
      <ItemType>1</ItemType>
      <ItemName>ממרח אגוזי לוז עם קקאו צ`וקטה (350 גרם)</ItemName>
      <ManufactureName>ליימן שליסל בעמ</ManufactureName>
      <ManufactureCountry />
      <ManufactureItemDescription />
      <UnitQty>יח`</UnitQty>
      <Quantity>3.50</Quantity>
      <UnitMeasure>100 גרם</UnitMeasure>
      <BisWeighted>0</BisWeighted>
      <QtyInPackage>1</QtyInPackage>
      <ItemPrice>10.90</ItemPrice>
      <UnitOfMeasurePrice>3.11</UnitOfMeasurePrice>
      <AllowDiscount>0</AllowDiscount>
      <itemStatus>1</itemStatus>
      <LastUpdateDate />
      <LastUpdateTime />
    </Product>
    <Product>
      <PriceUpdateDate>2018/04/24 12:48</PriceUpdateDate>
      <ItemCode>5410291022752</ItemCode>
      <ItemType>1</ItemType>
      <ItemName>ממרח צ`וקטה 350  גר`פרווה</ItemName>
      <ManufactureName>ליימן שליסל בעמ</ManufactureName>
      <ManufactureCountry />
      <ManufactureItemDescription />
      <UnitQty>יח`</UnitQty>
      <Quantity>3.50</Quantity>
      <UnitMeasure>100 גרם</UnitMeasure>
      <BisWeighted>0</BisWeighted>
      <QtyInPackage>1</QtyInPackage>
      <ItemPrice>10.90</ItemPrice>
      <UnitOfMeasurePrice>3.11</UnitOfMeasurePrice>
      <AllowDiscount>0</AllowDiscount>
      <itemStatus>1</itemStatus>
      <LastUpdateDate />
      <LastUpdateTime />
    </Product>
    <Product>
      <PriceUpdateDate>2019/09/25 09:45</PriceUpdateDate>
      <ItemCode>5410316994019</ItemCode>
      <ItemType>1</ItemType>
      <ItemName>וודקה סמירנוף אדום (700 מל)</ItemName>
      <ManufactureName>החברה המרכזית להפצת משקאות-אלכ</ManufactureName>
      <ManufactureCountry />
      <ManufactureItemDescription />
      <UnitQty>יח`</UnitQty>
      <Quantity>7</Quantity>
      <UnitMeasure>100 מ"ל</UnitMeasure>
      <BisWeighted>0</BisWeighted>
      <QtyInPackage>1</QtyInPackage>
      <ItemPrice>54.90</ItemPrice>
      <UnitOfMeasurePrice>7.80</UnitOfMeasurePrice>
      <AllowDiscount>0</AllowDiscount>
      <itemStatus>1</itemStatus>
      <LastUpdateDate />
      <LastUpdateTime />
    </Product>
    <Product>
      <PriceUpdateDate>2019/10/28 15:00</PriceUpdateDate>
      <ItemCode>5410769100081</ItemCode>
      <ItemType>1</ItemType>
      <ItemName>בקבוק לה שוף 330 מל</ItemName>
      <ManufactureName>הכרם - משקאות חריפים בעמ</ManufactureName>
      <ManufactureCountry />
      <ManufactureItemDescription />
      <UnitQty>יח`</UnitQty>
      <Quantity>3.30</Quantity>
      <UnitMeasure>100 מ"ל</UnitMeasure>
      <BisWeighted>0</BisWeighted>
      <QtyInPackage>1</QtyInPackage>
      <ItemPrice>14.90</ItemPrice>
      <UnitOfMeasurePrice>4.42</UnitOfMeasurePrice>
      <AllowDiscount>1</AllowDiscount>
      <itemStatus>1</itemStatus>
      <LastUpdateDate />
      <LastUpdateTime />
    </Product>
    <Product>
      <PriceUpdateDate>2019/10/28 15:00</PriceUpdateDate>
      <ItemCode>5410769200088</ItemCode>
      <ItemType>1</ItemType>
      <ItemName>בירה מק שוף 330 מל בקבוק</ItemName>
      <ManufactureName>הכרם - משקאות חריפים בעמ</ManufactureName>
      <ManufactureCountry />
      <ManufactureItemDescription />
      <UnitQty>יח`</UnitQty>
      <Quantity>3.30</Quantity>
      <UnitMeasure>100 מ"ל</UnitMeasure>
      <BisWeighted>0</BisWeighted>
      <QtyInPackage>1</QtyInPackage>
      <ItemPrice>14.90</ItemPrice>
      <UnitOfMeasurePrice>4.42</UnitOfMeasurePrice>
      <AllowDiscount>1</AllowDiscount>
      <itemStatus>1</itemStatus>
      <LastUpdateDate />
      <LastUpdateTime />
    </Product>
    <Product>
      <PriceUpdateDate>2019/10/28 15:00</PriceUpdateDate>
      <ItemCode>5410769800097</ItemCode>
      <ItemType>1</ItemType>
      <ItemName>בקבוק צ`רי שוף 8% 330 מל</ItemName>
      <ManufactureName>הכרם - משקאות חריפים בעמ</ManufactureName>
      <ManufactureCountry />
      <ManufactureItemDescription />
      <UnitQty>יח`</UnitQty>
      <Quantity>3.30</Quantity>
      <UnitMeasure>100 מ"ל</UnitMeasure>
      <BisWeighted>0</BisWeighted>
      <QtyInPackage>1</QtyInPackage>
      <ItemPrice>14.90</ItemPrice>
      <UnitOfMeasurePrice>4.42</UnitOfMeasurePrice>
      <AllowDiscount>1</AllowDiscount>
      <itemStatus>1</itemStatus>
      <LastUpdateDate />
      <LastUpdateTime />
    </Product>
    <Product>
      <PriceUpdateDate>2019/12/15 11:59</PriceUpdateDate>
      <ItemCode>5411098731113</ItemCode>
      <ItemType>1</ItemType>
      <ItemName>בירה אפליכם בלונד 300 מל.</ItemName>
      <ManufactureName>טמפו משקאות בעמ</ManufactureName>
      <ManufactureCountry />
      <ManufactureItemDescription />
      <UnitQty>יח`</UnitQty>
      <Quantity>3</Quantity>
      <UnitMeasure>100 מ"ל</UnitMeasure>
      <BisWeighted>0</BisWeighted>
      <QtyInPackage>1</QtyInPackage>
      <ItemPrice>8.90</ItemPrice>
      <UnitOfMeasurePrice>2.87</UnitOfMeasurePrice>
      <AllowDiscount>0</AllowDiscount>
      <itemStatus>1</itemStatus>
      <LastUpdateDate />
      <LastUpdateTime />
    </Product>
    <Product>
      <PriceUpdateDate>2018/04/24 12:16</PriceUpdateDate>
      <ItemCode>5411188080268</ItemCode>
      <ItemType>1</ItemType>
      <ItemName>משקה סויה אלפרו אורגני אלפרו (1 ליטר)</ItemName>
      <ManufactureName>ש.שסטוביץ בעמ</ManufactureName>
      <ManufactureCountry />
      <ManufactureItemDescription />
      <UnitQty>יח`</UnitQty>
      <Quantity>10</Quantity>
      <UnitMeasure>100 מ"ל</UnitMeasure>
      <BisWeighted>0</BisWeighted>
      <QtyInPackage>1</QtyInPackage>
      <ItemPrice>14.90</ItemPrice>
      <UnitOfMeasurePrice>1.49</UnitOfMeasurePrice>
      <AllowDiscount>1</AllowDiscount>
      <itemStatus>1</itemStatus>
      <LastUpdateDate />
      <LastUpdateTime />
    </Product>
    <Product>
      <PriceUpdateDate>2018/04/24 12:30</PriceUpdateDate>
      <ItemCode>5411188081852</ItemCode>
      <ItemType>1</ItemType>
      <ItemName>אלפרו סויה וניל 1 ליטר</ItemName>
      <ManufactureName>ש.שסטוביץ בעמ</ManufactureName>
      <ManufactureCountry />
      <ManufactureItemDescription />
      <UnitQty>יח`</UnitQty>
      <Quantity>10</Quantity>
      <UnitMeasure>100 מ"ל</UnitMeasure>
      <BisWeighted>0</BisWeighted>
      <QtyInPackage>1</QtyInPackage>
      <ItemPrice>14.90</ItemPrice>
      <UnitOfMeasurePrice>1.49</UnitOfMeasurePrice>
      <AllowDiscount>1</AllowDiscount>
      <itemStatus>1</itemStatus>
      <LastUpdateDate />
      <LastUpdateTime />
    </Product>
    <Product>
      <PriceUpdateDate>2018/04/24 09:18</PriceUpdateDate>
      <ItemCode>5411188094159</ItemCode>
      <ItemType>1</ItemType>
      <ItemName>אלפרו מעדן סויה בטעם שוקו מריר רביעייה</ItemName>
      <ManufactureName>ש.שסטוביץ בעמ</ManufactureName>
      <ManufactureCountry />
      <ManufactureItemDescription />
      <UnitQty>יח`</UnitQty>
      <Quantity>5</Quantity>
      <UnitMeasure>100 גרם</UnitMeasure>
      <BisWeighted>0</BisWeighted>
      <QtyInPackage>1</QtyInPackage>
      <ItemPrice>16.90</ItemPrice>
      <UnitOfMeasurePrice>3.38</UnitOfMeasurePrice>
      <AllowDiscount>0</AllowDiscount>
      <itemStatus>1</itemStatus>
      <LastUpdateDate />
      <LastUpdateTime />
    </Product>
    <Product>
      <PriceUpdateDate>2018/04/24 12:16</PriceUpdateDate>
      <ItemCode>5411188106159</ItemCode>
      <ItemType>1</ItemType>
      <ItemName>אלפרו סויה לייט בטעם טבעי 1 ליטר</ItemName>
      <ManufactureName>ש.שסטוביץ בעמ</ManufactureName>
      <ManufactureCountry />
      <ManufactureItemDescription />
      <UnitQty>יח`</UnitQty>
      <Quantity>10</Quantity>
      <UnitMeasure>100 מ"ל</UnitMeasure>
      <BisWeighted>0</BisWeighted>
      <QtyInPackage>1</QtyInPackage>
      <ItemPrice>14.90</ItemPrice>
      <UnitOfMeasurePrice>1.49</UnitOfMeasurePrice>
      <AllowDiscount>1</AllowDiscount>
      <itemStatus>1</itemStatus>
      <LastUpdateDate />
      <LastUpdateTime />
    </Product>
    <Product>
      <PriceUpdateDate>2018/04/24 11:59</PriceUpdateDate>
      <ItemCode>5411188112549</ItemCode>
      <ItemType>1</ItemType>
      <ItemName>משקה על בסיס אורז אלפרו (1 ליטר)</ItemName>
      <ManufactureName>ש.שסטוביץ בעמ</ManufactureName>
      <ManufactureCountry />
      <ManufactureItemDescription />
      <UnitQty>יח`</UnitQty>
      <Quantity>0.01</Quantity>
      <UnitMeasure>100 מ"ל</UnitMeasure>
      <BisWeighted>0</BisWeighted>
      <QtyInPackage>1</QtyInPackage>
      <ItemPrice>13.90</ItemPrice>
      <UnitOfMeasurePrice>1390</UnitOfMeasurePrice>
      <AllowDiscount>1</AllowDiscount>
      <itemStatus>1</itemStatus>
      <LastUpdateDate />
      <LastUpdateTime />
    </Product>
    <Product>
      <PriceUpdateDate>2018/04/24 12:43</PriceUpdateDate>
      <ItemCode>5411188114666</ItemCode>
      <ItemType>1</ItemType>
      <ItemName>אלפרו משקה שקדים בטעם שוקולד מריר 1 ליט</ItemName>
      <ManufactureName>ש.שסטוביץ בעמ</ManufactureName>
      <ManufactureCountry />
      <ManufactureItemDescription />
      <UnitQty>יח`</UnitQty>
      <Quantity>10</Quantity>
      <UnitMeasure>100 מ"ל</UnitMeasure>
      <BisWeighted>0</BisWeighted>
      <QtyInPackage>1</QtyInPackage>
      <ItemPrice>13.90</ItemPrice>
      <UnitOfMeasurePrice>1.39</UnitOfMeasurePrice>
      <AllowDiscount>1</AllowDiscount>
      <itemStatus>1</itemStatus>
      <LastUpdateDate />
      <LastUpdateTime />
    </Product>
    <Product>
      <PriceUpdateDate>2018/04/24 11:59</PriceUpdateDate>
      <ItemCode>5411188116592</ItemCode>
      <ItemType>1</ItemType>
      <ItemName>משקה קוקוס אלפרו (1 ליטר)</ItemName>
      <ManufactureName>ש.שסטוביץ בעמ</ManufactureName>
      <ManufactureCountry />
      <ManufactureItemDescription />
      <UnitQty>יח`</UnitQty>
      <Quantity>0.01</Quantity>
      <UnitMeasure>100 מ"ל</UnitMeasure>
      <BisWeighted>0</BisWeighted>
      <QtyInPackage>1</QtyInPackage>
      <ItemPrice>13.90</ItemPrice>
      <UnitOfMeasurePrice>1390</UnitOfMeasurePrice>
      <AllowDiscount>1</AllowDiscount>
      <itemStatus>1</itemStatus>
      <LastUpdateDate />
      <LastUpdateTime />
    </Product>
    <Product>
      <PriceUpdateDate>2018/04/24 12:17</PriceUpdateDate>
      <ItemCode>5411188118732</ItemCode>
      <ItemType>1</ItemType>
      <ItemName>משקה קוקוס ושקדים אלפרו (1 ליטר)</ItemName>
      <ManufactureName>ש.שסטוביץ בעמ</ManufactureName>
      <ManufactureCountry />
      <ManufactureItemDescription />
      <UnitQty>יח`</UnitQty>
      <Quantity>10</Quantity>
      <UnitMeasure>100 מ"ל</UnitMeasure>
      <BisWeighted>0</BisWeighted>
      <QtyInPackage>1</QtyInPackage>
      <ItemPrice>13.90</ItemPrice>
      <UnitOfMeasurePrice>1.39</UnitOfMeasurePrice>
      <AllowDiscount>1</AllowDiscount>
      <itemStatus>1</itemStatus>
      <LastUpdateDate />
      <LastUpdateTime />
    </Product>
    <Product>
      <PriceUpdateDate>2018/04/24 12:17</PriceUpdateDate>
      <ItemCode>5411188120742</ItemCode>
      <ItemType>1</ItemType>
      <ItemName>משקה שקדים בטעם וניל אלפרו (1 ליטר)</ItemName>
      <ManufactureName>ש.שסטוביץ בעמ</ManufactureName>
      <ManufactureCountry />
      <ManufactureItemDescription />
      <UnitQty>יח`</UnitQty>
      <Quantity>10</Quantity>
      <UnitMeasure>100 מ"ל</UnitMeasure>
      <BisWeighted>0</BisWeighted>
      <QtyInPackage>1</QtyInPackage>
      <ItemPrice>13.90</ItemPrice>
      <UnitOfMeasurePrice>1.39</UnitOfMeasurePrice>
      <AllowDiscount>1</AllowDiscount>
      <itemStatus>1</itemStatus>
      <LastUpdateDate />
      <LastUpdateTime />
    </Product>
    <Product>
      <PriceUpdateDate>2018/04/24 12:49</PriceUpdateDate>
      <ItemCode>5411188122586</ItemCode>
      <ItemType>1</ItemType>
      <ItemName>אלפרו משקה שקדים 250 מל</ItemName>
      <ManufactureName>ש.שסטוביץ בעמ</ManufactureName>
      <ManufactureCountry />
      <ManufactureItemDescription />
      <UnitQty>יח`</UnitQty>
      <Quantity>2.50</Quantity>
      <UnitMeasure>100 מ"ל</UnitMeasure>
      <BisWeighted>0</BisWeighted>
      <QtyInPackage>1</QtyInPackage>
      <ItemPrice>5.90</ItemPrice>
      <UnitOfMeasurePrice>2.36</UnitOfMeasurePrice>
      <AllowDiscount>0</AllowDiscount>
      <itemStatus>1</itemStatus>
      <LastUpdateDate />
      <LastUpdateTime />
    </Product>
    <Product>
      <PriceUpdateDate>2018/04/24 12:48</PriceUpdateDate>
      <ItemCode>5411188122661</ItemCode>
      <ItemType>1</ItemType>
      <ItemName>אלפרו משקה שקדים לא קלויים ללא תוספת סוכ</ItemName>
      <ManufactureName>ש.שסטוביץ בעמ</ManufactureName>
      <ManufactureCountry />
      <ManufactureItemDescription />
      <UnitQty>יח`</UnitQty>
      <Quantity>1</Quantity>
      <UnitMeasure>1 ליטר</UnitMeasure>
      <BisWeighted>0</BisWeighted>
      <QtyInPackage>1</QtyInPackage>
      <ItemPrice>13.90</ItemPrice>
      <UnitOfMeasurePrice>13.90</UnitOfMeasurePrice>
      <AllowDiscount>1</AllowDiscount>
      <itemStatus>1</itemStatus>
      <LastUpdateDate />
      <LastUpdateTime />
    </Product>
    <Product>
      <PriceUpdateDate>2018/04/24 12:48</PriceUpdateDate>
      <ItemCode>5411188122890</ItemCode>
      <ItemType>1</ItemType>
      <ItemName>אלפרו משקה קשיו 1 ליטר</ItemName>
      <ManufactureName>ש.שסטוביץ בעמ</ManufactureName>
      <ManufactureCountry />
      <ManufactureItemDescription />
      <UnitQty>יח`</UnitQty>
      <Quantity>1</Quantity>
      <UnitMeasure>1 ליטר</UnitMeasure>
      <BisWeighted>0</BisWeighted>
      <QtyInPackage>1</QtyInPackage>
      <ItemPrice>13.90</ItemPrice>
      <UnitOfMeasurePrice>13.90</UnitOfMeasurePrice>
      <AllowDiscount>1</AllowDiscount>
      <itemStatus>1</itemStatus>
      <LastUpdateDate />
      <LastUpdateTime />
    </Product>
    <Product>
      <PriceUpdateDate>2018/04/24 13:13</PriceUpdateDate>
      <ItemCode>5411188124726</ItemCode>
      <ItemType>1</ItemType>
      <ItemName>משקה שיבולת שועל שקדים 1 ליטר אלפרו</ItemName>
      <ManufactureName>ש.שסטוביץ בעמ</ManufactureName>
      <ManufactureCountry />
      <ManufactureItemDescription />
      <UnitQty>יח`</UnitQty>
      <Quantity>0.01</Quantity>
      <UnitMeasure>100 מ"ל</UnitMeasure>
      <BisWeighted>0</BisWeighted>
      <QtyInPackage>1</QtyInPackage>
      <ItemPrice>13.90</ItemPrice>
      <UnitOfMeasurePrice>1390</UnitOfMeasurePrice>
      <AllowDiscount>1</AllowDiscount>
      <itemStatus>1</itemStatus>
      <LastUpdateDate />
      <LastUpdateTime />
    </Product>
    <Product>
      <PriceUpdateDate>2018/06/10 17:06</PriceUpdateDate>
      <ItemCode>5411188126195</ItemCode>
      <ItemType>1</ItemType>
      <ItemName>משקה שקדים אורגני 1 ליטר אלפרו</ItemName>
      <ManufactureName>ש.שסטוביץ בעמ</ManufactureName>
      <ManufactureCountry />
      <ManufactureItemDescription />
      <UnitQty>יח`</UnitQty>
      <Quantity>10</Quantity>
      <UnitMeasure>100 מ"ל</UnitMeasure>
      <BisWeighted>0</BisWeighted>
      <QtyInPackage>1</QtyInPackage>
      <ItemPrice>13.90</ItemPrice>
      <UnitOfMeasurePrice>1.39</UnitOfMeasurePrice>
      <AllowDiscount>1</AllowDiscount>
      <itemStatus>1</itemStatus>
      <LastUpdateDate />
      <LastUpdateTime />
    </Product>
    <Product>
      <PriceUpdateDate>2018/04/24 12:30</PriceUpdateDate>
      <ItemCode>5411188300328</ItemCode>
      <ItemType>1</ItemType>
      <ItemName>משקה סויה בטעם שוקו אלפרו (1 ליטר)</ItemName>
      <ManufactureName>ש.שסטוביץ בעמ</ManufactureName>
      <ManufactureCountry />
      <ManufactureItemDescription />
      <UnitQty>יח`</UnitQty>
      <Quantity>10</Quantity>
      <UnitMeasure>100 מ"ל</UnitMeasure>
      <BisWeighted>0</BisWeighted>
      <QtyInPackage>1</QtyInPackage>
      <ItemPrice>14.90</ItemPrice>
      <UnitOfMeasurePrice>1.49</UnitOfMeasurePrice>
      <AllowDiscount>1</AllowDiscount>
      <itemStatus>1</itemStatus>
      <LastUpdateDate />
      <LastUpdateTime />
    </Product>
    <Product>
      <PriceUpdateDate>2018/04/24 13:09</PriceUpdateDate>
      <ItemCode>5411188511137</ItemCode>
      <ItemType>1</ItemType>
      <ItemName>משקה סויה אורגני ללא סוכר 1 ליטר אלפרו</ItemName>
      <ManufactureName>ש.שסטוביץ בעמ</ManufactureName>
      <ManufactureCountry />
      <ManufactureItemDescription />
      <UnitQty>יח`</UnitQty>
      <Quantity>0.01</Quantity>
      <UnitMeasure>100 מ"ל</UnitMeasure>
      <BisWeighted>0</BisWeighted>
      <QtyInPackage>1</QtyInPackage>
      <ItemPrice>14.90</ItemPrice>
      <UnitOfMeasurePrice>1490</UnitOfMeasurePrice>
      <AllowDiscount>1</AllowDiscount>
      <itemStatus>1</itemStatus>
      <LastUpdateDate />
      <LastUpdateTime />
    </Product>
    <Product>
      <PriceUpdateDate>2019/12/29 10:01</PriceUpdateDate>
      <ItemCode>5411223030081</ItemCode>
      <ItemType>1</ItemType>
      <ItemName>בירה דובדבן לינדמנס קריק (250 מל)</ItemName>
      <ManufactureName>הכרם - משקאות חריפים בעמ</ManufactureName>
      <ManufactureCountry />
      <ManufactureItemDescription />
      <UnitQty>יח`</UnitQty>
      <Quantity>2.50</Quantity>
      <UnitMeasure>100 מ"ל</UnitMeasure>
      <BisWeighted>0</BisWeighted>
      <QtyInPackage>1</QtyInPackage>
      <ItemPrice>13.90</ItemPrice>
      <UnitOfMeasurePrice>5.44</UnitOfMeasurePrice>
      <AllowDiscount>1</AllowDiscount>
      <itemStatus>1</itemStatus>
      <LastUpdateDate />
      <LastUpdateTime />
    </Product>
    <Product>
      <PriceUpdateDate>2019/10/28 15:00</PriceUpdateDate>
      <ItemCode>5411681014005</ItemCode>
      <ItemType>1</ItemType>
      <ItemName>בירה דובל 7% 330 מל</ItemName>
      <ManufactureName>הכרם - משקאות חריפים בעמ</ManufactureName>
      <ManufactureCountry />
      <ManufactureItemDescription />
      <UnitQty>יח`</UnitQty>
      <Quantity>3.30</Quantity>
      <UnitMeasure>100 מ"ל</UnitMeasure>
      <BisWeighted>0</BisWeighted>
      <QtyInPackage>1</QtyInPackage>
      <ItemPrice>14.90</ItemPrice>
      <UnitOfMeasurePrice>4.42</UnitOfMeasurePrice>
      <AllowDiscount>1</AllowDiscount>
      <itemStatus>1</itemStatus>
      <LastUpdateDate />
      <LastUpdateTime />
    </Product>
    <Product>
      <PriceUpdateDate>2019/10/28 15:00</PriceUpdateDate>
      <ItemCode>5411681038001</ItemCode>
      <ItemType>1</ItemType>
      <ItemName>בירה טריפל מרדסו (330 מל)</ItemName>
      <ManufactureName>הכרם - משקאות חריפים בעמ</ManufactureName>
      <ManufactureCountry />
      <ManufactureItemDescription />
      <UnitQty>יח`</UnitQty>
      <Quantity>3.30</Quantity>
      <UnitMeasure>100 מ"ל</UnitMeasure>
      <BisWeighted>0</BisWeighted>
      <QtyInPackage>1</QtyInPackage>
      <ItemPrice>14.90</ItemPrice>
      <UnitOfMeasurePrice>4.42</UnitOfMeasurePrice>
      <AllowDiscount>1</AllowDiscount>
      <itemStatus>1</itemStatus>
      <LastUpdateDate />
      <LastUpdateTime />
    </Product>
    <Product>
      <PriceUpdateDate>2019/12/29 10:01</PriceUpdateDate>
      <ItemCode>5411686700118</ItemCode>
      <ItemType>1</ItemType>
      <ItemName>בירה פירות לייפמנס (250 מל)</ItemName>
      <ManufactureName>הכרם - משקאות חריפים בעמ</ManufactureName>
      <ManufactureCountry />
      <ManufactureItemDescription />
      <UnitQty>יח`</UnitQty>
      <Quantity>2.50</Quantity>
      <UnitMeasure>100 מ"ל</UnitMeasure>
      <BisWeighted>0</BisWeighted>
      <QtyInPackage>1</QtyInPackage>
      <ItemPrice>13.90</ItemPrice>
      <UnitOfMeasurePrice>5.44</UnitOfMeasurePrice>
      <AllowDiscount>1</AllowDiscount>
      <itemStatus>1</itemStatus>
      <LastUpdateDate />
      <LastUpdateTime />
    </Product>
    <Product>
      <PriceUpdateDate>2020/03/15 15:22</PriceUpdateDate>
      <ItemCode>5413149922907</ItemCode>
      <ItemType>1</ItemType>
      <ItemName>אריאל 5 קג` קולור</ItemName>
      <ManufactureName>דיפלומט מפיצים (1968) בעמ</ManufactureName>
      <ManufactureCountry />
      <ManufactureItemDescription />
      <UnitQty>יח`</UnitQty>
      <Quantity>50</Quantity>
      <UnitMeasure>100 גרם</UnitMeasure>
      <BisWeighted>0</BisWeighted>
      <QtyInPackage>1</QtyInPackage>
      <ItemPrice>44.90</ItemPrice>
      <UnitOfMeasurePrice>0.90</UnitOfMeasurePrice>
      <AllowDiscount>1</AllowDiscount>
      <itemStatus>1</itemStatus>
      <LastUpdateDate />
      <LastUpdateTime />
    </Product>
    <Product>
      <PriceUpdateDate>2020/03/15 15:22</PriceUpdateDate>
      <ItemCode>5413149922938</ItemCode>
      <ItemType>1</ItemType>
      <ItemName>אריאל 5 קג` שושן צחור</ItemName>
      <ManufactureName>דיפלומט מפיצים (1968) בעמ</ManufactureName>
      <ManufactureCountry />
      <ManufactureItemDescription />
      <UnitQty>יח`</UnitQty>
      <Quantity>50</Quantity>
      <UnitMeasure>100 גרם</UnitMeasure>
      <BisWeighted>0</BisWeighted>
      <QtyInPackage>1</QtyInPackage>
      <ItemPrice>44.90</ItemPrice>
      <UnitOfMeasurePrice>0.90</UnitOfMeasurePrice>
      <AllowDiscount>1</AllowDiscount>
      <itemStatus>1</itemStatus>
      <LastUpdateDate />
      <LastUpdateTime />
    </Product>
    <Product>
      <PriceUpdateDate>2018/07/08 11:12</PriceUpdateDate>
      <ItemCode>5413548280189</ItemCode>
      <ItemType>1</ItemType>
      <ItemName>שוקובון קינדר (125 גרם)</ItemName>
      <ManufactureName>פרימיום-חברה לדברי מתיקה ולמסח</ManufactureName>
      <ManufactureCountry />
      <ManufactureItemDescription />
      <UnitQty>יח`</UnitQty>
      <Quantity>1.25</Quantity>
      <UnitMeasure>100 גרם</UnitMeasure>
      <BisWeighted>0</BisWeighted>
      <QtyInPackage>1</QtyInPackage>
      <ItemPrice>12.90</ItemPrice>
      <UnitOfMeasurePrice>10.32</UnitOfMeasurePrice>
      <AllowDiscount>0</AllowDiscount>
      <itemStatus>1</itemStatus>
      <LastUpdateDate />
      <LastUpdateTime />
    </Product>
    <Product>
      <PriceUpdateDate>2019/12/22 17:04</PriceUpdateDate>
      <ItemCode>5413548280585</ItemCode>
      <ItemType>1</ItemType>
      <ItemName>קינדר שוקובון 200 גר`</ItemName>
      <ManufactureName>פרימיום-חברה לדברי מתיקה ולמסח</ManufactureName>
      <ManufactureCountry />
      <ManufactureItemDescription />
      <UnitQty>יח`</UnitQty>
      <Quantity>2</Quantity>
      <UnitMeasure>100 גרם</UnitMeasure>
      <BisWeighted>0</BisWeighted>
      <QtyInPackage>1</QtyInPackage>
      <ItemPrice>14.90</ItemPrice>
      <UnitOfMeasurePrice>7.45</UnitOfMeasurePrice>
      <AllowDiscount>1</AllowDiscount>
      <itemStatus>1</itemStatus>
      <LastUpdateDate />
      <LastUpdateTime />
    </Product>
    <Product>
      <PriceUpdateDate>2018/04/24 11:14</PriceUpdateDate>
      <ItemCode>5601008200451</ItemCode>
      <ItemType>1</ItemType>
      <ItemName>מרבה גודיס שוקולד מריר</ItemName>
      <ManufactureName>ש.שסטוביץ בעמ</ManufactureName>
      <ManufactureCountry />
      <ManufactureItemDescription />
      <UnitQty>יח`</UnitQty>
      <Quantity>1.50</Quantity>
      <UnitMeasure>100 גרם</UnitMeasure>
      <BisWeighted>0</BisWeighted>
      <QtyInPackage>1</QtyInPackage>
      <ItemPrice>7.90</ItemPrice>
      <UnitOfMeasurePrice>5.27</UnitOfMeasurePrice>
      <AllowDiscount>1</AllowDiscount>
      <itemStatus>1</itemStatus>
      <LastUpdateDate />
      <LastUpdateTime />
    </Product>
    <Product>
      <PriceUpdateDate>2018/04/24 10:50</PriceUpdateDate>
      <ItemCode>5601045300022</ItemCode>
      <ItemType>1</ItemType>
      <ItemName>משקה גוארנה אנטרטיקה פחית 330 מל</ItemName>
      <ManufactureName>טמפו משקאות בעמ</ManufactureName>
      <ManufactureCountry />
      <ManufactureItemDescription />
      <UnitQty>יח`</UnitQty>
      <Quantity>3.30</Quantity>
      <UnitMeasure>100 מ"ל</UnitMeasure>
      <BisWeighted>0</BisWeighted>
      <QtyInPackage>1</QtyInPackage>
      <ItemPrice>6</ItemPrice>
      <UnitOfMeasurePrice>1.73</UnitOfMeasurePrice>
      <AllowDiscount>0</AllowDiscount>
      <itemStatus>1</itemStatus>
      <LastUpdateDate />
      <LastUpdateTime />
    </Product>
    <Product>
      <PriceUpdateDate>2018/10/18 15:43</PriceUpdateDate>
      <ItemCode>5701932026971</ItemCode>
      <ItemType>1</ItemType>
      <ItemName>הוט פופ חמאה 600 גר`</ItemName>
      <ManufactureName>ליימן שליסל בעמ</ManufactureName>
      <ManufactureCountry />
      <ManufactureItemDescription />
      <UnitQty>יח`</UnitQty>
      <Quantity>6</Quantity>
      <UnitMeasure>100 גרם</UnitMeasure>
      <BisWeighted>0</BisWeighted>
      <QtyInPackage>1</QtyInPackage>
      <ItemPrice>15.90</ItemPrice>
      <UnitOfMeasurePrice>2.65</UnitOfMeasurePrice>
      <AllowDiscount>0</AllowDiscount>
      <itemStatus>1</itemStatus>
      <LastUpdateDate />
      <LastUpdateTime />
    </Product>
    <Product>
      <PriceUpdateDate>2018/10/18 15:43</PriceUpdateDate>
      <ItemCode>5701932026995</ItemCode>
      <ItemType>1</ItemType>
      <ItemName>הוט פופ לייט 600גר`</ItemName>
      <ManufactureName>ליימן שליסל בעמ</ManufactureName>
      <ManufactureCountry />
      <ManufactureItemDescription />
      <UnitQty>יח`</UnitQty>
      <Quantity>6</Quantity>
      <UnitMeasure>100 גרם</UnitMeasure>
      <BisWeighted>0</BisWeighted>
      <QtyInPackage>1</QtyInPackage>
      <ItemPrice>15.90</ItemPrice>
      <UnitOfMeasurePrice>2.65</UnitOfMeasurePrice>
      <AllowDiscount>0</AllowDiscount>
      <itemStatus>1</itemStatus>
      <LastUpdateDate />
      <LastUpdateTime />
    </Product>
    <Product>
      <PriceUpdateDate>2018/10/18 15:43</PriceUpdateDate>
      <ItemCode>5706516031358</ItemCode>
      <ItemType>1</ItemType>
      <ItemName>הוט פופ 600 גר`</ItemName>
      <ManufactureName>ליימן שליסל בעמ</ManufactureName>
      <ManufactureCountry />
      <ManufactureItemDescription />
      <UnitQty>יח`</UnitQty>
      <Quantity>6</Quantity>
      <UnitMeasure>100 גרם</UnitMeasure>
      <BisWeighted>0</BisWeighted>
      <QtyInPackage>1</QtyInPackage>
      <ItemPrice>15.90</ItemPrice>
      <UnitOfMeasurePrice>2.65</UnitOfMeasurePrice>
      <AllowDiscount>0</AllowDiscount>
      <itemStatus>1</itemStatus>
      <LastUpdateDate />
      <LastUpdateTime />
    </Product>
    <Product>
      <PriceUpdateDate>2019/11/17 10:51</PriceUpdateDate>
      <ItemCode>5711953106583</ItemCode>
      <ItemType>1</ItemType>
      <ItemName>גבינת שמנת עשבי טבעי 200 גר` ארלה</ItemName>
      <ManufactureName>שטראוס גרופ בעמ/מצונן</ManufactureName>
      <ManufactureCountry />
      <ManufactureItemDescription />
      <UnitQty>יח`</UnitQty>
      <Quantity>2</Quantity>
      <UnitMeasure>100 גרם</UnitMeasure>
      <BisWeighted>0</BisWeighted>
      <QtyInPackage>1</QtyInPackage>
      <ItemPrice>14.90</ItemPrice>
      <UnitOfMeasurePrice>7.45</UnitOfMeasurePrice>
      <AllowDiscount>1</AllowDiscount>
      <itemStatus>1</itemStatus>
      <LastUpdateDate />
      <LastUpdateTime />
    </Product>
    <Product>
      <PriceUpdateDate>2018/11/05 14:24</PriceUpdateDate>
      <ItemCode>5740900403239</ItemCode>
      <ItemType>1</ItemType>
      <ItemName>ממרח לורפק ללא מלח 250 גר`</ItemName>
      <ManufactureName>שטראוס גרופ בעמ/מצונן</ManufactureName>
      <ManufactureCountry />
      <ManufactureItemDescription />
      <UnitQty>יח`</UnitQty>
      <Quantity>2.50</Quantity>
      <UnitMeasure>100 גרם</UnitMeasure>
      <BisWeighted>0</BisWeighted>
      <QtyInPackage>1</QtyInPackage>
      <ItemPrice>16.90</ItemPrice>
      <UnitOfMeasurePrice>6.76</UnitOfMeasurePrice>
      <AllowDiscount>0</AllowDiscount>
      <itemStatus>1</itemStatus>
      <LastUpdateDate />
      <LastUpdateTime />
    </Product>
    <Product>
      <PriceUpdateDate>2018/11/05 14:24</PriceUpdateDate>
      <ItemCode>5740900403246</ItemCode>
      <ItemType>1</ItemType>
      <ItemName>ממרח לורפק עם מלח 500 גר`</ItemName>
      <ManufactureName>שטראוס גרופ בעמ/מצונן</ManufactureName>
      <ManufactureCountry />
      <ManufactureItemDescription />
      <UnitQty>יח`</UnitQty>
      <Quantity>5</Quantity>
      <UnitMeasure>100 גרם</UnitMeasure>
      <BisWeighted>0</BisWeighted>
      <QtyInPackage>1</QtyInPackage>
      <ItemPrice>27.90</ItemPrice>
      <UnitOfMeasurePrice>5.58</UnitOfMeasurePrice>
      <AllowDiscount>0</AllowDiscount>
      <itemStatus>1</itemStatus>
      <LastUpdateDate />
      <LastUpdateTime />
    </Product>
    <Product>
      <PriceUpdateDate>2018/11/05 14:24</PriceUpdateDate>
      <ItemCode>5740900403253</ItemCode>
      <ItemType>1</ItemType>
      <ItemName>ממרח לורפק עם מלח 500 גר`</ItemName>
      <ManufactureName>שטראוס גרופ בעמ/מצונן</ManufactureName>
      <ManufactureCountry />
      <ManufactureItemDescription />
      <UnitQty>יח`</UnitQty>
      <Quantity>5</Quantity>
      <UnitMeasure>100 גרם</UnitMeasure>
      <BisWeighted>0</BisWeighted>
      <QtyInPackage>1</QtyInPackage>
      <ItemPrice>27.90</ItemPrice>
      <UnitOfMeasurePrice>5.58</UnitOfMeasurePrice>
      <AllowDiscount>0</AllowDiscount>
      <itemStatus>1</itemStatus>
      <LastUpdateDate />
      <LastUpdateTime />
    </Product>
    <Product>
      <PriceUpdateDate>2018/11/05 14:24</PriceUpdateDate>
      <ItemCode>5740900403260</ItemCode>
      <ItemType>1</ItemType>
      <ItemName>ממרח לורפק ללא מלח מופחת שומן 250 גר`</ItemName>
      <ManufactureName>שטראוס גרופ בעמ/מצונן</ManufactureName>
      <ManufactureCountry />
      <ManufactureItemDescription />
      <UnitQty>יח`</UnitQty>
      <Quantity>2.50</Quantity>
      <UnitMeasure>100 גרם</UnitMeasure>
      <BisWeighted>0</BisWeighted>
      <QtyInPackage>1</QtyInPackage>
      <ItemPrice>16.90</ItemPrice>
      <UnitOfMeasurePrice>6.76</UnitOfMeasurePrice>
      <AllowDiscount>0</AllowDiscount>
      <itemStatus>1</itemStatus>
      <LastUpdateDate />
      <LastUpdateTime />
    </Product>
    <Product>
      <PriceUpdateDate>2018/08/05 11:28</PriceUpdateDate>
      <ItemCode>5900020012814</ItemCode>
      <ItemType>1</ItemType>
      <ItemName>נסקוויק 500 גר` דגני בוקר</ItemName>
      <ManufactureName>קבוצת אסם סחר שות. מוגבלת</ManufactureName>
      <ManufactureCountry />
      <ManufactureItemDescription />
      <UnitQty>יח`</UnitQty>
      <Quantity>5</Quantity>
      <UnitMeasure>100 גרם</UnitMeasure>
      <BisWeighted>0</BisWeighted>
      <QtyInPackage>1</QtyInPackage>
      <ItemPrice>26.90</ItemPrice>
      <UnitOfMeasurePrice>5.38</UnitOfMeasurePrice>
      <AllowDiscount>1</AllowDiscount>
      <itemStatus>1</itemStatus>
      <LastUpdateDate />
      <LastUpdateTime />
    </Product>
    <Product>
      <PriceUpdateDate>2018/04/24 11:10</PriceUpdateDate>
      <ItemCode>5900020018908</ItemCode>
      <ItemType>1</ItemType>
      <ItemName>פיטנס חטיפי דגנים קרם עוגיות</ItemName>
      <ManufactureName>קבוצת אסם סחר שות. מוגבלת</ManufactureName>
      <ManufactureCountry />
      <ManufactureItemDescription />
      <UnitQty>יח`</UnitQty>
      <Quantity>1.41</Quantity>
      <UnitMeasure>100 גרם</UnitMeasure>
      <BisWeighted>0</BisWeighted>
      <QtyInPackage>1</QtyInPackage>
      <ItemPrice>15.90</ItemPrice>
      <UnitOfMeasurePrice>11.28</UnitOfMeasurePrice>
      <AllowDiscount>1</AllowDiscount>
      <itemStatus>1</itemStatus>
      <LastUpdateDate />
      <LastUpdateTime />
    </Product>
    <Product>
      <PriceUpdateDate>2018/04/24 12:07</PriceUpdateDate>
      <ItemCode>5900020020710</ItemCode>
      <ItemType>1</ItemType>
      <ItemName>מארז קראנץ בר שוקו וניל שישייה</ItemName>
      <ManufactureName>קבוצת אסם סחר שות. מוגבלת</ManufactureName>
      <ManufactureCountry />
      <ManufactureItemDescription />
      <UnitQty>יח`</UnitQty>
      <Quantity>1.50</Quantity>
      <UnitMeasure>100 גרם</UnitMeasure>
      <BisWeighted>0</BisWeighted>
      <QtyInPackage>1</QtyInPackage>
      <ItemPrice>16.90</ItemPrice>
      <UnitOfMeasurePrice>11.27</UnitOfMeasurePrice>
      <AllowDiscount>1</AllowDiscount>
      <itemStatus>1</itemStatus>
      <LastUpdateDate />
      <LastUpdateTime />
    </Product>
    <Product>
      <PriceUpdateDate>2018/04/24 11:58</PriceUpdateDate>
      <ItemCode>5900020022066</ItemCode>
      <ItemType>1</ItemType>
      <ItemName>פיטנס חטיף דגנים קרמל נסטלה (23.5x6 גרם)</ItemName>
      <ManufactureName>קבוצת אסם סחר שות. מוגבלת</ManufactureName>
      <ManufactureCountry />
      <ManufactureItemDescription />
      <UnitQty>יח`</UnitQty>
      <Quantity>1.41</Quantity>
      <UnitMeasure>100 גרם</UnitMeasure>
      <BisWeighted>0</BisWeighted>
      <QtyInPackage>1</QtyInPackage>
      <ItemPrice>15.90</ItemPrice>
      <UnitOfMeasurePrice>11.28</UnitOfMeasurePrice>
      <AllowDiscount>1</AllowDiscount>
      <itemStatus>1</itemStatus>
      <LastUpdateDate />
      <LastUpdateTime />
    </Product>
    <Product>
      <PriceUpdateDate>2018/04/24 12:02</PriceUpdateDate>
      <ItemCode>5900020022325</ItemCode>
      <ItemType>1</ItemType>
      <ItemName>מארז סיני מיניס חטיף דגנים</ItemName>
      <ManufactureName>קבוצת אסם סחר שות. מוגבלת</ManufactureName>
      <ManufactureCountry />
      <ManufactureItemDescription />
      <UnitQty>יח`</UnitQty>
      <Quantity>1.50</Quantity>
      <UnitMeasure>100 גרם</UnitMeasure>
      <BisWeighted>0</BisWeighted>
      <QtyInPackage>1</QtyInPackage>
      <ItemPrice>16.90</ItemPrice>
      <UnitOfMeasurePrice>11.27</UnitOfMeasurePrice>
      <AllowDiscount>1</AllowDiscount>
      <itemStatus>1</itemStatus>
      <LastUpdateDate />
      <LastUpdateTime />
    </Product>
    <Product>
      <PriceUpdateDate>2018/04/24 12:21</PriceUpdateDate>
      <ItemCode>5900020024770</ItemCode>
      <ItemType>1</ItemType>
      <ItemName>פיטנס בר דליס שוקולד אגוז</ItemName>
      <ManufactureName>קבוצת אסם סחר שות. מוגבלת</ManufactureName>
      <ManufactureCountry />
      <ManufactureItemDescription />
      <UnitQty>יח`</UnitQty>
      <Quantity>1.35</Quantity>
      <UnitMeasure>100 גרם</UnitMeasure>
      <BisWeighted>0</BisWeighted>
      <QtyInPackage>1</QtyInPackage>
      <ItemPrice>15.90</ItemPrice>
      <UnitOfMeasurePrice>11.78</UnitOfMeasurePrice>
      <AllowDiscount>1</AllowDiscount>
      <itemStatus>1</itemStatus>
      <LastUpdateDate />
      <LastUpdateTime />
    </Product>
    <Product>
      <PriceUpdateDate>2018/04/24 12:21</PriceUpdateDate>
      <ItemCode>5900020024817</ItemCode>
      <ItemType>1</ItemType>
      <ItemName>פיטנס בר דליס שוקולד לבן</ItemName>
      <ManufactureName>קבוצת אסם סחר שות. מוגבלת</ManufactureName>
      <ManufactureCountry />
      <ManufactureItemDescription />
      <UnitQty>יח`</UnitQty>
      <Quantity>1.35</Quantity>
      <UnitMeasure>100 גרם</UnitMeasure>
      <BisWeighted>0</BisWeighted>
      <QtyInPackage>1</QtyInPackage>
      <ItemPrice>15.90</ItemPrice>
      <UnitOfMeasurePrice>11.78</UnitOfMeasurePrice>
      <AllowDiscount>1</AllowDiscount>
      <itemStatus>1</itemStatus>
      <LastUpdateDate />
      <LastUpdateTime />
    </Product>
    <Product>
      <PriceUpdateDate>2018/08/05 11:28</PriceUpdateDate>
      <ItemCode>5900020026552</ItemCode>
      <ItemType>1</ItemType>
      <ItemName>האני נאט צ`יריוס עידן הקרח 625 גרם</ItemName>
      <ManufactureName>קבוצת אסם סחר שות. מוגבלת</ManufactureName>
      <ManufactureCountry />
      <ManufactureItemDescription />
      <UnitQty>יח`</UnitQty>
      <Quantity>6.25</Quantity>
      <UnitMeasure>100 גרם</UnitMeasure>
      <BisWeighted>0</BisWeighted>
      <QtyInPackage>1</QtyInPackage>
      <ItemPrice>26.90</ItemPrice>
      <UnitOfMeasurePrice>4.30</UnitOfMeasurePrice>
      <AllowDiscount>1</AllowDiscount>
      <itemStatus>1</itemStatus>
      <LastUpdateDate />
      <LastUpdateTime />
    </Product>
    <Product>
      <PriceUpdateDate>2018/04/24 13:08</PriceUpdateDate>
      <ItemCode>5900020030467</ItemCode>
      <ItemType>1</ItemType>
      <ItemName>חטיף דגנים משמש אפרסק מארז 6</ItemName>
      <ManufactureName>קבוצת אסם סחר שות. מוגבלת</ManufactureName>
      <ManufactureCountry />
      <ManufactureItemDescription />
      <UnitQty>יח`</UnitQty>
      <Quantity>0.2350</Quantity>
      <UnitMeasure>100 גרם</UnitMeasure>
      <BisWeighted>0</BisWeighted>
      <QtyInPackage>1</QtyInPackage>
      <ItemPrice>16.90</ItemPrice>
      <UnitOfMeasurePrice>71.91</UnitOfMeasurePrice>
      <AllowDiscount>1</AllowDiscount>
      <itemStatus>1</itemStatus>
      <LastUpdateDate />
      <LastUpdateTime />
    </Product>
    <Product>
      <PriceUpdateDate>2019/02/21 14:42</PriceUpdateDate>
      <ItemCode>5900020034021</ItemCode>
      <ItemType>1</ItemType>
      <ItemName>פיטנס חטיף דגנים שוקו בננה נסטלה (23.5x6</ItemName>
      <ManufactureName>קבוצת אסם סחר שות. מוגבלת</ManufactureName>
      <ManufactureCountry />
      <ManufactureItemDescription />
      <UnitQty>יח`</UnitQty>
      <Quantity>1.41</Quantity>
      <UnitMeasure>100 גרם</UnitMeasure>
      <BisWeighted>0</BisWeighted>
      <QtyInPackage>1</QtyInPackage>
      <ItemPrice>15.90</ItemPrice>
      <UnitOfMeasurePrice>11.28</UnitOfMeasurePrice>
      <AllowDiscount>1</AllowDiscount>
      <itemStatus>1</itemStatus>
      <LastUpdateDate />
      <LastUpdateTime />
    </Product>
    <Product>
      <PriceUpdateDate>2019/12/18 17:11</PriceUpdateDate>
      <ItemCode>5900020034991</ItemCode>
      <ItemType>1</ItemType>
      <ItemName>קראנץ צדפים בטעם שוקולד 450 גר`</ItemName>
      <ManufactureName>קבוצת אסם סחר שות. מוגבלת</ManufactureName>
      <ManufactureCountry />
      <ManufactureItemDescription />
      <UnitQty>יח`</UnitQty>
      <Quantity>4.50</Quantity>
      <UnitMeasure>100 גרם</UnitMeasure>
      <BisWeighted>0</BisWeighted>
      <QtyInPackage>1</QtyInPackage>
      <ItemPrice>26.90</ItemPrice>
      <UnitOfMeasurePrice>5.98</UnitOfMeasurePrice>
      <AllowDiscount>1</AllowDiscount>
      <itemStatus>1</itemStatus>
      <LastUpdateDate />
      <LastUpdateTime />
    </Product>
    <Product>
      <PriceUpdateDate>2019/02/06 12:33</PriceUpdateDate>
      <ItemCode>5900352014449</ItemCode>
      <ItemType>1</ItemType>
      <ItemName>וופל בלגי וניל 130  גר`יעד ממתקים</ItemName>
      <ManufactureName>יעד ממתקים בעמ</ManufactureName>
      <ManufactureCountry />
      <ManufactureItemDescription />
      <UnitQty>יח`</UnitQty>
      <Quantity>1.30</Quantity>
      <UnitMeasure>100 גרם</UnitMeasure>
      <BisWeighted>0</BisWeighted>
      <QtyInPackage>1</QtyInPackage>
      <ItemPrice>3.90</ItemPrice>
      <UnitOfMeasurePrice>3</UnitOfMeasurePrice>
      <AllowDiscount>0</AllowDiscount>
      <itemStatus>1</itemStatus>
      <LastUpdateDate />
      <LastUpdateTime />
    </Product>
    <Product>
      <PriceUpdateDate>2018/04/24 12:19</PriceUpdateDate>
      <ItemCode>5900535009705</ItemCode>
      <ItemType>1</ItemType>
      <ItemName>בירה ואן פור פילזגר 500 מל</ItemName>
      <ManufactureName>בני פאוזי שמשום (2009) בעמ</ManufactureName>
      <ManufactureCountry />
      <ManufactureItemDescription />
      <UnitQty>יח`</UnitQty>
      <Quantity>5</Quantity>
      <UnitMeasure>100 מ"ל</UnitMeasure>
      <BisWeighted>0</BisWeighted>
      <QtyInPackage>1</QtyInPackage>
      <ItemPrice>3.90</ItemPrice>
      <UnitOfMeasurePrice>0.72</UnitOfMeasurePrice>
      <AllowDiscount>1</AllowDiscount>
      <itemStatus>1</itemStatus>
      <LastUpdateDate />
      <LastUpdateTime />
    </Product>
    <Product>
      <PriceUpdateDate>2019/10/23 09:40</PriceUpdateDate>
      <ItemCode>5900627063233</ItemCode>
      <ItemType>1</ItemType>
      <ItemName>פיניש 50 טבליות AIO MAX</ItemName>
      <ManufactureName>רקיט בנקיזר (ניר איסט) בעמ</ManufactureName>
      <ManufactureCountry />
      <ManufactureItemDescription />
      <UnitQty>יח`</UnitQty>
      <Quantity>1</Quantity>
      <UnitMeasure />
      <BisWeighted>0</BisWeighted>
      <QtyInPackage>1</QtyInPackage>
      <ItemPrice>39.90</ItemPrice>
      <UnitOfMeasurePrice>39.90</UnitOfMeasurePrice>
      <AllowDiscount>1</AllowDiscount>
      <itemStatus>1</itemStatus>
      <LastUpdateDate />
      <LastUpdateTime />
    </Product>
    <Product>
      <PriceUpdateDate>2018/04/24 12:05</PriceUpdateDate>
      <ItemCode>5901414201210</ItemCode>
      <ItemType>1</ItemType>
      <ItemName>ביסקוויט חמאה גן חיות באלזן (100 גרם)</ItemName>
      <ManufactureName>ליימן שליסל בעמ</ManufactureName>
      <ManufactureCountry />
      <ManufactureItemDescription />
      <UnitQty>יח`</UnitQty>
      <Quantity>1</Quantity>
      <UnitMeasure>100 גרם</UnitMeasure>
      <BisWeighted>0</BisWeighted>
      <QtyInPackage>1</QtyInPackage>
      <ItemPrice>6.90</ItemPrice>
      <UnitOfMeasurePrice>6.90</UnitOfMeasurePrice>
      <AllowDiscount>0</AllowDiscount>
      <itemStatus>1</itemStatus>
      <LastUpdateDate />
      <LastUpdateTime />
    </Product>
    <Product>
      <PriceUpdateDate>2019/01/07 10:57</PriceUpdateDate>
      <ItemCode>5902198160403</ItemCode>
      <ItemType>1</ItemType>
      <ItemName>xl ten פחית 250 מל</ItemName>
      <ManufactureName>טמפו משקאות בעמ</ManufactureName>
      <ManufactureCountry />
      <ManufactureItemDescription />
      <UnitQty>יח`</UnitQty>
      <Quantity>2.50</Quantity>
      <UnitMeasure>100 מ"ל</UnitMeasure>
      <BisWeighted>0</BisWeighted>
      <QtyInPackage>1</QtyInPackage>
      <ItemPrice>4.50</ItemPrice>
      <UnitOfMeasurePrice>1.68</UnitOfMeasurePrice>
      <AllowDiscount>1</AllowDiscount>
      <itemStatus>1</itemStatus>
      <LastUpdateDate />
      <LastUpdateTime />
    </Product>
    <Product>
      <PriceUpdateDate>2019/06/19 09:51</PriceUpdateDate>
      <ItemCode>5902658076305</ItemCode>
      <ItemType>1</ItemType>
      <ItemName>גליל דבק דו צדדי ספוג שקוף</ItemName>
      <ManufactureName>א.מ. דיוויסלי בעמ</ManufactureName>
      <ManufactureCountry />
      <ManufactureItemDescription />
      <UnitQty>יח`</UnitQty>
      <Quantity>1</Quantity>
      <UnitMeasure />
      <BisWeighted>0</BisWeighted>
      <QtyInPackage>1</QtyInPackage>
      <ItemPrice>25.90</ItemPrice>
      <UnitOfMeasurePrice>25.90</UnitOfMeasurePrice>
      <AllowDiscount>0</AllowDiscount>
      <itemStatus>1</itemStatus>
      <LastUpdateDate />
      <LastUpdateTime />
    </Product>
    <Product>
      <PriceUpdateDate>2018/04/24 10:44</PriceUpdateDate>
      <ItemCode>5904941751302</ItemCode>
      <ItemType>1</ItemType>
      <ItemName>משקה אנרגיה בפחית בלו (250 מל)</ItemName>
      <ManufactureName>בני פאוזי שמשום (2009) בעמ</ManufactureName>
      <ManufactureCountry />
      <ManufactureItemDescription />
      <UnitQty>יח`</UnitQty>
      <Quantity>2.50</Quantity>
      <UnitMeasure>100 מ"ל</UnitMeasure>
      <BisWeighted>0</BisWeighted>
      <QtyInPackage>1</QtyInPackage>
      <ItemPrice>3.50</ItemPrice>
      <UnitOfMeasurePrice>1.28</UnitOfMeasurePrice>
      <AllowDiscount>1</AllowDiscount>
      <itemStatus>1</itemStatus>
      <LastUpdateDate />
      <LastUpdateTime />
    </Product>
    <Product>
      <PriceUpdateDate>2018/04/24 10:34</PriceUpdateDate>
      <ItemCode>5904941753115</ItemCode>
      <ItemType>1</ItemType>
      <ItemName>משקה בלו ארגז. 24 יח`</ItemName>
      <ManufactureName>בני פאוזי שמשום (2009) בעמ</ManufactureName>
      <ManufactureCountry />
      <ManufactureItemDescription />
      <UnitQty>יח`</UnitQty>
      <Quantity>6</Quantity>
      <UnitMeasure>1 ליטר</UnitMeasure>
      <BisWeighted>0</BisWeighted>
      <QtyInPackage>1</QtyInPackage>
      <ItemPrice>49.90</ItemPrice>
      <UnitOfMeasurePrice>7.12</UnitOfMeasurePrice>
      <AllowDiscount>0</AllowDiscount>
      <itemStatus>1</itemStatus>
      <LastUpdateDate />
      <LastUpdateTime />
    </Product>
    <Product>
      <PriceUpdateDate>2019/01/07 10:57</PriceUpdateDate>
      <ItemCode>5906485301012</ItemCode>
      <ItemType>1</ItemType>
      <ItemName>משקה אנרגיה אקסל (250 מל)</ItemName>
      <ManufactureName>טמפו משקאות בעמ</ManufactureName>
      <ManufactureCountry />
      <ManufactureItemDescription />
      <UnitQty>יח`</UnitQty>
      <Quantity>2.50</Quantity>
      <UnitMeasure>100 מ"ל</UnitMeasure>
      <BisWeighted>0</BisWeighted>
      <QtyInPackage>1</QtyInPackage>
      <ItemPrice>4.50</ItemPrice>
      <UnitOfMeasurePrice>1.68</UnitOfMeasurePrice>
      <AllowDiscount>1</AllowDiscount>
      <itemStatus>1</itemStatus>
      <LastUpdateDate />
      <LastUpdateTime />
    </Product>
    <Product>
      <PriceUpdateDate>2019/01/07 10:57</PriceUpdateDate>
      <ItemCode>5906485301258</ItemCode>
      <ItemType>1</ItemType>
      <ItemName>אקס אל משקה אנרגיה חמוציות</ItemName>
      <ManufactureName>טמפו משקאות בעמ</ManufactureName>
      <ManufactureCountry />
      <ManufactureItemDescription />
      <UnitQty>יח`</UnitQty>
      <Quantity>2.50</Quantity>
      <UnitMeasure>100 מ"ל</UnitMeasure>
      <BisWeighted>0</BisWeighted>
      <QtyInPackage>1</QtyInPackage>
      <ItemPrice>4.50</ItemPrice>
      <UnitOfMeasurePrice>1.68</UnitOfMeasurePrice>
      <AllowDiscount>1</AllowDiscount>
      <itemStatus>1</itemStatus>
      <LastUpdateDate />
      <LastUpdateTime />
    </Product>
    <Product>
      <PriceUpdateDate>2020/02/27 08:11</PriceUpdateDate>
      <ItemCode>5941021000899</ItemCode>
      <ItemType>1</ItemType>
      <ItemName>טבלת היידי גראנדור מריר אגוז 100 גר</ItemName>
      <ManufactureName>טסה שוקולד בעמ</ManufactureName>
      <ManufactureCountry />
      <ManufactureItemDescription />
      <UnitQty>יח`</UnitQty>
      <Quantity>1</Quantity>
      <UnitMeasure>100 גרם</UnitMeasure>
      <BisWeighted>0</BisWeighted>
      <QtyInPackage>1</QtyInPackage>
      <ItemPrice>9.50</ItemPrice>
      <UnitOfMeasurePrice>9.50</UnitOfMeasurePrice>
      <AllowDiscount>1</AllowDiscount>
      <itemStatus>1</itemStatus>
      <LastUpdateDate />
      <LastUpdateTime />
    </Product>
    <Product>
      <PriceUpdateDate>2020/02/27 08:11</PriceUpdateDate>
      <ItemCode>5941021001674</ItemCode>
      <ItemType>1</ItemType>
      <ItemName>טבלת היידי גראנדור 85% 80 גר</ItemName>
      <ManufactureName>טסה שוקולד בעמ</ManufactureName>
      <ManufactureCountry />
      <ManufactureItemDescription />
      <UnitQty>יח`</UnitQty>
      <Quantity>0.80</Quantity>
      <UnitMeasure>100 גרם</UnitMeasure>
      <BisWeighted>0</BisWeighted>
      <QtyInPackage>1</QtyInPackage>
      <ItemPrice>9.50</ItemPrice>
      <UnitOfMeasurePrice>11.88</UnitOfMeasurePrice>
      <AllowDiscount>1</AllowDiscount>
      <itemStatus>1</itemStatus>
      <LastUpdateDate />
      <LastUpdateTime />
    </Product>
    <Product>
      <PriceUpdateDate>2020/02/27 08:11</PriceUpdateDate>
      <ItemCode>5941021011147</ItemCode>
      <ItemType>1</ItemType>
      <ItemName>טבלת היידי גראנדור פלורנטין מריר 100 גר`</ItemName>
      <ManufactureName>טסה שוקולד בעמ</ManufactureName>
      <ManufactureCountry />
      <ManufactureItemDescription />
      <UnitQty>יח`</UnitQty>
      <Quantity>1</Quantity>
      <UnitMeasure>100 גרם</UnitMeasure>
      <BisWeighted>0</BisWeighted>
      <QtyInPackage>1</QtyInPackage>
      <ItemPrice>9.50</ItemPrice>
      <UnitOfMeasurePrice>9.50</UnitOfMeasurePrice>
      <AllowDiscount>1</AllowDiscount>
      <itemStatus>1</itemStatus>
      <LastUpdateDate />
      <LastUpdateTime />
    </Product>
    <Product>
      <PriceUpdateDate>2019/11/10 14:29</PriceUpdateDate>
      <ItemCode>5999884034469</ItemCode>
      <ItemType>1</ItemType>
      <ItemName>משקה אנרגיה 250 מל HELL</ItemName>
      <ManufactureName>אבאל יזמות בעמ</ManufactureName>
      <ManufactureCountry />
      <ManufactureItemDescription />
      <UnitQty>יח`</UnitQty>
      <Quantity>1</Quantity>
      <UnitMeasure />
      <BisWeighted>0</BisWeighted>
      <QtyInPackage>1</QtyInPackage>
      <ItemPrice>3.90</ItemPrice>
      <UnitOfMeasurePrice>3.90</UnitOfMeasurePrice>
      <AllowDiscount>1</AllowDiscount>
      <itemStatus>1</itemStatus>
      <LastUpdateDate />
      <LastUpdateTime />
    </Product>
    <Product>
      <PriceUpdateDate>2018/12/09 11:35</PriceUpdateDate>
      <ItemCode>6008165003984</ItemCode>
      <ItemType>1</ItemType>
      <ItemName>פאל מאל כחול סטרים פילטר</ItemName>
      <ManufactureName>גלוברנדס בעמ - שיווק סיגריות</ManufactureName>
      <ManufactureCountry />
      <ManufactureItemDescription />
      <UnitQty>יח`</UnitQty>
      <Quantity>1</Quantity>
      <UnitMeasure />
      <BisWeighted>0</BisWeighted>
      <QtyInPackage>1</QtyInPackage>
      <ItemPrice>27.50</ItemPrice>
      <UnitOfMeasurePrice>27.50</UnitOfMeasurePrice>
      <AllowDiscount>0</AllowDiscount>
      <itemStatus>1</itemStatus>
      <LastUpdateDate />
      <LastUpdateTime />
    </Product>
    <Product>
      <PriceUpdateDate>2018/12/09 11:35</PriceUpdateDate>
      <ItemCode>6008165274629</ItemCode>
      <ItemType>1</ItemType>
      <ItemName>פאל מאל כחול ארוך סטרים פילטר חפיסה</ItemName>
      <ManufactureName>גלוברנדס בעמ - שיווק סיגריות</ManufactureName>
      <ManufactureCountry />
      <ManufactureItemDescription />
      <UnitQty>יח`</UnitQty>
      <Quantity>1</Quantity>
      <UnitMeasure>יח`</UnitMeasure>
      <BisWeighted>0</BisWeighted>
      <QtyInPackage>1</QtyInPackage>
      <ItemPrice>27.50</ItemPrice>
      <UnitOfMeasurePrice>27.50</UnitOfMeasurePrice>
      <AllowDiscount>0</AllowDiscount>
      <itemStatus>1</itemStatus>
      <LastUpdateDate />
      <LastUpdateTime />
    </Product>
    <Product>
      <PriceUpdateDate>2018/04/24 12:10</PriceUpdateDate>
      <ItemCode>6111094000808</ItemCode>
      <ItemType>1</ItemType>
      <ItemName>קוסקוס להכנה מהירה בינוני דארי (1.1 קג)</ItemName>
      <ManufactureName>תומר יבוא ושיווק מוצרי מזון (1</ManufactureName>
      <ManufactureCountry />
      <ManufactureItemDescription />
      <UnitQty>יח`</UnitQty>
      <Quantity>1</Quantity>
      <UnitMeasure>ק"ג</UnitMeasure>
      <BisWeighted>0</BisWeighted>
      <QtyInPackage>1</QtyInPackage>
      <ItemPrice>14.90</ItemPrice>
      <UnitOfMeasurePrice>14.90</UnitOfMeasurePrice>
      <AllowDiscount>1</AllowDiscount>
      <itemStatus>1</itemStatus>
      <LastUpdateDate />
      <LastUpdateTime />
    </Product>
    <Product>
      <PriceUpdateDate>2018/11/16 08:41</PriceUpdateDate>
      <ItemCode>6118000240501</ItemCode>
      <ItemType>1</ItemType>
      <ItemName>סרדינים מרוקאים בשמן סויה אגדיר</ItemName>
      <ManufactureName>דין שיווק וקליה בעמ</ManufactureName>
      <ManufactureCountry />
      <ManufactureItemDescription />
      <UnitQty>יח`</UnitQty>
      <Quantity>1.25</Quantity>
      <UnitMeasure>100 גרם</UnitMeasure>
      <BisWeighted>0</BisWeighted>
      <QtyInPackage>1</QtyInPackage>
      <ItemPrice>3.90</ItemPrice>
      <UnitOfMeasurePrice>3.12</UnitOfMeasurePrice>
      <AllowDiscount>1</AllowDiscount>
      <itemStatus>1</itemStatus>
      <LastUpdateDate />
      <LastUpdateTime />
    </Product>
    <Product>
      <PriceUpdateDate>2020/04/03 10:05</PriceUpdateDate>
      <ItemCode>6224009175260</ItemCode>
      <ItemType>1</ItemType>
      <ItemName>פרוסטי תות שדה מוקפא</ItemName>
      <ManufactureName>נ.ת.נ.ג.ב החזקות יעוץ וניהול ב</ManufactureName>
      <ManufactureCountry />
      <ManufactureItemDescription />
      <UnitQty>יח`</UnitQty>
      <Quantity>4</Quantity>
      <UnitMeasure>100 גרם</UnitMeasure>
      <BisWeighted>0</BisWeighted>
      <QtyInPackage>1</QtyInPackage>
      <ItemPrice>9.90</ItemPrice>
      <UnitOfMeasurePrice>2.48</UnitOfMeasurePrice>
      <AllowDiscount>0</AllowDiscount>
      <itemStatus>1</itemStatus>
      <LastUpdateDate />
      <LastUpdateTime />
    </Product>
    <Product>
      <PriceUpdateDate>2018/04/24 10:52</PriceUpdateDate>
      <ItemCode>6410500090014</ItemCode>
      <ItemType>1</ItemType>
      <ItemName>פריכיות שיפון דקות פין קריספ (200 גרם)</ItemName>
      <ManufactureName>דנשר (1963) בעמ</ManufactureName>
      <ManufactureCountry />
      <ManufactureItemDescription />
      <UnitQty>יח`</UnitQty>
      <Quantity>2</Quantity>
      <UnitMeasure>100 גרם</UnitMeasure>
      <BisWeighted>0</BisWeighted>
      <QtyInPackage>1</QtyInPackage>
      <ItemPrice>10</ItemPrice>
      <UnitOfMeasurePrice>5</UnitOfMeasurePrice>
      <AllowDiscount>0</AllowDiscount>
      <itemStatus>1</itemStatus>
      <LastUpdateDate />
      <LastUpdateTime />
    </Product>
    <Product>
      <PriceUpdateDate>2018/04/24 11:19</PriceUpdateDate>
      <ItemCode>7038513866304</ItemCode>
      <ItemType>1</ItemType>
      <ItemName>גורדן מברשת שיניים לילדים 0-2 סטפ 1</ItemName>
      <ManufactureName>דנשר (1963) בעמ</ManufactureName>
      <ManufactureCountry />
      <ManufactureItemDescription />
      <UnitQty>יח`</UnitQty>
      <Quantity>1</Quantity>
      <UnitMeasure />
      <BisWeighted>0</BisWeighted>
      <QtyInPackage>1</QtyInPackage>
      <ItemPrice>10.90</ItemPrice>
      <UnitOfMeasurePrice>10.90</UnitOfMeasurePrice>
      <AllowDiscount>0</AllowDiscount>
      <itemStatus>1</itemStatus>
      <LastUpdateDate />
      <LastUpdateTime />
    </Product>
    <Product>
      <PriceUpdateDate>2018/04/24 11:19</PriceUpdateDate>
      <ItemCode>7038513866311</ItemCode>
      <ItemType>1</ItemType>
      <ItemName>גורדן מברשת שיניים לילדים 3-5 סטפ 2</ItemName>
      <ManufactureName>דנשר (1963) בעמ</ManufactureName>
      <ManufactureCountry />
      <ManufactureItemDescription />
      <UnitQty>יח`</UnitQty>
      <Quantity>1</Quantity>
      <UnitMeasure />
      <BisWeighted>0</BisWeighted>
      <QtyInPackage>1</QtyInPackage>
      <ItemPrice>10.90</ItemPrice>
      <UnitOfMeasurePrice>10.90</UnitOfMeasurePrice>
      <AllowDiscount>0</AllowDiscount>
      <itemStatus>1</itemStatus>
      <LastUpdateDate />
      <LastUpdateTime />
    </Product>
    <Product>
      <PriceUpdateDate>2018/04/24 11:19</PriceUpdateDate>
      <ItemCode>7038513866328</ItemCode>
      <ItemType>1</ItemType>
      <ItemName>גורדן מברשת שיניים לילדים 6-8 סטפ 3</ItemName>
      <ManufactureName>דנשר (1963) בעמ</ManufactureName>
      <ManufactureCountry />
      <ManufactureItemDescription />
      <UnitQty>יח`</UnitQty>
      <Quantity>1</Quantity>
      <UnitMeasure />
      <BisWeighted>0</BisWeighted>
      <QtyInPackage>1</QtyInPackage>
      <ItemPrice>10.90</ItemPrice>
      <UnitOfMeasurePrice>10.90</UnitOfMeasurePrice>
      <AllowDiscount>0</AllowDiscount>
      <itemStatus>1</itemStatus>
      <LastUpdateDate />
      <LastUpdateTime />
    </Product>
    <Product>
      <PriceUpdateDate>2018/04/24 12:13</PriceUpdateDate>
      <ItemCode>7038516140357</ItemCode>
      <ItemType>1</ItemType>
      <ItemName>מברשת שיניים ג`ורדן טוטאל רביעייה</ItemName>
      <ManufactureName>דנשר (1963) בעמ</ManufactureName>
      <ManufactureCountry />
      <ManufactureItemDescription />
      <UnitQty>יח`</UnitQty>
      <Quantity>1</Quantity>
      <UnitMeasure />
      <BisWeighted>0</BisWeighted>
      <QtyInPackage>1</QtyInPackage>
      <ItemPrice>19.90</ItemPrice>
      <UnitOfMeasurePrice>19.90</UnitOfMeasurePrice>
      <AllowDiscount>1</AllowDiscount>
      <itemStatus>1</itemStatus>
      <LastUpdateDate />
      <LastUpdateTime />
    </Product>
    <Product>
      <PriceUpdateDate>2018/04/24 12:13</PriceUpdateDate>
      <ItemCode>7038516140418</ItemCode>
      <ItemType>1</ItemType>
      <ItemName>מברשת שיניים ג`ורדן טוטאל רביעייה</ItemName>
      <ManufactureName>דנשר (1963) בעמ</ManufactureName>
      <ManufactureCountry />
      <ManufactureItemDescription />
      <UnitQty>יח`</UnitQty>
      <Quantity>1</Quantity>
      <UnitMeasure />
      <BisWeighted>0</BisWeighted>
      <QtyInPackage>1</QtyInPackage>
      <ItemPrice>19.90</ItemPrice>
      <UnitOfMeasurePrice>19.90</UnitOfMeasurePrice>
      <AllowDiscount>1</AllowDiscount>
      <itemStatus>1</itemStatus>
      <LastUpdateDate />
      <LastUpdateTime />
    </Product>
    <Product>
      <PriceUpdateDate>2019/02/15 08:32</PriceUpdateDate>
      <ItemCode>7046110030608</ItemCode>
      <ItemType>1</ItemType>
      <ItemName>מברשת שיניים טרגט סנסיטיב</ItemName>
      <ManufactureName>דנשר (1963) בעמ</ManufactureName>
      <ManufactureCountry />
      <ManufactureItemDescription />
      <UnitQty>יח`</UnitQty>
      <Quantity>1</Quantity>
      <UnitMeasure />
      <BisWeighted>0</BisWeighted>
      <QtyInPackage>1</QtyInPackage>
      <ItemPrice>19.90</ItemPrice>
      <UnitOfMeasurePrice>19.90</UnitOfMeasurePrice>
      <AllowDiscount>0</AllowDiscount>
      <itemStatus>1</itemStatus>
      <LastUpdateDate />
      <LastUpdateTime />
    </Product>
    <Product>
      <PriceUpdateDate>2019/02/15 08:32</PriceUpdateDate>
      <ItemCode>7046110064078</ItemCode>
      <ItemType>1</ItemType>
      <ItemName>ג`ורדן מארז מברשת שיניים אינדיבידואל זוג</ItemName>
      <ManufactureName>דנשר (1963) בעמ</ManufactureName>
      <ManufactureCountry />
      <ManufactureItemDescription />
      <UnitQty>יח`</UnitQty>
      <Quantity>1</Quantity>
      <UnitMeasure />
      <BisWeighted>0</BisWeighted>
      <QtyInPackage>1</QtyInPackage>
      <ItemPrice>24</ItemPrice>
      <UnitOfMeasurePrice>24</UnitOfMeasurePrice>
      <AllowDiscount>0</AllowDiscount>
      <itemStatus>1</itemStatus>
      <LastUpdateDate />
      <LastUpdateTime />
    </Product>
    <Product>
      <PriceUpdateDate>2019/02/15 08:32</PriceUpdateDate>
      <ItemCode>7046110070192</ItemCode>
      <ItemType>1</ItemType>
      <ItemName>מברשת שיניים קליין סמייל שלישייה סופט ג`</ItemName>
      <ManufactureName>דנשר (1963) בעמ</ManufactureName>
      <ManufactureCountry />
      <ManufactureItemDescription />
      <UnitQty>יח`</UnitQty>
      <Quantity>1</Quantity>
      <UnitMeasure />
      <BisWeighted>0</BisWeighted>
      <QtyInPackage>1</QtyInPackage>
      <ItemPrice>12.90</ItemPrice>
      <UnitOfMeasurePrice>12.90</UnitOfMeasurePrice>
      <AllowDiscount>0</AllowDiscount>
      <itemStatus>1</itemStatus>
      <LastUpdateDate />
      <LastUpdateTime />
    </Product>
    <Product>
      <PriceUpdateDate>2019/04/15 13:22</PriceUpdateDate>
      <ItemCode>7046110071519</ItemCode>
      <ItemType>1</ItemType>
      <ItemName>משחת שיניים לילדים לשיני חלב 2-6 ג`ורדון</ItemName>
      <ManufactureName>דנשר (1963) בעמ</ManufactureName>
      <ManufactureCountry />
      <ManufactureItemDescription />
      <UnitQty>יח`</UnitQty>
      <Quantity>1</Quantity>
      <UnitMeasure />
      <BisWeighted>0</BisWeighted>
      <QtyInPackage>1</QtyInPackage>
      <ItemPrice>11.90</ItemPrice>
      <UnitOfMeasurePrice>11.90</UnitOfMeasurePrice>
      <AllowDiscount>1</AllowDiscount>
      <itemStatus>1</itemStatus>
      <LastUpdateDate />
      <LastUpdateTime />
    </Product>
    <Product>
      <PriceUpdateDate>2019/04/15 13:22</PriceUpdateDate>
      <ItemCode>7046110075562</ItemCode>
      <ItemType>1</ItemType>
      <ItemName>משחת שיניים לשיניים קבועות 6-12 ג`ורדן</ItemName>
      <ManufactureName>דנשר (1963) בעמ</ManufactureName>
      <ManufactureCountry />
      <ManufactureItemDescription />
      <UnitQty>יח`</UnitQty>
      <Quantity>1</Quantity>
      <UnitMeasure />
      <BisWeighted>0</BisWeighted>
      <QtyInPackage>1</QtyInPackage>
      <ItemPrice>11.90</ItemPrice>
      <UnitOfMeasurePrice>11.90</UnitOfMeasurePrice>
      <AllowDiscount>1</AllowDiscount>
      <itemStatus>1</itemStatus>
      <LastUpdateDate />
      <LastUpdateTime />
    </Product>
    <Product>
      <PriceUpdateDate>2018/12/03 08:10</PriceUpdateDate>
      <ItemCode>7271730901261</ItemCode>
      <ItemType>1</ItemType>
      <ItemName>ארוחת אטריות עם גבינה 156  גר`וויקי מאק</ItemName>
      <ManufactureName>מור-ים מרקטינג בעמ</ManufactureName>
      <ManufactureCountry />
      <ManufactureItemDescription />
      <UnitQty>יח`</UnitQty>
      <Quantity>1.56</Quantity>
      <UnitMeasure>100 גרם</UnitMeasure>
      <BisWeighted>0</BisWeighted>
      <QtyInPackage>1</QtyInPackage>
      <ItemPrice>10.90</ItemPrice>
      <UnitOfMeasurePrice>6.99</UnitOfMeasurePrice>
      <AllowDiscount>0</AllowDiscount>
      <itemStatus>1</itemStatus>
      <LastUpdateDate />
      <LastUpdateTime />
    </Product>
    <Product>
      <PriceUpdateDate>2018/04/24 11:38</PriceUpdateDate>
      <ItemCode>7290000000374</ItemCode>
      <ItemType>1</ItemType>
      <ItemName>פטריות שמפיניון א.א</ItemName>
      <ManufactureName>חוות השמפיניון בעמ</ManufactureName>
      <ManufactureCountry />
      <ManufactureItemDescription />
      <UnitQty>יח`</UnitQty>
      <Quantity>1</Quantity>
      <UnitMeasure />
      <BisWeighted>0</BisWeighted>
      <QtyInPackage>1</QtyInPackage>
      <ItemPrice>9.90</ItemPrice>
      <UnitOfMeasurePrice>9.90</UnitOfMeasurePrice>
      <AllowDiscount>1</AllowDiscount>
      <itemStatus>1</itemStatus>
      <LastUpdateDate />
      <LastUpdateTime />
    </Product>
    <Product>
      <PriceUpdateDate>2018/04/24 10:44</PriceUpdateDate>
      <ItemCode>7290000001616</ItemCode>
      <ItemType>1</ItemType>
      <ItemName>כוסברה</ItemName>
      <ManufactureName>ערן שיווק</ManufactureName>
      <ManufactureCountry />
      <ManufactureItemDescription />
      <UnitQty>יח`</UnitQty>
      <Quantity>1</Quantity>
      <UnitMeasure />
      <BisWeighted>0</BisWeighted>
      <QtyInPackage>1</QtyInPackage>
      <ItemPrice>5</ItemPrice>
      <UnitOfMeasurePrice>5</UnitOfMeasurePrice>
      <AllowDiscount>1</AllowDiscount>
      <itemStatus>1</itemStatus>
      <LastUpdateDate />
      <LastUpdateTime />
    </Product>
    <Product>
      <PriceUpdateDate>2018/04/24 09:26</PriceUpdateDate>
      <ItemCode>7290000023007</ItemCode>
      <ItemType>1</ItemType>
      <ItemName>ברנדי 84 שטוק (750 מל)</ItemName>
      <ManufactureName>טמפו משקאות בעמ</ManufactureName>
      <ManufactureCountry />
      <ManufactureItemDescription />
      <UnitQty>יח`</UnitQty>
      <Quantity>7.50</Quantity>
      <UnitMeasure>100 מ"ל</UnitMeasure>
      <BisWeighted>0</BisWeighted>
      <QtyInPackage>1</QtyInPackage>
      <ItemPrice>69.90</ItemPrice>
      <UnitOfMeasurePrice>9.28</UnitOfMeasurePrice>
      <AllowDiscount>0</AllowDiscount>
      <itemStatus>1</itemStatus>
      <LastUpdateDate />
      <LastUpdateTime />
    </Product>
    <Product>
      <PriceUpdateDate>2018/04/24 12:40</PriceUpdateDate>
      <ItemCode>7290000023083</ItemCode>
      <ItemType>1</ItemType>
      <ItemName>ערק אשקלון (700 מל)</ItemName>
      <ManufactureName>טמפו משקאות בעמ</ManufactureName>
      <ManufactureCountry />
      <ManufactureItemDescription />
      <UnitQty>יח`</UnitQty>
      <Quantity>7</Quantity>
      <UnitMeasure>100 מ"ל</UnitMeasure>
      <BisWeighted>0</BisWeighted>
      <QtyInPackage>1</QtyInPackage>
      <ItemPrice>49.90</ItemPrice>
      <UnitOfMeasurePrice>7.09</UnitOfMeasurePrice>
      <AllowDiscount>0</AllowDiscount>
      <itemStatus>1</itemStatus>
      <LastUpdateDate />
      <LastUpdateTime />
    </Product>
    <Product>
      <PriceUpdateDate>2020/04/30 11:52</PriceUpdateDate>
      <ItemCode>7290000023427</ItemCode>
      <ItemType>1</ItemType>
      <ItemName>ליקר אמרטו שטוק</ItemName>
      <ManufactureName>טמפו משקאות בעמ</ManufactureName>
      <ManufactureCountry />
      <ManufactureItemDescription />
      <UnitQty>יח`</UnitQty>
      <Quantity>7.50</Quantity>
      <UnitMeasure>100 מ"ל</UnitMeasure>
      <BisWeighted>0</BisWeighted>
      <QtyInPackage>1</QtyInPackage>
      <ItemPrice>54.90</ItemPrice>
      <UnitOfMeasurePrice>7.28</UnitOfMeasurePrice>
      <AllowDiscount>1</AllowDiscount>
      <itemStatus>1</itemStatus>
      <LastUpdateDate />
      <LastUpdateTime />
    </Product>
    <Product>
      <PriceUpdateDate>2020/04/30 11:52</PriceUpdateDate>
      <ItemCode>7290000023458</ItemCode>
      <ItemType>1</ItemType>
      <ItemName>ליקר שטוק שרי ברנדו</ItemName>
      <ManufactureName>טמפו משקאות בעמ</ManufactureName>
      <ManufactureCountry />
      <ManufactureItemDescription />
      <UnitQty>יח`</UnitQty>
      <Quantity>7.50</Quantity>
      <UnitMeasure>100 מ"ל</UnitMeasure>
      <BisWeighted>0</BisWeighted>
      <QtyInPackage>1</QtyInPackage>
      <ItemPrice>54.90</ItemPrice>
      <UnitOfMeasurePrice>7.28</UnitOfMeasurePrice>
      <AllowDiscount>0</AllowDiscount>
      <itemStatus>1</itemStatus>
      <LastUpdateDate />
      <LastUpdateTime />
    </Product>
    <Product>
      <PriceUpdateDate>2020/04/30 11:52</PriceUpdateDate>
      <ItemCode>7290000023465</ItemCode>
      <ItemType>1</ItemType>
      <ItemName>ליקר שטוקבננה</ItemName>
      <ManufactureName>טמפו משקאות בעמ</ManufactureName>
      <ManufactureCountry />
      <ManufactureItemDescription />
      <UnitQty>יח`</UnitQty>
      <Quantity>7.50</Quantity>
      <UnitMeasure>100 מ"ל</UnitMeasure>
      <BisWeighted>0</BisWeighted>
      <QtyInPackage>1</QtyInPackage>
      <ItemPrice>54.90</ItemPrice>
      <UnitOfMeasurePrice>7.28</UnitOfMeasurePrice>
      <AllowDiscount>0</AllowDiscount>
      <itemStatus>1</itemStatus>
      <LastUpdateDate />
      <LastUpdateTime />
    </Product>
    <Product>
      <PriceUpdateDate>2020/04/30 11:52</PriceUpdateDate>
      <ItemCode>7290000023472</ItemCode>
      <ItemType>1</ItemType>
      <ItemName>ליקר שטוק טריפל סק</ItemName>
      <ManufactureName>טמפו משקאות בעמ</ManufactureName>
      <ManufactureCountry />
      <ManufactureItemDescription />
      <UnitQty>יח`</UnitQty>
      <Quantity>7.50</Quantity>
      <UnitMeasure>100 מ"ל</UnitMeasure>
      <BisWeighted>0</BisWeighted>
      <QtyInPackage>1</QtyInPackage>
      <ItemPrice>54.90</ItemPrice>
      <UnitOfMeasurePrice>7.28</UnitOfMeasurePrice>
      <AllowDiscount>0</AllowDiscount>
      <itemStatus>1</itemStatus>
      <LastUpdateDate />
      <LastUpdateTime />
    </Product>
    <Product>
      <PriceUpdateDate>2018/08/05 11:15</PriceUpdateDate>
      <ItemCode>7290000023809</ItemCode>
      <ItemType>1</ItemType>
      <ItemName>קלאסיק קברנה סובניון יקבי ברקן (750 מל)</ItemName>
      <ManufactureName>טמפו משקאות בעמ</ManufactureName>
      <ManufactureCountry />
      <ManufactureItemDescription />
      <UnitQty>יח`</UnitQty>
      <Quantity>7.50</Quantity>
      <UnitMeasure>100 מ"ל</UnitMeasure>
      <BisWeighted>0</BisWeighted>
      <QtyInPackage>1</QtyInPackage>
      <ItemPrice>26.90</ItemPrice>
      <UnitOfMeasurePrice>3.55</UnitOfMeasurePrice>
      <AllowDiscount>1</AllowDiscount>
      <itemStatus>1</itemStatus>
      <LastUpdateDate />
      <LastUpdateTime />
    </Product>
    <Product>
      <PriceUpdateDate>2018/08/05 11:15</PriceUpdateDate>
      <ItemCode>7290000023816</ItemCode>
      <ItemType>1</ItemType>
      <ItemName>קלאסיק אמרלד ריזלינג יקבי ברקן (750 מל)</ItemName>
      <ManufactureName>טמפו משקאות בעמ</ManufactureName>
      <ManufactureCountry />
      <ManufactureItemDescription />
      <UnitQty>יח`</UnitQty>
      <Quantity>7.50</Quantity>
      <UnitMeasure>100 מ"ל</UnitMeasure>
      <BisWeighted>0</BisWeighted>
      <QtyInPackage>1</QtyInPackage>
      <ItemPrice>26.90</ItemPrice>
      <UnitOfMeasurePrice>3.55</UnitOfMeasurePrice>
      <AllowDiscount>1</AllowDiscount>
      <itemStatus>1</itemStatus>
      <LastUpdateDate />
      <LastUpdateTime />
    </Product>
    <Product>
      <PriceUpdateDate>2018/08/05 11:15</PriceUpdateDate>
      <ItemCode>7290000023830</ItemCode>
      <ItemType>1</ItemType>
      <ItemName>קלאסיק קברנה בלאש</ItemName>
      <ManufactureName>טמפו משקאות בעמ</ManufactureName>
      <ManufactureCountry />
      <ManufactureItemDescription />
      <UnitQty>יח`</UnitQty>
      <Quantity>7.50</Quantity>
      <UnitMeasure>100 מ"ל</UnitMeasure>
      <BisWeighted>0</BisWeighted>
      <QtyInPackage>1</QtyInPackage>
      <ItemPrice>26.90</ItemPrice>
      <UnitOfMeasurePrice>3.55</UnitOfMeasurePrice>
      <AllowDiscount>1</AllowDiscount>
      <itemStatus>1</itemStatus>
      <LastUpdateDate />
      <LastUpdateTime />
    </Product>
    <Product>
      <PriceUpdateDate>2018/08/05 11:15</PriceUpdateDate>
      <ItemCode>7290000023977</ItemCode>
      <ItemType>1</ItemType>
      <ItemName>קלאסיק מרלו יקבי ברקן (750 מל)</ItemName>
      <ManufactureName>טמפו משקאות בעמ</ManufactureName>
      <ManufactureCountry />
      <ManufactureItemDescription />
      <UnitQty>יח`</UnitQty>
      <Quantity>7.50</Quantity>
      <UnitMeasure>100 מ"ל</UnitMeasure>
      <BisWeighted>0</BisWeighted>
      <QtyInPackage>1</QtyInPackage>
      <ItemPrice>26.90</ItemPrice>
      <UnitOfMeasurePrice>3.55</UnitOfMeasurePrice>
      <AllowDiscount>1</AllowDiscount>
      <itemStatus>1</itemStatus>
      <LastUpdateDate />
      <LastUpdateTime />
    </Product>
    <Product>
      <PriceUpdateDate>2018/04/24 09:19</PriceUpdateDate>
      <ItemCode>7290000024202</ItemCode>
      <ItemType>1</ItemType>
      <ItemName>רזרב קברנה סובניון יקבי ברקן (750 מל)</ItemName>
      <ManufactureName>טמפו משקאות בעמ</ManufactureName>
      <ManufactureCountry />
      <ManufactureItemDescription />
      <UnitQty>יח`</UnitQty>
      <Quantity>7.50</Quantity>
      <UnitMeasure>100 מ"ל</UnitMeasure>
      <BisWeighted>0</BisWeighted>
      <QtyInPackage>1</QtyInPackage>
      <ItemPrice>49.90</ItemPrice>
      <UnitOfMeasurePrice>6.61</UnitOfMeasurePrice>
      <AllowDiscount>1</AllowDiscount>
      <itemStatus>1</itemStatus>
      <LastUpdateDate />
      <LastUpdateTime />
    </Product>
    <Product>
      <PriceUpdateDate>2018/04/24 09:19</PriceUpdateDate>
      <ItemCode>7290000024264</ItemCode>
      <ItemType>1</ItemType>
      <ItemName>רזרב מרלו יקבי ברקן (750 מל)</ItemName>
      <ManufactureName>טמפו משקאות בעמ</ManufactureName>
      <ManufactureCountry />
      <ManufactureItemDescription />
      <UnitQty>יח`</UnitQty>
      <Quantity>7.50</Quantity>
      <UnitMeasure>100 מ"ל</UnitMeasure>
      <BisWeighted>0</BisWeighted>
      <QtyInPackage>1</QtyInPackage>
      <ItemPrice>49.90</ItemPrice>
      <UnitOfMeasurePrice>6.61</UnitOfMeasurePrice>
      <AllowDiscount>1</AllowDiscount>
      <itemStatus>1</itemStatus>
      <LastUpdateDate />
      <LastUpdateTime />
    </Product>
    <Product>
      <PriceUpdateDate>2018/04/24 09:19</PriceUpdateDate>
      <ItemCode>7290000024455</ItemCode>
      <ItemType>1</ItemType>
      <ItemName>יין גליה מתוק 187 מל</ItemName>
      <ManufactureName>טמפו משקאות בעמ</ManufactureName>
      <ManufactureCountry />
      <ManufactureItemDescription />
      <UnitQty>יח`</UnitQty>
      <Quantity>1.87</Quantity>
      <UnitMeasure>100 מ"ל</UnitMeasure>
      <BisWeighted>0</BisWeighted>
      <QtyInPackage>1</QtyInPackage>
      <ItemPrice>5.90</ItemPrice>
      <UnitOfMeasurePrice>2.99</UnitOfMeasurePrice>
      <AllowDiscount>0</AllowDiscount>
      <itemStatus>1</itemStatus>
      <LastUpdateDate />
      <LastUpdateTime />
    </Product>
    <Product>
      <PriceUpdateDate>2018/04/24 09:12</PriceUpdateDate>
      <ItemCode>7290000040066</ItemCode>
      <ItemType>1</ItemType>
      <ItemName>יופלה דובדבן 3%</ItemName>
      <ManufactureName>תנובה - חלב</ManufactureName>
      <ManufactureCountry />
      <ManufactureItemDescription />
      <UnitQty>יח`</UnitQty>
      <Quantity>1.50</Quantity>
      <UnitMeasure>100 מ"ל</UnitMeasure>
      <BisWeighted>0</BisWeighted>
      <QtyInPackage>1</QtyInPackage>
      <ItemPrice>4.90</ItemPrice>
      <UnitOfMeasurePrice>3.27</UnitOfMeasurePrice>
      <AllowDiscount>1</AllowDiscount>
      <itemStatus>1</itemStatus>
      <LastUpdateDate />
      <LastUpdateTime />
    </Product>
    <Product>
      <PriceUpdateDate>2018/04/24 11:28</PriceUpdateDate>
      <ItemCode>7290000040080</ItemCode>
      <ItemType>1</ItemType>
      <ItemName>יוגורט ביו 3% אפרסק יופלה (150 גרם)</ItemName>
      <ManufactureName>תנובה - חלב</ManufactureName>
      <ManufactureCountry />
      <ManufactureItemDescription />
      <UnitQty>יח`</UnitQty>
      <Quantity>1.50</Quantity>
      <UnitMeasure>100 מ"ל</UnitMeasure>
      <BisWeighted>0</BisWeighted>
      <QtyInPackage>1</QtyInPackage>
      <ItemPrice>4.90</ItemPrice>
      <UnitOfMeasurePrice>3.27</UnitOfMeasurePrice>
      <AllowDiscount>1</AllowDiscount>
      <itemStatus>1</itemStatus>
      <LastUpdateDate />
      <LastUpdateTime />
    </Product>
    <Product>
      <PriceUpdateDate>2019/01/07 10:57</PriceUpdateDate>
      <ItemCode>7290000040301</ItemCode>
      <ItemType>1</ItemType>
      <ItemName>גבינת קממבר 24% עין גדי תנובה (125 גרם)</ItemName>
      <ManufactureName>תנובה - חלב</ManufactureName>
      <ManufactureCountry />
      <ManufactureItemDescription />
      <UnitQty>יח`</UnitQty>
      <Quantity>1.25</Quantity>
      <UnitMeasure>100 גרם</UnitMeasure>
      <BisWeighted>0</BisWeighted>
      <QtyInPackage>1</QtyInPackage>
      <ItemPrice>19.50</ItemPrice>
      <UnitOfMeasurePrice>15.60</UnitOfMeasurePrice>
      <AllowDiscount>0</AllowDiscount>
      <itemStatus>1</itemStatus>
      <LastUpdateDate />
      <LastUpdateTime />
    </Product>
    <Product>
      <PriceUpdateDate>2018/08/08 12:35</PriceUpdateDate>
      <ItemCode>7290000040318</ItemCode>
      <ItemType>1</ItemType>
      <ItemName>גבינת עדי ברי 24%  קולאז`תנובה (125 גרם)</ItemName>
      <ManufactureName>תנובה - חלב</ManufactureName>
      <ManufactureCountry />
      <ManufactureItemDescription />
      <UnitQty>יח`</UnitQty>
      <Quantity>1.25</Quantity>
      <UnitMeasure>100 גרם</UnitMeasure>
      <BisWeighted>0</BisWeighted>
      <QtyInPackage>1</QtyInPackage>
      <ItemPrice>18.90</ItemPrice>
      <UnitOfMeasurePrice>15.12</UnitOfMeasurePrice>
      <AllowDiscount>0</AllowDiscount>
      <itemStatus>1</itemStatus>
      <LastUpdateDate />
      <LastUpdateTime />
    </Product>
    <Product>
      <PriceUpdateDate>2018/08/08 12:35</PriceUpdateDate>
      <ItemCode>7290000040462</ItemCode>
      <ItemType>1</ItemType>
      <ItemName>גבינת טוסטי</ItemName>
      <ManufactureName>תנובה - חלב</ManufactureName>
      <ManufactureCountry />
      <ManufactureItemDescription />
      <UnitQty>יח`</UnitQty>
      <Quantity>2</Quantity>
      <UnitMeasure>100 גרם</UnitMeasure>
      <BisWeighted>0</BisWeighted>
      <QtyInPackage>1</QtyInPackage>
      <ItemPrice>18.90</ItemPrice>
      <UnitOfMeasurePrice>9.45</UnitOfMeasurePrice>
      <AllowDiscount>0</AllowDiscount>
      <itemStatus>1</itemStatus>
      <LastUpdateDate />
      <LastUpdateTime />
    </Product>
    <Product>
      <PriceUpdateDate>2018/08/08 12:35</PriceUpdateDate>
      <ItemCode>7290000040974</ItemCode>
      <ItemType>1</ItemType>
      <ItemName>חלב 2% דל לקטוז בקרטון תנובה (1 ליטר)</ItemName>
      <ManufactureName>תנובה - חלב</ManufactureName>
      <ManufactureCountry />
      <ManufactureItemDescription />
      <UnitQty>יח`</UnitQty>
      <Quantity>1</Quantity>
      <UnitMeasure>1 ליטר</UnitMeasure>
      <BisWeighted>0</BisWeighted>
      <QtyInPackage>1</QtyInPackage>
      <ItemPrice>6.90</ItemPrice>
      <UnitOfMeasurePrice>6.90</UnitOfMeasurePrice>
      <AllowDiscount>0</AllowDiscount>
      <itemStatus>1</itemStatus>
      <LastUpdateDate />
      <LastUpdateTime />
    </Product>
    <Product>
      <PriceUpdateDate>2019/06/19 09:52</PriceUpdateDate>
      <ItemCode>7290000041407</ItemCode>
      <ItemType>1</ItemType>
      <ItemName>גיל 125 גרם</ItemName>
      <ManufactureName>תנובה - חלב</ManufactureName>
      <ManufactureCountry />
      <ManufactureItemDescription />
      <UnitQty>יח`</UnitQty>
      <Quantity>1.25</Quantity>
      <UnitMeasure>100 מ"ל</UnitMeasure>
      <BisWeighted>0</BisWeighted>
      <QtyInPackage>1</QtyInPackage>
      <ItemPrice>0.90</ItemPrice>
      <UnitOfMeasurePrice>0.72</UnitOfMeasurePrice>
      <AllowDiscount>0</AllowDiscount>
      <itemStatus>1</itemStatus>
      <LastUpdateDate />
      <LastUpdateTime />
    </Product>
    <Product>
      <PriceUpdateDate>2018/04/24 09:13</PriceUpdateDate>
      <ItemCode>7290000041445</ItemCode>
      <ItemType>1</ItemType>
      <ItemName>קוטג` 250 5%</ItemName>
      <ManufactureName>תנובה - חלב</ManufactureName>
      <ManufactureCountry />
      <ManufactureItemDescription />
      <UnitQty>יח`</UnitQty>
      <Quantity>2.50</Quantity>
      <UnitMeasure>100 גרם</UnitMeasure>
      <BisWeighted>0</BisWeighted>
      <QtyInPackage>1</QtyInPackage>
      <ItemPrice>5.50</ItemPrice>
      <UnitOfMeasurePrice>2.20</UnitOfMeasurePrice>
      <AllowDiscount>0</AllowDiscount>
      <itemStatus>1</itemStatus>
      <LastUpdateDate />
      <LastUpdateTime />
    </Product>
    <Product>
      <PriceUpdateDate>2018/08/01 14:14</PriceUpdateDate>
      <ItemCode>7290000041858</ItemCode>
      <ItemType>1</ItemType>
      <ItemName>שמנת חמוצה 15% יטבתה (200 מל)</ItemName>
      <ManufactureName>שטראוס גרופ בעמ/מצונן</ManufactureName>
      <ManufactureCountry />
      <ManufactureItemDescription />
      <UnitQty>יח`</UnitQty>
      <Quantity>2</Quantity>
      <UnitMeasure>100 מ"ל</UnitMeasure>
      <BisWeighted>0</BisWeighted>
      <QtyInPackage>1</QtyInPackage>
      <ItemPrice>2.50</ItemPrice>
      <UnitOfMeasurePrice>1.25</UnitOfMeasurePrice>
      <AllowDiscount>0</AllowDiscount>
      <itemStatus>1</itemStatus>
      <LastUpdateDate />
      <LastUpdateTime />
    </Product>
    <Product>
      <PriceUpdateDate>2018/04/24 10:36</PriceUpdateDate>
      <ItemCode>7290000041872</ItemCode>
      <ItemType>1</ItemType>
      <ItemName>לבן 3%</ItemName>
      <ManufactureName>שטראוס גרופ בעמ/מצונן</ManufactureName>
      <ManufactureCountry />
      <ManufactureItemDescription />
      <UnitQty>יח`</UnitQty>
      <Quantity>2</Quantity>
      <UnitMeasure>100 מ"ל</UnitMeasure>
      <BisWeighted>0</BisWeighted>
      <QtyInPackage>1</QtyInPackage>
      <ItemPrice>2.10</ItemPrice>
      <UnitOfMeasurePrice>1.05</UnitOfMeasurePrice>
      <AllowDiscount>0</AllowDiscount>
      <itemStatus>1</itemStatus>
      <LastUpdateDate />
      <LastUpdateTime />
    </Product>
    <Product>
      <PriceUpdateDate>2019/06/19 09:52</PriceUpdateDate>
      <ItemCode>7290000042008</ItemCode>
      <ItemType>1</ItemType>
      <ItemName>חלב 3% בשקית תנובה (1 ליטר) פיקוח</ItemName>
      <ManufactureName>תנובה - חלב</ManufactureName>
      <ManufactureCountry />
      <ManufactureItemDescription />
      <UnitQty>יח`</UnitQty>
      <Quantity>10</Quantity>
      <UnitMeasure>100 מ"ל</UnitMeasure>
      <BisWeighted>0</BisWeighted>
      <QtyInPackage>1</QtyInPackage>
      <ItemPrice>5.17</ItemPrice>
      <UnitOfMeasurePrice>0.52</UnitOfMeasurePrice>
      <AllowDiscount>0</AllowDiscount>
      <itemStatus>1</itemStatus>
      <LastUpdateDate />
      <LastUpdateTime />
    </Product>
    <Product>
      <PriceUpdateDate>2019/06/19 09:52</PriceUpdateDate>
      <ItemCode>7290000042244</ItemCode>
      <ItemType>1</ItemType>
      <ItemName>חלב 3% תנובה (2 ליטר) פיקו</ItemName>
      <ManufactureName>תנובה - חלב</ManufactureName>
      <ManufactureCountry />
      <ManufactureItemDescription />
      <UnitQty>יח`</UnitQty>
      <Quantity>2</Quantity>
      <UnitMeasure>1 ליטר</UnitMeasure>
      <BisWeighted>0</BisWeighted>
      <QtyInPackage>1</QtyInPackage>
      <ItemPrice>11.88</ItemPrice>
      <UnitOfMeasurePrice>5.94</UnitOfMeasurePrice>
      <AllowDiscount>0</AllowDiscount>
      <itemStatus>1</itemStatus>
      <LastUpdateDate />
      <LastUpdateTime />
    </Product>
    <Product>
      <PriceUpdateDate>2019/06/19 09:52</PriceUpdateDate>
      <ItemCode>7290000042435</ItemCode>
      <ItemType>1</ItemType>
      <ItemName>חלב דל שומן 1% בקרטון תנובה (1  ליטר)פיק</ItemName>
      <ManufactureName>תנובה - חלב</ManufactureName>
      <ManufactureCountry />
      <ManufactureItemDescription />
      <UnitQty>יח`</UnitQty>
      <Quantity>10</Quantity>
      <UnitMeasure>100 מ"ל</UnitMeasure>
      <BisWeighted>0</BisWeighted>
      <QtyInPackage>1</QtyInPackage>
      <ItemPrice>5.59</ItemPrice>
      <UnitOfMeasurePrice>0.56</UnitOfMeasurePrice>
      <AllowDiscount>0</AllowDiscount>
      <itemStatus>1</itemStatus>
      <LastUpdateDate />
      <LastUpdateTime />
    </Product>
    <Product>
      <PriceUpdateDate>2019/06/19 09:52</PriceUpdateDate>
      <ItemCode>7290000042442</ItemCode>
      <ItemType>1</ItemType>
      <ItemName>חלב 3% בקרטון תנובה (1  ליטר)פיקוח</ItemName>
      <ManufactureName>תנובה - חלב</ManufactureName>
      <ManufactureCountry />
      <ManufactureItemDescription />
      <UnitQty>יח`</UnitQty>
      <Quantity>10</Quantity>
      <UnitMeasure>100 מ"ל</UnitMeasure>
      <BisWeighted>0</BisWeighted>
      <QtyInPackage>1</QtyInPackage>
      <ItemPrice>5.94</ItemPrice>
      <UnitOfMeasurePrice>0.59</UnitOfMeasurePrice>
      <AllowDiscount>0</AllowDiscount>
      <itemStatus>1</itemStatus>
      <LastUpdateDate />
      <LastUpdateTime />
    </Product>
    <Product>
      <PriceUpdateDate>2018/08/08 12:35</PriceUpdateDate>
      <ItemCode>7290000042503</ItemCode>
      <ItemType>1</ItemType>
      <ItemName>חלב עמיד הומוגני 3% תנובה (1 ליטר)</ItemName>
      <ManufactureName>תנובה - חלב</ManufactureName>
      <ManufactureCountry />
      <ManufactureItemDescription />
      <UnitQty>יח`</UnitQty>
      <Quantity>1</Quantity>
      <UnitMeasure>1 ליטר</UnitMeasure>
      <BisWeighted>0</BisWeighted>
      <QtyInPackage>1</QtyInPackage>
      <ItemPrice>6.90</ItemPrice>
      <UnitOfMeasurePrice>6.90</UnitOfMeasurePrice>
      <AllowDiscount>0</AllowDiscount>
      <itemStatus>1</itemStatus>
      <LastUpdateDate />
      <LastUpdateTime />
    </Product>
    <Product>
      <PriceUpdateDate>2018/08/08 12:35</PriceUpdateDate>
      <ItemCode>7290000042640</ItemCode>
      <ItemType>1</ItemType>
      <ItemName>חלב עמיד 3% תנובה (250 מל)</ItemName>
      <ManufactureName>תנובה - חלב</ManufactureName>
      <ManufactureCountry />
      <ManufactureItemDescription />
      <UnitQty>יח`</UnitQty>
      <Quantity>2.50</Quantity>
      <UnitMeasure>100 מ"ל</UnitMeasure>
      <BisWeighted>0</BisWeighted>
      <QtyInPackage>1</QtyInPackage>
      <ItemPrice>2.60</ItemPrice>
      <UnitOfMeasurePrice>1.04</UnitOfMeasurePrice>
      <AllowDiscount>0</AllowDiscount>
      <itemStatus>1</itemStatus>
      <LastUpdateDate />
      <LastUpdateTime />
    </Product>
    <Product>
      <PriceUpdateDate>2018/04/24 10:36</PriceUpdateDate>
      <ItemCode>7290000042855</ItemCode>
      <ItemType>1</ItemType>
      <ItemName>שוקו שקית</ItemName>
      <ManufactureName>שטראוס גרופ בעמ/מצונן</ManufactureName>
      <ManufactureCountry />
      <ManufactureItemDescription />
      <UnitQty>יח`</UnitQty>
      <Quantity>2.25</Quantity>
      <UnitMeasure>100 מ"ל</UnitMeasure>
      <BisWeighted>0</BisWeighted>
      <QtyInPackage>1</QtyInPackage>
      <ItemPrice>2.50</ItemPrice>
      <UnitOfMeasurePrice>1.11</UnitOfMeasurePrice>
      <AllowDiscount>0</AllowDiscount>
      <itemStatus>1</itemStatus>
      <LastUpdateDate />
      <LastUpdateTime />
    </Product>
    <Product>
      <PriceUpdateDate>2019/06/19 09:52</PriceUpdateDate>
      <ItemCode>7290000043814</ItemCode>
      <ItemType>1</ItemType>
      <ItemName>השף הלבן שמנת עמיד 38% קר 250</ItemName>
      <ManufactureName>תנובה - חלב</ManufactureName>
      <ManufactureCountry />
      <ManufactureItemDescription />
      <UnitQty>יח`</UnitQty>
      <Quantity>2.50</Quantity>
      <UnitMeasure>100 מ"ל</UnitMeasure>
      <BisWeighted>0</BisWeighted>
      <QtyInPackage>1</QtyInPackage>
      <ItemPrice>6.18</ItemPrice>
      <UnitOfMeasurePrice>2.47</UnitOfMeasurePrice>
      <AllowDiscount>0</AllowDiscount>
      <itemStatus>1</itemStatus>
      <LastUpdateDate />
      <LastUpdateTime />
    </Product>
    <Product>
      <PriceUpdateDate>2018/08/08 12:35</PriceUpdateDate>
      <ItemCode>7290000043890</ItemCode>
      <ItemType>1</ItemType>
      <ItemName>רויון 1.5% תנובה (1 ליטר)</ItemName>
      <ManufactureName>תנובה - חלב</ManufactureName>
      <ManufactureCountry />
      <ManufactureItemDescription />
      <UnitQty>יח`</UnitQty>
      <Quantity>1</Quantity>
      <UnitMeasure>1 ליטר</UnitMeasure>
      <BisWeighted>0</BisWeighted>
      <QtyInPackage>1</QtyInPackage>
      <ItemPrice>11.50</ItemPrice>
      <UnitOfMeasurePrice>11.50</UnitOfMeasurePrice>
      <AllowDiscount>0</AllowDiscount>
      <itemStatus>1</itemStatus>
      <LastUpdateDate />
      <LastUpdateTime />
    </Product>
    <Product>
      <PriceUpdateDate>2018/08/08 12:35</PriceUpdateDate>
      <ItemCode>7290000044743</ItemCode>
      <ItemType>1</ItemType>
      <ItemName>יוגורט בטעם אננס 1.5% פרילי (500 מל)</ItemName>
      <ManufactureName>תנובה - חלב</ManufactureName>
      <ManufactureCountry />
      <ManufactureItemDescription />
      <UnitQty>יח`</UnitQty>
      <Quantity>5</Quantity>
      <UnitMeasure>100 מ"ל</UnitMeasure>
      <BisWeighted>0</BisWeighted>
      <QtyInPackage>1</QtyInPackage>
      <ItemPrice>10.90</ItemPrice>
      <UnitOfMeasurePrice>2.18</UnitOfMeasurePrice>
      <AllowDiscount>0</AllowDiscount>
      <itemStatus>1</itemStatus>
      <LastUpdateDate />
      <LastUpdateTime />
    </Product>
    <Product>
      <PriceUpdateDate>2018/08/08 12:35</PriceUpdateDate>
      <ItemCode>7290000045573</ItemCode>
      <ItemType>1</ItemType>
      <ItemName>גבינת נעמה</ItemName>
      <ManufactureName>תנובה - חלב</ManufactureName>
      <ManufactureCountry />
      <ManufactureItemDescription />
      <UnitQty>יח`</UnitQty>
      <Quantity>2</Quantity>
      <UnitMeasure>100 גרם</UnitMeasure>
      <BisWeighted>0</BisWeighted>
      <QtyInPackage>1</QtyInPackage>
      <ItemPrice>14.90</ItemPrice>
      <UnitOfMeasurePrice>7.45</UnitOfMeasurePrice>
      <AllowDiscount>0</AllowDiscount>
      <itemStatus>1</itemStatus>
      <LastUpdateDate />
      <LastUpdateTime />
    </Product>
    <Product>
      <PriceUpdateDate>2018/08/08 12:35</PriceUpdateDate>
      <ItemCode>7290000045580</ItemCode>
      <ItemType>1</ItemType>
      <ItemName>גבינת חורש</ItemName>
      <ManufactureName>תנובה - חלב</ManufactureName>
      <ManufactureCountry />
      <ManufactureItemDescription />
      <UnitQty>יח`</UnitQty>
      <Quantity>2.40</Quantity>
      <UnitMeasure>100 גרם</UnitMeasure>
      <BisWeighted>0</BisWeighted>
      <QtyInPackage>1</QtyInPackage>
      <ItemPrice>17.90</ItemPrice>
      <UnitOfMeasurePrice>7.46</UnitOfMeasurePrice>
      <AllowDiscount>0</AllowDiscount>
      <itemStatus>1</itemStatus>
      <LastUpdateDate />
      <LastUpdateTime />
    </Product>
    <Product>
      <PriceUpdateDate>2018/08/08 12:35</PriceUpdateDate>
      <ItemCode>7290000045771</ItemCode>
      <ItemType>1</ItemType>
      <ItemName>יוגורט לבן 4% תנובה (3 ליטר)</ItemName>
      <ManufactureName>תנובה - חלב</ManufactureName>
      <ManufactureCountry />
      <ManufactureItemDescription />
      <UnitQty>יח`</UnitQty>
      <Quantity>3</Quantity>
      <UnitMeasure>1 ליטר</UnitMeasure>
      <BisWeighted>0</BisWeighted>
      <QtyInPackage>1</QtyInPackage>
      <ItemPrice>29</ItemPrice>
      <UnitOfMeasurePrice>9.67</UnitOfMeasurePrice>
      <AllowDiscount>1</AllowDiscount>
      <itemStatus>1</itemStatus>
      <LastUpdateDate />
      <LastUpdateTime />
    </Product>
    <Product>
      <PriceUpdateDate>2018/08/08 12:35</PriceUpdateDate>
      <ItemCode>7290000045917</ItemCode>
      <ItemType>1</ItemType>
      <ItemName>קולאז עיזים 23%</ItemName>
      <ManufactureName>תנובה - חלב</ManufactureName>
      <ManufactureCountry />
      <ManufactureItemDescription />
      <UnitQty>יח`</UnitQty>
      <Quantity>2</Quantity>
      <UnitMeasure>100 גרם</UnitMeasure>
      <BisWeighted>0</BisWeighted>
      <QtyInPackage>1</QtyInPackage>
      <ItemPrice>25.50</ItemPrice>
      <UnitOfMeasurePrice>12.75</UnitOfMeasurePrice>
      <AllowDiscount>0</AllowDiscount>
      <itemStatus>1</itemStatus>
      <LastUpdateDate />
      <LastUpdateTime />
    </Product>
    <Product>
      <PriceUpdateDate>2019/06/19 09:52</PriceUpdateDate>
      <ItemCode>7290000048185</ItemCode>
      <ItemType>1</ItemType>
      <ItemName>גבינה לבנה 5% תנובה (250  גרם)פיקוח</ItemName>
      <ManufactureName>תנובה - חלב</ManufactureName>
      <ManufactureCountry />
      <ManufactureItemDescription />
      <UnitQty>יח`</UnitQty>
      <Quantity>2.50</Quantity>
      <UnitMeasure>100 גרם</UnitMeasure>
      <BisWeighted>0</BisWeighted>
      <QtyInPackage>1</QtyInPackage>
      <ItemPrice>4.75</ItemPrice>
      <UnitOfMeasurePrice>1.90</UnitOfMeasurePrice>
      <AllowDiscount>0</AllowDiscount>
      <itemStatus>1</itemStatus>
      <LastUpdateDate />
      <LastUpdateTime />
    </Product>
    <Product>
      <PriceUpdateDate>2019/06/19 09:52</PriceUpdateDate>
      <ItemCode>7290000048192</ItemCode>
      <ItemType>1</ItemType>
      <ItemName>גבינה לבנה 9% תנובה (250 גרם)</ItemName>
      <ManufactureName>תנובה - חלב</ManufactureName>
      <ManufactureCountry />
      <ManufactureItemDescription />
      <UnitQty>יח`</UnitQty>
      <Quantity>2.50</Quantity>
      <UnitMeasure>100 גרם</UnitMeasure>
      <BisWeighted>0</BisWeighted>
      <QtyInPackage>1</QtyInPackage>
      <ItemPrice>4.75</ItemPrice>
      <UnitOfMeasurePrice>1.90</UnitOfMeasurePrice>
      <AllowDiscount>0</AllowDiscount>
      <itemStatus>1</itemStatus>
      <LastUpdateDate />
      <LastUpdateTime />
    </Product>
    <Product>
      <PriceUpdateDate>2018/08/08 12:35</PriceUpdateDate>
      <ItemCode>7290000048437</ItemCode>
      <ItemType>1</ItemType>
      <ItemName>גבינת צפתית 5% פיראוס (200 גרם)</ItemName>
      <ManufactureName>תנובה - חלב</ManufactureName>
      <ManufactureCountry />
      <ManufactureItemDescription />
      <UnitQty>יח`</UnitQty>
      <Quantity>2</Quantity>
      <UnitMeasure>100 גרם</UnitMeasure>
      <BisWeighted>0</BisWeighted>
      <QtyInPackage>1</QtyInPackage>
      <ItemPrice>14.90</ItemPrice>
      <UnitOfMeasurePrice>7.45</UnitOfMeasurePrice>
      <AllowDiscount>0</AllowDiscount>
      <itemStatus>1</itemStatus>
      <LastUpdateDate />
      <LastUpdateTime />
    </Product>
    <Product>
      <PriceUpdateDate>2018/08/08 12:35</PriceUpdateDate>
      <ItemCode>7290000048451</ItemCode>
      <ItemType>1</ItemType>
      <ItemName>פיראוס חרמון שקית 16% 250 גר`</ItemName>
      <ManufactureName>תנובה - חלב</ManufactureName>
      <ManufactureCountry />
      <ManufactureItemDescription />
      <UnitQty>יח`</UnitQty>
      <Quantity>2.50</Quantity>
      <UnitMeasure>100 גרם</UnitMeasure>
      <BisWeighted>0</BisWeighted>
      <QtyInPackage>1</QtyInPackage>
      <ItemPrice>17.50</ItemPrice>
      <UnitOfMeasurePrice>7</UnitOfMeasurePrice>
      <AllowDiscount>0</AllowDiscount>
      <itemStatus>1</itemStatus>
      <LastUpdateDate />
      <LastUpdateTime />
    </Product>
    <Product>
      <PriceUpdateDate>2018/08/08 12:35</PriceUpdateDate>
      <ItemCode>7290000049458</ItemCode>
      <ItemType>1</ItemType>
      <ItemName>גבינה בולגרית עיזים 16% פיראוס (250 גרם)</ItemName>
      <ManufactureName>תנובה - חלב</ManufactureName>
      <ManufactureCountry />
      <ManufactureItemDescription />
      <UnitQty>יח`</UnitQty>
      <Quantity>2.50</Quantity>
      <UnitMeasure>100 גרם</UnitMeasure>
      <BisWeighted>0</BisWeighted>
      <QtyInPackage>1</QtyInPackage>
      <ItemPrice>28.50</ItemPrice>
      <UnitOfMeasurePrice>11.40</UnitOfMeasurePrice>
      <AllowDiscount>0</AllowDiscount>
      <itemStatus>1</itemStatus>
      <LastUpdateDate />
      <LastUpdateTime />
    </Product>
    <Product>
      <PriceUpdateDate>2019/06/19 09:52</PriceUpdateDate>
      <ItemCode>7290000050300</ItemCode>
      <ItemType>1</ItemType>
      <ItemName>גבינה לבנה 5% מהדרין תנובה (125 גרם)</ItemName>
      <ManufactureName>תנובה - חלב</ManufactureName>
      <ManufactureCountry />
      <ManufactureItemDescription />
      <UnitQty>יח`</UnitQty>
      <Quantity>1.25</Quantity>
      <UnitMeasure>100 גרם</UnitMeasure>
      <BisWeighted>0</BisWeighted>
      <QtyInPackage>1</QtyInPackage>
      <ItemPrice>2.37</ItemPrice>
      <UnitOfMeasurePrice>1.90</UnitOfMeasurePrice>
      <AllowDiscount>0</AllowDiscount>
      <itemStatus>1</itemStatus>
      <LastUpdateDate />
      <LastUpdateTime />
    </Product>
    <Product>
      <PriceUpdateDate>2018/04/24 09:13</PriceUpdateDate>
      <ItemCode>7290000050454</ItemCode>
      <ItemType>1</ItemType>
      <ItemName>יוגורט ביו 3% אפרסק יופלה (500 גרם)</ItemName>
      <ManufactureName>תנובה - חלב</ManufactureName>
      <ManufactureCountry />
      <ManufactureItemDescription />
      <UnitQty>יח`</UnitQty>
      <Quantity>5</Quantity>
      <UnitMeasure>100 מ"ל</UnitMeasure>
      <BisWeighted>0</BisWeighted>
      <QtyInPackage>1</QtyInPackage>
      <ItemPrice>12.50</ItemPrice>
      <UnitOfMeasurePrice>2.50</UnitOfMeasurePrice>
      <AllowDiscount>0</AllowDiscount>
      <itemStatus>1</itemStatus>
      <LastUpdateDate />
      <LastUpdateTime />
    </Product>
    <Product>
      <PriceUpdateDate>2018/04/24 09:14</PriceUpdateDate>
      <ItemCode>7290000051376</ItemCode>
      <ItemType>1</ItemType>
      <ItemName>יופלה דיאט אננס 0%</ItemName>
      <ManufactureName>תנובה - חלב</ManufactureName>
      <ManufactureCountry />
      <ManufactureItemDescription />
      <UnitQty>יח`</UnitQty>
      <Quantity>1.50</Quantity>
      <UnitMeasure>100 מ"ל</UnitMeasure>
      <BisWeighted>0</BisWeighted>
      <QtyInPackage>1</QtyInPackage>
      <ItemPrice>4.90</ItemPrice>
      <UnitOfMeasurePrice>3.27</UnitOfMeasurePrice>
      <AllowDiscount>1</AllowDiscount>
      <itemStatus>1</itemStatus>
      <LastUpdateDate />
      <LastUpdateTime />
    </Product>
    <Product>
      <PriceUpdateDate>2018/08/08 12:35</PriceUpdateDate>
      <ItemCode>7290000052311</ItemCode>
      <ItemType>1</ItemType>
      <ItemName>עמק פרוס בקופסא 200 גר` 15% שומן</ItemName>
      <ManufactureName>תנובה - חלב</ManufactureName>
      <ManufactureCountry />
      <ManufactureItemDescription />
      <UnitQty>יח`</UnitQty>
      <Quantity>2</Quantity>
      <UnitMeasure>100 גרם</UnitMeasure>
      <BisWeighted>0</BisWeighted>
      <QtyInPackage>1</QtyInPackage>
      <ItemPrice>16.10</ItemPrice>
      <UnitOfMeasurePrice>8.05</UnitOfMeasurePrice>
      <AllowDiscount>0</AllowDiscount>
      <itemStatus>1</itemStatus>
      <LastUpdateDate />
      <LastUpdateTime />
    </Product>
    <Product>
      <PriceUpdateDate>2018/08/08 12:35</PriceUpdateDate>
      <ItemCode>7290000055015</ItemCode>
      <ItemType>1</ItemType>
      <ItemName>גבינת פטה כבשים 5% פיראוס (250 גרם)</ItemName>
      <ManufactureName>תנובה - חלב</ManufactureName>
      <ManufactureCountry />
      <ManufactureItemDescription />
      <UnitQty>יח`</UnitQty>
      <Quantity>2.50</Quantity>
      <UnitMeasure>100 גרם</UnitMeasure>
      <BisWeighted>0</BisWeighted>
      <QtyInPackage>1</QtyInPackage>
      <ItemPrice>26.50</ItemPrice>
      <UnitOfMeasurePrice>10.60</UnitOfMeasurePrice>
      <AllowDiscount>0</AllowDiscount>
      <itemStatus>1</itemStatus>
      <LastUpdateDate />
      <LastUpdateTime />
    </Product>
    <Product>
      <PriceUpdateDate>2018/08/08 12:35</PriceUpdateDate>
      <ItemCode>7290000055329</ItemCode>
      <ItemType>1</ItemType>
      <ItemName>יופלה משקה יוגורט 250 מל תות מלון</ItemName>
      <ManufactureName>תנובה - חלב</ManufactureName>
      <ManufactureCountry />
      <ManufactureItemDescription />
      <UnitQty>יח`</UnitQty>
      <Quantity>2.50</Quantity>
      <UnitMeasure>100 גרם</UnitMeasure>
      <BisWeighted>0</BisWeighted>
      <QtyInPackage>1</QtyInPackage>
      <ItemPrice>5.50</ItemPrice>
      <UnitOfMeasurePrice>2.20</UnitOfMeasurePrice>
      <AllowDiscount>1</AllowDiscount>
      <itemStatus>1</itemStatus>
      <LastUpdateDate />
      <LastUpdateTime />
    </Product>
    <Product>
      <PriceUpdateDate>2018/08/08 12:35</PriceUpdateDate>
      <ItemCode>7290000055336</ItemCode>
      <ItemType>1</ItemType>
      <ItemName>יופלה משקה יוגורט 250 מל בננה אפרסק</ItemName>
      <ManufactureName>תנובה - חלב</ManufactureName>
      <ManufactureCountry />
      <ManufactureItemDescription />
      <UnitQty>יח`</UnitQty>
      <Quantity>2.50</Quantity>
      <UnitMeasure>100 גרם</UnitMeasure>
      <BisWeighted>0</BisWeighted>
      <QtyInPackage>1</QtyInPackage>
      <ItemPrice>5.50</ItemPrice>
      <UnitOfMeasurePrice>2.20</UnitOfMeasurePrice>
      <AllowDiscount>1</AllowDiscount>
      <itemStatus>1</itemStatus>
      <LastUpdateDate />
      <LastUpdateTime />
    </Product>
    <Product>
      <PriceUpdateDate>2018/08/08 12:35</PriceUpdateDate>
      <ItemCode>7290000055343</ItemCode>
      <ItemType>1</ItemType>
      <ItemName>משקה יוגורט 1.5% טרופי יופלה (250 גרם)</ItemName>
      <ManufactureName>תנובה - חלב</ManufactureName>
      <ManufactureCountry />
      <ManufactureItemDescription />
      <UnitQty>יח`</UnitQty>
      <Quantity>2.50</Quantity>
      <UnitMeasure>100 גרם</UnitMeasure>
      <BisWeighted>0</BisWeighted>
      <QtyInPackage>1</QtyInPackage>
      <ItemPrice>5.50</ItemPrice>
      <UnitOfMeasurePrice>2.20</UnitOfMeasurePrice>
      <AllowDiscount>1</AllowDiscount>
      <itemStatus>1</itemStatus>
      <LastUpdateDate />
      <LastUpdateTime />
    </Product>
    <Product>
      <PriceUpdateDate>2019/01/07 10:57</PriceUpdateDate>
      <ItemCode>7290000056272</ItemCode>
      <ItemType>1</ItemType>
      <ItemName>גבינה לבנה 5% עם זיתים תנובה (250 גרם)</ItemName>
      <ManufactureName>תנובה - חלב</ManufactureName>
      <ManufactureCountry />
      <ManufactureItemDescription />
      <UnitQty>יח`</UnitQty>
      <Quantity>2.50</Quantity>
      <UnitMeasure>100 גרם</UnitMeasure>
      <BisWeighted>0</BisWeighted>
      <QtyInPackage>1</QtyInPackage>
      <ItemPrice>5.70</ItemPrice>
      <UnitOfMeasurePrice>2.28</UnitOfMeasurePrice>
      <AllowDiscount>0</AllowDiscount>
      <itemStatus>1</itemStatus>
      <LastUpdateDate />
      <LastUpdateTime />
    </Product>
    <Product>
      <PriceUpdateDate>2019/06/19 09:52</PriceUpdateDate>
      <ItemCode>7290000056845</ItemCode>
      <ItemType>1</ItemType>
      <ItemName>חלב טרי 3% תנובה (1.5 ליטר) פיקוח</ItemName>
      <ManufactureName>תנובה - חלב</ManufactureName>
      <ManufactureCountry />
      <ManufactureItemDescription />
      <UnitQty>יח`</UnitQty>
      <Quantity>1500</Quantity>
      <UnitMeasure>1 ליטר</UnitMeasure>
      <BisWeighted>0</BisWeighted>
      <QtyInPackage>1</QtyInPackage>
      <ItemPrice>8.91</ItemPrice>
      <UnitOfMeasurePrice>0.01</UnitOfMeasurePrice>
      <AllowDiscount>0</AllowDiscount>
      <itemStatus>1</itemStatus>
      <LastUpdateDate />
      <LastUpdateTime />
    </Product>
    <Product>
      <PriceUpdateDate>2018/08/08 12:35</PriceUpdateDate>
      <ItemCode>7290000056883</ItemCode>
      <ItemType>1</ItemType>
      <ItemName>יופלה טעמים משתנים 3% 8*150 מל</ItemName>
      <ManufactureName>תנובה - חלב</ManufactureName>
      <ManufactureCountry />
      <ManufactureItemDescription />
      <UnitQty>יח`</UnitQty>
      <Quantity>12</Quantity>
      <UnitMeasure>100 מ"ל</UnitMeasure>
      <BisWeighted>0</BisWeighted>
      <QtyInPackage>1</QtyInPackage>
      <ItemPrice>30.50</ItemPrice>
      <UnitOfMeasurePrice>2.54</UnitOfMeasurePrice>
      <AllowDiscount>1</AllowDiscount>
      <itemStatus>1</itemStatus>
      <LastUpdateDate />
      <LastUpdateTime />
    </Product>
    <Product>
      <PriceUpdateDate>2018/08/08 12:35</PriceUpdateDate>
      <ItemCode>7290000056890</ItemCode>
      <ItemType>1</ItemType>
      <ItemName>יופלה דיאט טעמים שונים 6+2 8*150 מל</ItemName>
      <ManufactureName>תנובה - חלב</ManufactureName>
      <ManufactureCountry />
      <ManufactureItemDescription />
      <UnitQty>יח`</UnitQty>
      <Quantity>12</Quantity>
      <UnitMeasure>100 מ"ל</UnitMeasure>
      <BisWeighted>0</BisWeighted>
      <QtyInPackage>1</QtyInPackage>
      <ItemPrice>30.50</ItemPrice>
      <UnitOfMeasurePrice>2.54</UnitOfMeasurePrice>
      <AllowDiscount>1</AllowDiscount>
      <itemStatus>1</itemStatus>
      <LastUpdateDate />
      <LastUpdateTime />
    </Product>
    <Product>
      <PriceUpdateDate>2018/08/08 12:35</PriceUpdateDate>
      <ItemCode>7290000056906</ItemCode>
      <ItemType>1</ItemType>
      <ItemName>יופלה לבן שמינייה 1.5%</ItemName>
      <ManufactureName>תנובה - חלב</ManufactureName>
      <ManufactureCountry />
      <ManufactureItemDescription />
      <UnitQty>יח`</UnitQty>
      <Quantity>12</Quantity>
      <UnitMeasure>100 מ"ל</UnitMeasure>
      <BisWeighted>0</BisWeighted>
      <QtyInPackage>1</QtyInPackage>
      <ItemPrice>17.50</ItemPrice>
      <UnitOfMeasurePrice>1.46</UnitOfMeasurePrice>
      <AllowDiscount>1</AllowDiscount>
      <itemStatus>1</itemStatus>
      <LastUpdateDate />
      <LastUpdateTime />
    </Product>
    <Product>
      <PriceUpdateDate>2019/01/30 09:36</PriceUpdateDate>
      <ItemCode>7290000057118</ItemCode>
      <ItemType>1</ItemType>
      <ItemName>סמי עמק 400 גר</ItemName>
      <ManufactureName>תנובה - חלב</ManufactureName>
      <ManufactureCountry />
      <ManufactureItemDescription />
      <UnitQty>יח`</UnitQty>
      <Quantity>4</Quantity>
      <UnitMeasure>100 גרם</UnitMeasure>
      <BisWeighted>0</BisWeighted>
      <QtyInPackage>1</QtyInPackage>
      <ItemPrice>20.90</ItemPrice>
      <UnitOfMeasurePrice>5.23</UnitOfMeasurePrice>
      <AllowDiscount>0</AllowDiscount>
      <itemStatus>1</itemStatus>
      <LastUpdateDate />
      <LastUpdateTime />
    </Product>
    <Product>
      <PriceUpdateDate>2018/08/08 12:35</PriceUpdateDate>
      <ItemCode>7290000057132</ItemCode>
      <ItemType>1</ItemType>
      <ItemName>יוגורט ביו 1.5% תנובה (200 גרם)</ItemName>
      <ManufactureName>תנובה - חלב</ManufactureName>
      <ManufactureCountry />
      <ManufactureItemDescription />
      <UnitQty>יח`</UnitQty>
      <Quantity>2</Quantity>
      <UnitMeasure>100 גרם</UnitMeasure>
      <BisWeighted>0</BisWeighted>
      <QtyInPackage>1</QtyInPackage>
      <ItemPrice>3.20</ItemPrice>
      <UnitOfMeasurePrice>1.60</UnitOfMeasurePrice>
      <AllowDiscount>0</AllowDiscount>
      <itemStatus>1</itemStatus>
      <LastUpdateDate />
      <LastUpdateTime />
    </Product>
    <Product>
      <PriceUpdateDate>2018/08/08 12:35</PriceUpdateDate>
      <ItemCode>7290000057149</ItemCode>
      <ItemType>1</ItemType>
      <ItemName>יוגורט ביו 3% תנובה (200 גרם)</ItemName>
      <ManufactureName>תנובה - חלב</ManufactureName>
      <ManufactureCountry />
      <ManufactureItemDescription />
      <UnitQty>יח`</UnitQty>
      <Quantity>2</Quantity>
      <UnitMeasure>100 גרם</UnitMeasure>
      <BisWeighted>0</BisWeighted>
      <QtyInPackage>1</QtyInPackage>
      <ItemPrice>3.20</ItemPrice>
      <UnitOfMeasurePrice>1.60</UnitOfMeasurePrice>
      <AllowDiscount>0</AllowDiscount>
      <itemStatus>1</itemStatus>
      <LastUpdateDate />
      <LastUpdateTime />
    </Product>
    <Product>
      <PriceUpdateDate>2019/06/19 09:52</PriceUpdateDate>
      <ItemCode>7290000057477</ItemCode>
      <ItemType>1</ItemType>
      <ItemName>חלב 3% בדצ תנובה (1.5 ליטר) פיקוח</ItemName>
      <ManufactureName>תנובה - חלב</ManufactureName>
      <ManufactureCountry />
      <ManufactureItemDescription />
      <UnitQty>יח`</UnitQty>
      <Quantity>1500</Quantity>
      <UnitMeasure>1 ליטר</UnitMeasure>
      <BisWeighted>0</BisWeighted>
      <QtyInPackage>1</QtyInPackage>
      <ItemPrice>8.91</ItemPrice>
      <UnitOfMeasurePrice>0.01</UnitOfMeasurePrice>
      <AllowDiscount>0</AllowDiscount>
      <itemStatus>1</itemStatus>
      <LastUpdateDate />
      <LastUpdateTime />
    </Product>
    <Product>
      <PriceUpdateDate>2018/04/24 11:41</PriceUpdateDate>
      <ItemCode>7290000057552</ItemCode>
      <ItemType>1</ItemType>
      <ItemName>דיאט יופלה עוגת גבינה ותות</ItemName>
      <ManufactureName>תנובה - חלב</ManufactureName>
      <ManufactureCountry />
      <ManufactureItemDescription />
      <UnitQty>יח`</UnitQty>
      <Quantity>1.50</Quantity>
      <UnitMeasure>100 גרם</UnitMeasure>
      <BisWeighted>0</BisWeighted>
      <QtyInPackage>1</QtyInPackage>
      <ItemPrice>4.90</ItemPrice>
      <UnitOfMeasurePrice>3.27</UnitOfMeasurePrice>
      <AllowDiscount>1</AllowDiscount>
      <itemStatus>1</itemStatus>
      <LastUpdateDate />
      <LastUpdateTime />
    </Product>
    <Product>
      <PriceUpdateDate>2018/08/08 12:35</PriceUpdateDate>
      <ItemCode>7290000058030</ItemCode>
      <ItemType>1</ItemType>
      <ItemName>שטוזים משקה יוגורט תות יופלה (100x8 מל)</ItemName>
      <ManufactureName>תנובה - חלב</ManufactureName>
      <ManufactureCountry />
      <ManufactureItemDescription />
      <UnitQty>יח`</UnitQty>
      <Quantity>1</Quantity>
      <UnitMeasure />
      <BisWeighted>0</BisWeighted>
      <QtyInPackage>1</QtyInPackage>
      <ItemPrice>20.90</ItemPrice>
      <UnitOfMeasurePrice>20.90</UnitOfMeasurePrice>
      <AllowDiscount>0</AllowDiscount>
      <itemStatus>1</itemStatus>
      <LastUpdateDate />
      <LastUpdateTime />
    </Product>
    <Product>
      <PriceUpdateDate>2018/04/24 09:52</PriceUpdateDate>
      <ItemCode>7290000060071</ItemCode>
      <ItemType>1</ItemType>
      <ItemName>פריכונים מאורז מלא אסם (80 גרם)</ItemName>
      <ManufactureName>קבוצת אסם סחר שות. מוגבלת</ManufactureName>
      <ManufactureCountry />
      <ManufactureItemDescription />
      <UnitQty>יח`</UnitQty>
      <Quantity>0.80</Quantity>
      <UnitMeasure>100 גרם</UnitMeasure>
      <BisWeighted>0</BisWeighted>
      <QtyInPackage>1</QtyInPackage>
      <ItemPrice>7.90</ItemPrice>
      <UnitOfMeasurePrice>9.88</UnitOfMeasurePrice>
      <AllowDiscount>0</AllowDiscount>
      <itemStatus>1</itemStatus>
      <LastUpdateDate />
      <LastUpdateTime />
    </Product>
    <Product>
      <PriceUpdateDate>2019/01/07 10:57</PriceUpdateDate>
      <ItemCode>7290000060088</ItemCode>
      <ItemType>1</ItemType>
      <ItemName>בייגלה מקלות עם מלח אסם (400 גרם)</ItemName>
      <ManufactureName>קבוצת אסם סחר שות. מוגבלת</ManufactureName>
      <ManufactureCountry />
      <ManufactureItemDescription />
      <UnitQty>יח`</UnitQty>
      <Quantity>4</Quantity>
      <UnitMeasure>100 גרם</UnitMeasure>
      <BisWeighted>0</BisWeighted>
      <QtyInPackage>1</QtyInPackage>
      <ItemPrice>10.90</ItemPrice>
      <UnitOfMeasurePrice>2.73</UnitOfMeasurePrice>
      <AllowDiscount>0</AllowDiscount>
      <itemStatus>1</itemStatus>
      <LastUpdateDate />
      <LastUpdateTime />
    </Product>
    <Product>
      <PriceUpdateDate>2018/08/05 11:28</PriceUpdateDate>
      <ItemCode>7290000060163</ItemCode>
      <ItemType>1</ItemType>
      <ItemName>אטריות דקות אסם (400 גרם)</ItemName>
      <ManufactureName>קבוצת אסם סחר שות. מוגבלת</ManufactureName>
      <ManufactureCountry />
      <ManufactureItemDescription />
      <UnitQty>יח`</UnitQty>
      <Quantity>4</Quantity>
      <UnitMeasure>100 גרם</UnitMeasure>
      <BisWeighted>0</BisWeighted>
      <QtyInPackage>1</QtyInPackage>
      <ItemPrice>7.90</ItemPrice>
      <UnitOfMeasurePrice>1.98</UnitOfMeasurePrice>
      <AllowDiscount>1</AllowDiscount>
      <itemStatus>1</itemStatus>
      <LastUpdateDate />
      <LastUpdateTime />
    </Product>
    <Product>
      <PriceUpdateDate>2018/08/05 11:28</PriceUpdateDate>
      <ItemCode>7290000060200</ItemCode>
      <ItemType>1</ItemType>
      <ItemName>פתיתים אפויים קוסקוס אסם (500 גרם)</ItemName>
      <ManufactureName>קבוצת אסם סחר שות. מוגבלת</ManufactureName>
      <ManufactureCountry />
      <ManufactureItemDescription />
      <UnitQty>יח`</UnitQty>
      <Quantity>5</Quantity>
      <UnitMeasure>100 גרם</UnitMeasure>
      <BisWeighted>0</BisWeighted>
      <QtyInPackage>1</QtyInPackage>
      <ItemPrice>6.90</ItemPrice>
      <UnitOfMeasurePrice>1.38</UnitOfMeasurePrice>
      <AllowDiscount>1</AllowDiscount>
      <itemStatus>1</itemStatus>
      <LastUpdateDate />
      <LastUpdateTime />
    </Product>
    <Product>
      <PriceUpdateDate>2019/03/24 15:45</PriceUpdateDate>
      <ItemCode>7290000060217</ItemCode>
      <ItemType>1</ItemType>
      <ItemName>פסטה מקרוני מספר 7 אסם (500 גרם)</ItemName>
      <ManufactureName>קבוצת אסם סחר שות. מוגבלת</ManufactureName>
      <ManufactureCountry />
      <ManufactureItemDescription />
      <UnitQty>יח`</UnitQty>
      <Quantity>5</Quantity>
      <UnitMeasure>100 גרם</UnitMeasure>
      <BisWeighted>0</BisWeighted>
      <QtyInPackage>1</QtyInPackage>
      <ItemPrice>5.90</ItemPrice>
      <UnitOfMeasurePrice>1.18</UnitOfMeasurePrice>
      <AllowDiscount>1</AllowDiscount>
      <itemStatus>1</itemStatus>
      <LastUpdateDate />
      <LastUpdateTime />
    </Product>
    <Product>
      <PriceUpdateDate>2019/03/24 15:45</PriceUpdateDate>
      <ItemCode>7290000060248</ItemCode>
      <ItemType>1</ItemType>
      <ItemName>פסטה תלתלים אסם (500 גרם)</ItemName>
      <ManufactureName>קבוצת אסם סחר שות. מוגבלת</ManufactureName>
      <ManufactureCountry />
      <ManufactureItemDescription />
      <UnitQty>יח`</UnitQty>
      <Quantity>5</Quantity>
      <UnitMeasure>100 גרם</UnitMeasure>
      <BisWeighted>0</BisWeighted>
      <QtyInPackage>1</QtyInPackage>
      <ItemPrice>5.90</ItemPrice>
      <UnitOfMeasurePrice>1.18</UnitOfMeasurePrice>
      <AllowDiscount>1</AllowDiscount>
      <itemStatus>1</itemStatus>
      <LastUpdateDate />
      <LastUpdateTime />
    </Product>
    <Product>
      <PriceUpdateDate>2019/02/06 09:26</PriceUpdateDate>
      <ItemCode>7290000060316</ItemCode>
      <ItemType>1</ItemType>
      <ItemName>ספגטי אסם פרפקטו (500 גרם)</ItemName>
      <ManufactureName>קבוצת אסם סחר שות. מוגבלת</ManufactureName>
      <ManufactureCountry />
      <ManufactureItemDescription />
      <UnitQty>יח`</UnitQty>
      <Quantity>5</Quantity>
      <UnitMeasure>100 גרם</UnitMeasure>
      <BisWeighted>0</BisWeighted>
      <QtyInPackage>1</QtyInPackage>
      <ItemPrice>6.90</ItemPrice>
      <UnitOfMeasurePrice>1.38</UnitOfMeasurePrice>
      <AllowDiscount>1</AllowDiscount>
      <itemStatus>1</itemStatus>
      <LastUpdateDate />
      <LastUpdateTime />
    </Product>
    <Product>
      <PriceUpdateDate>2019/01/07 10:57</PriceUpdateDate>
      <ItemCode>7290000060415</ItemCode>
      <ItemType>1</ItemType>
      <ItemName>לזניה אסם פרפקטו (500 גרם)</ItemName>
      <ManufactureName>קבוצת אסם סחר שות. מוגבלת</ManufactureName>
      <ManufactureCountry />
      <ManufactureItemDescription />
      <UnitQty>יח`</UnitQty>
      <Quantity>5</Quantity>
      <UnitMeasure>100 גרם</UnitMeasure>
      <BisWeighted>0</BisWeighted>
      <QtyInPackage>1</QtyInPackage>
      <ItemPrice>15.90</ItemPrice>
      <UnitOfMeasurePrice>3.18</UnitOfMeasurePrice>
      <AllowDiscount>1</AllowDiscount>
      <itemStatus>1</itemStatus>
      <LastUpdateDate />
      <LastUpdateTime />
    </Product>
    <Product>
      <PriceUpdateDate>2019/03/24 15:45</PriceUpdateDate>
      <ItemCode>7290000060781</ItemCode>
      <ItemType>1</ItemType>
      <ItemName>פסטה מסולסלים אסם (500 גרם)</ItemName>
      <ManufactureName>קבוצת אסם סחר שות. מוגבלת</ManufactureName>
      <ManufactureCountry />
      <ManufactureItemDescription />
      <UnitQty>יח`</UnitQty>
      <Quantity>5</Quantity>
      <UnitMeasure>100 גרם</UnitMeasure>
      <BisWeighted>0</BisWeighted>
      <QtyInPackage>1</QtyInPackage>
      <ItemPrice>5.90</ItemPrice>
      <UnitOfMeasurePrice>1.18</UnitOfMeasurePrice>
      <AllowDiscount>1</AllowDiscount>
      <itemStatus>1</itemStatus>
      <LastUpdateDate />
      <LastUpdateTime />
    </Product>
    <Product>
      <PriceUpdateDate>2019/03/24 15:45</PriceUpdateDate>
      <ItemCode>7290000060828</ItemCode>
      <ItemType>1</ItemType>
      <ItemName>פסטה קרניים בינוניות אסם (500 גרם)</ItemName>
      <ManufactureName>קבוצת אסם סחר שות. מוגבלת</ManufactureName>
      <ManufactureCountry />
      <ManufactureItemDescription />
      <UnitQty>יח`</UnitQty>
      <Quantity>5</Quantity>
      <UnitMeasure>100 גרם</UnitMeasure>
      <BisWeighted>0</BisWeighted>
      <QtyInPackage>1</QtyInPackage>
      <ItemPrice>5.90</ItemPrice>
      <UnitOfMeasurePrice>1.18</UnitOfMeasurePrice>
      <AllowDiscount>1</AllowDiscount>
      <itemStatus>1</itemStatus>
      <LastUpdateDate />
      <LastUpdateTime />
    </Product>
    <Product>
      <PriceUpdateDate>2019/03/24 15:45</PriceUpdateDate>
      <ItemCode>7290000060842</ItemCode>
      <ItemType>1</ItemType>
      <ItemName>פסטה צדפים גדולים אסם (500 גרם)</ItemName>
      <ManufactureName>קבוצת אסם סחר שות. מוגבלת</ManufactureName>
      <ManufactureCountry />
      <ManufactureItemDescription />
      <UnitQty>יח`</UnitQty>
      <Quantity>5</Quantity>
      <UnitMeasure>100 גרם</UnitMeasure>
      <BisWeighted>0</BisWeighted>
      <QtyInPackage>1</QtyInPackage>
      <ItemPrice>5.90</ItemPrice>
      <UnitOfMeasurePrice>1.18</UnitOfMeasurePrice>
      <AllowDiscount>1</AllowDiscount>
      <itemStatus>1</itemStatus>
      <LastUpdateDate />
      <LastUpdateTime />
    </Product>
    <Product>
      <PriceUpdateDate>2019/03/24 15:45</PriceUpdateDate>
      <ItemCode>7290000060859</ItemCode>
      <ItemType>1</ItemType>
      <ItemName>פסטה צדפים קטנים אסם (500 גרם)</ItemName>
      <ManufactureName>קבוצת אסם סחר שות. מוגבלת</ManufactureName>
      <ManufactureCountry />
      <ManufactureItemDescription />
      <UnitQty>יח`</UnitQty>
      <Quantity>5</Quantity>
      <UnitMeasure>100 גרם</UnitMeasure>
      <BisWeighted>0</BisWeighted>
      <QtyInPackage>1</QtyInPackage>
      <ItemPrice>5.90</ItemPrice>
      <UnitOfMeasurePrice>1.18</UnitOfMeasurePrice>
      <AllowDiscount>1</AllowDiscount>
      <itemStatus>1</itemStatus>
      <LastUpdateDate />
      <LastUpdateTime />
    </Product>
    <Product>
      <PriceUpdateDate>2019/03/24 15:45</PriceUpdateDate>
      <ItemCode>7290000060880</ItemCode>
      <ItemType>1</ItemType>
      <ItemName>ספגטי אסם (500 גרם)</ItemName>
      <ManufactureName>קבוצת אסם סחר שות. מוגבלת</ManufactureName>
      <ManufactureCountry />
      <ManufactureItemDescription />
      <UnitQty>יח`</UnitQty>
      <Quantity>5</Quantity>
      <UnitMeasure>100 גרם</UnitMeasure>
      <BisWeighted>0</BisWeighted>
      <QtyInPackage>1</QtyInPackage>
      <ItemPrice>5.90</ItemPrice>
      <UnitOfMeasurePrice>1.18</UnitOfMeasurePrice>
      <AllowDiscount>1</AllowDiscount>
      <itemStatus>1</itemStatus>
      <LastUpdateDate />
      <LastUpdateTime />
    </Product>
    <Product>
      <PriceUpdateDate>2018/08/05 11:28</PriceUpdateDate>
      <ItemCode>7290000060903</ItemCode>
      <ItemType>1</ItemType>
      <ItemName>פתיתים אפויים אורז אסם (500 גרם)</ItemName>
      <ManufactureName>קבוצת אסם סחר שות. מוגבלת</ManufactureName>
      <ManufactureCountry />
      <ManufactureItemDescription />
      <UnitQty>יח`</UnitQty>
      <Quantity>5</Quantity>
      <UnitMeasure>100 גרם</UnitMeasure>
      <BisWeighted>0</BisWeighted>
      <QtyInPackage>1</QtyInPackage>
      <ItemPrice>6.90</ItemPrice>
      <UnitOfMeasurePrice>1.38</UnitOfMeasurePrice>
      <AllowDiscount>1</AllowDiscount>
      <itemStatus>1</itemStatus>
      <LastUpdateDate />
      <LastUpdateTime />
    </Product>
    <Product>
      <PriceUpdateDate>2018/07/08 11:12</PriceUpdateDate>
      <ItemCode>7290000060958</ItemCode>
      <ItemType>1</ItemType>
      <ItemName>אטריות מובחרות בינוניות אסם (400 גרם)</ItemName>
      <ManufactureName>קבוצת אסם סחר שות. מוגבלת</ManufactureName>
      <ManufactureCountry />
      <ManufactureItemDescription />
      <UnitQty>יח`</UnitQty>
      <Quantity>4</Quantity>
      <UnitMeasure>100 גרם</UnitMeasure>
      <BisWeighted>0</BisWeighted>
      <QtyInPackage>1</QtyInPackage>
      <ItemPrice>7.90</ItemPrice>
      <UnitOfMeasurePrice>1.98</UnitOfMeasurePrice>
      <AllowDiscount>1</AllowDiscount>
      <itemStatus>1</itemStatus>
      <LastUpdateDate />
      <LastUpdateTime />
    </Product>
    <Product>
      <PriceUpdateDate>2018/07/08 11:12</PriceUpdateDate>
      <ItemCode>7290000060965</ItemCode>
      <ItemType>1</ItemType>
      <ItemName>אטריות רחבות אסם (400 גרם)</ItemName>
      <ManufactureName>קבוצת אסם סחר שות. מוגבלת</ManufactureName>
      <ManufactureCountry />
      <ManufactureItemDescription />
      <UnitQty>יח`</UnitQty>
      <Quantity>4</Quantity>
      <UnitMeasure>100 גרם</UnitMeasure>
      <BisWeighted>0</BisWeighted>
      <QtyInPackage>1</QtyInPackage>
      <ItemPrice>7.90</ItemPrice>
      <UnitOfMeasurePrice>1.98</UnitOfMeasurePrice>
      <AllowDiscount>1</AllowDiscount>
      <itemStatus>1</itemStatus>
      <LastUpdateDate />
      <LastUpdateTime />
    </Product>
    <Product>
      <PriceUpdateDate>2018/08/05 11:28</PriceUpdateDate>
      <ItemCode>7290000060972</ItemCode>
      <ItemType>1</ItemType>
      <ItemName>אטריות דקיקות אסם (400 גרם)</ItemName>
      <ManufactureName>קבוצת אסם סחר שות. מוגבלת</ManufactureName>
      <ManufactureCountry />
      <ManufactureItemDescription />
      <UnitQty>יח`</UnitQty>
      <Quantity>4</Quantity>
      <UnitMeasure>100 גרם</UnitMeasure>
      <BisWeighted>0</BisWeighted>
      <QtyInPackage>1</QtyInPackage>
      <ItemPrice>7.90</ItemPrice>
      <UnitOfMeasurePrice>1.98</UnitOfMeasurePrice>
      <AllowDiscount>1</AllowDiscount>
      <itemStatus>1</itemStatus>
      <LastUpdateDate />
      <LastUpdateTime />
    </Product>
    <Product>
      <PriceUpdateDate>2019/01/07 10:57</PriceUpdateDate>
      <ItemCode>7290000061061</ItemCode>
      <ItemType>1</ItemType>
      <ItemName>קרקר בצל אסם (250 גרם)</ItemName>
      <ManufactureName>קבוצת אסם סחר שות. מוגבלת</ManufactureName>
      <ManufactureCountry />
      <ManufactureItemDescription />
      <UnitQty>יח`</UnitQty>
      <Quantity>2.50</Quantity>
      <UnitMeasure>100 גרם</UnitMeasure>
      <BisWeighted>0</BisWeighted>
      <QtyInPackage>1</QtyInPackage>
      <ItemPrice>10.90</ItemPrice>
      <UnitOfMeasurePrice>4.36</UnitOfMeasurePrice>
      <AllowDiscount>1</AllowDiscount>
      <itemStatus>1</itemStatus>
      <LastUpdateDate />
      <LastUpdateTime />
    </Product>
    <Product>
      <PriceUpdateDate>2019/01/30 09:36</PriceUpdateDate>
      <ItemCode>7290000061245</ItemCode>
      <ItemType>1</ItemType>
      <ItemName>עוגיות שוקוצ`יפס</ItemName>
      <ManufactureName>קבוצת אסם סחר שות. מוגבלת</ManufactureName>
      <ManufactureCountry />
      <ManufactureItemDescription />
      <UnitQty>יח`</UnitQty>
      <Quantity>2.20</Quantity>
      <UnitMeasure>100 גרם</UnitMeasure>
      <BisWeighted>0</BisWeighted>
      <QtyInPackage>1</QtyInPackage>
      <ItemPrice>10.60</ItemPrice>
      <UnitOfMeasurePrice>4.82</UnitOfMeasurePrice>
      <AllowDiscount>0</AllowDiscount>
      <itemStatus>1</itemStatus>
      <LastUpdateDate />
      <LastUpdateTime />
    </Product>
    <Product>
      <PriceUpdateDate>2018/08/01 11:43</PriceUpdateDate>
      <ItemCode>7290000061764</ItemCode>
      <ItemType>1</ItemType>
      <ItemName>קפה רד מאג נסקפה (200 גרם)</ItemName>
      <ManufactureName>קבוצת אסם סחר שות. מוגבלת</ManufactureName>
      <ManufactureCountry />
      <ManufactureItemDescription />
      <UnitQty>יח`</UnitQty>
      <Quantity>2</Quantity>
      <UnitMeasure>100 גרם</UnitMeasure>
      <BisWeighted>0</BisWeighted>
      <QtyInPackage>1</QtyInPackage>
      <ItemPrice>18.90</ItemPrice>
      <UnitOfMeasurePrice>9.45</UnitOfMeasurePrice>
      <AllowDiscount>0</AllowDiscount>
      <itemStatus>1</itemStatus>
      <LastUpdateDate />
      <LastUpdateTime />
    </Product>
    <Product>
      <PriceUpdateDate>2019/01/09 14:13</PriceUpdateDate>
      <ItemCode>7290000061771</ItemCode>
      <ItemType>1</ItemType>
      <ItemName>קפה נמס רד מאג 50 גר.</ItemName>
      <ManufactureName>קבוצת אסם סחר שות. מוגבלת</ManufactureName>
      <ManufactureCountry />
      <ManufactureItemDescription />
      <UnitQty>יח`</UnitQty>
      <Quantity>0.50</Quantity>
      <UnitMeasure>100 גרם</UnitMeasure>
      <BisWeighted>0</BisWeighted>
      <QtyInPackage>1</QtyInPackage>
      <ItemPrice>6.90</ItemPrice>
      <UnitOfMeasurePrice>13.80</UnitOfMeasurePrice>
      <AllowDiscount>0</AllowDiscount>
      <itemStatus>1</itemStatus>
      <LastUpdateDate />
      <LastUpdateTime />
    </Product>
    <Product>
      <PriceUpdateDate>2018/07/08 11:12</PriceUpdateDate>
      <ItemCode>7290000062709</ItemCode>
      <ItemType>1</ItemType>
      <ItemName>קרקר לחמית שיפון אסם 920 גר`</ItemName>
      <ManufactureName>קבוצת אסם סחר שות. מוגבלת</ManufactureName>
      <ManufactureCountry />
      <ManufactureItemDescription />
      <UnitQty>יח`</UnitQty>
      <Quantity>9</Quantity>
      <UnitMeasure>100 גרם</UnitMeasure>
      <BisWeighted>0</BisWeighted>
      <QtyInPackage>1</QtyInPackage>
      <ItemPrice>24.90</ItemPrice>
      <UnitOfMeasurePrice>2.77</UnitOfMeasurePrice>
      <AllowDiscount>0</AllowDiscount>
      <itemStatus>1</itemStatus>
      <LastUpdateDate />
      <LastUpdateTime />
    </Product>
    <Product>
      <PriceUpdateDate>2018/04/24 09:55</PriceUpdateDate>
      <ItemCode>7290000063102</ItemCode>
      <ItemType>1</ItemType>
      <ItemName>קמח תופח אסם (350 גרם)</ItemName>
      <ManufactureName>קבוצת אסם סחר שות. מוגבלת</ManufactureName>
      <ManufactureCountry />
      <ManufactureItemDescription />
      <UnitQty>יח`</UnitQty>
      <Quantity>3.50</Quantity>
      <UnitMeasure>100 גרם</UnitMeasure>
      <BisWeighted>0</BisWeighted>
      <QtyInPackage>1</QtyInPackage>
      <ItemPrice>5</ItemPrice>
      <UnitOfMeasurePrice>1.43</UnitOfMeasurePrice>
      <AllowDiscount>0</AllowDiscount>
      <itemStatus>1</itemStatus>
      <LastUpdateDate />
      <LastUpdateTime />
    </Product>
    <Product>
      <PriceUpdateDate>2018/04/24 09:55</PriceUpdateDate>
      <ItemCode>7290000063133</ItemCode>
      <ItemType>1</ItemType>
      <ItemName>שקדי מרק אסם (100 גרם)</ItemName>
      <ManufactureName>קבוצת אסם סחר שות. מוגבלת</ManufactureName>
      <ManufactureCountry />
      <ManufactureItemDescription />
      <UnitQty>יח`</UnitQty>
      <Quantity>1</Quantity>
      <UnitMeasure>100 גרם</UnitMeasure>
      <BisWeighted>0</BisWeighted>
      <QtyInPackage>1</QtyInPackage>
      <ItemPrice>5.90</ItemPrice>
      <UnitOfMeasurePrice>5.90</UnitOfMeasurePrice>
      <AllowDiscount>0</AllowDiscount>
      <itemStatus>1</itemStatus>
      <LastUpdateDate />
      <LastUpdateTime />
    </Product>
    <Product>
      <PriceUpdateDate>2019/04/08 14:54</PriceUpdateDate>
      <ItemCode>7290000063140</ItemCode>
      <ItemType>1</ItemType>
      <ItemName>שקדי מרק אסם (400 גרם)</ItemName>
      <ManufactureName>קבוצת אסם סחר שות. מוגבלת</ManufactureName>
      <ManufactureCountry />
      <ManufactureItemDescription />
      <UnitQty>יח`</UnitQty>
      <Quantity>4</Quantity>
      <UnitMeasure>100 גרם</UnitMeasure>
      <BisWeighted>0</BisWeighted>
      <QtyInPackage>1</QtyInPackage>
      <ItemPrice>10.90</ItemPrice>
      <UnitOfMeasurePrice>2.73</UnitOfMeasurePrice>
      <AllowDiscount>0</AllowDiscount>
      <itemStatus>1</itemStatus>
      <LastUpdateDate />
      <LastUpdateTime />
    </Product>
    <Product>
      <PriceUpdateDate>2019/04/08 14:54</PriceUpdateDate>
      <ItemCode>7290000063157</ItemCode>
      <ItemType>1</ItemType>
      <ItemName>קמח תופח אסם (1 קג)</ItemName>
      <ManufactureName>קבוצת אסם סחר שות. מוגבלת</ManufactureName>
      <ManufactureCountry />
      <ManufactureItemDescription />
      <UnitQty>יח`</UnitQty>
      <Quantity>10</Quantity>
      <UnitMeasure>100 גרם</UnitMeasure>
      <BisWeighted>0</BisWeighted>
      <QtyInPackage>1</QtyInPackage>
      <ItemPrice>9.90</ItemPrice>
      <UnitOfMeasurePrice>0.99</UnitOfMeasurePrice>
      <AllowDiscount>0</AllowDiscount>
      <itemStatus>1</itemStatus>
      <LastUpdateDate />
      <LastUpdateTime />
    </Product>
    <Product>
      <PriceUpdateDate>2018/04/24 09:55</PriceUpdateDate>
      <ItemCode>7290000063294</ItemCode>
      <ItemType>1</ItemType>
      <ItemName>סירופ ענבים ויטמינצ`יק (2 ליטר)</ItemName>
      <ManufactureName>קבוצת אסם סחר שות. מוגבלת</ManufactureName>
      <ManufactureCountry />
      <ManufactureItemDescription />
      <UnitQty>יח`</UnitQty>
      <Quantity>20</Quantity>
      <UnitMeasure>100 מ"ל</UnitMeasure>
      <BisWeighted>0</BisWeighted>
      <QtyInPackage>1</QtyInPackage>
      <ItemPrice>22.90</ItemPrice>
      <UnitOfMeasurePrice>1.15</UnitOfMeasurePrice>
      <AllowDiscount>0</AllowDiscount>
      <itemStatus>1</itemStatus>
      <LastUpdateDate />
      <LastUpdateTime />
    </Product>
    <Product>
      <PriceUpdateDate>2019/01/07 10:57</PriceUpdateDate>
      <ItemCode>7290000064758</ItemCode>
      <ItemType>1</ItemType>
      <ItemName>קוסקוס בינוני אסם (350 גרם)</ItemName>
      <ManufactureName>קבוצת אסם סחר שות. מוגבלת</ManufactureName>
      <ManufactureCountry />
      <ManufactureItemDescription />
      <UnitQty>יח`</UnitQty>
      <Quantity>3.50</Quantity>
      <UnitMeasure>100 גרם</UnitMeasure>
      <BisWeighted>0</BisWeighted>
      <QtyInPackage>1</QtyInPackage>
      <ItemPrice>8.90</ItemPrice>
      <UnitOfMeasurePrice>2.54</UnitOfMeasurePrice>
      <AllowDiscount>0</AllowDiscount>
      <itemStatus>1</itemStatus>
      <LastUpdateDate />
      <LastUpdateTime />
    </Product>
    <Product>
      <PriceUpdateDate>2018/04/24 09:47</PriceUpdateDate>
      <ItemCode>7290000064871</ItemCode>
      <ItemType>1</ItemType>
      <ItemName>מנה חמה פירה עם בצל אסם (56 גרם)</ItemName>
      <ManufactureName>קבוצת אסם סחר שות. מוגבלת</ManufactureName>
      <ManufactureCountry />
      <ManufactureItemDescription />
      <UnitQty>יח`</UnitQty>
      <Quantity>0.47</Quantity>
      <UnitMeasure>100 גרם</UnitMeasure>
      <BisWeighted>0</BisWeighted>
      <QtyInPackage>1</QtyInPackage>
      <ItemPrice>6.90</ItemPrice>
      <UnitOfMeasurePrice>14.68</UnitOfMeasurePrice>
      <AllowDiscount>1</AllowDiscount>
      <itemStatus>1</itemStatus>
      <LastUpdateDate />
      <LastUpdateTime />
    </Product>
    <Product>
      <PriceUpdateDate>2019/01/30 09:36</PriceUpdateDate>
      <ItemCode>7290000065090</ItemCode>
      <ItemType>1</ItemType>
      <ItemName>מיני קרוטונים למרק וסלט</ItemName>
      <ManufactureName>קבוצת אסם סחר שות. מוגבלת</ManufactureName>
      <ManufactureCountry />
      <ManufactureItemDescription />
      <UnitQty>יח`</UnitQty>
      <Quantity>4</Quantity>
      <UnitMeasure>100 גרם</UnitMeasure>
      <BisWeighted>0</BisWeighted>
      <QtyInPackage>1</QtyInPackage>
      <ItemPrice>22.80</ItemPrice>
      <UnitOfMeasurePrice>5.70</UnitOfMeasurePrice>
      <AllowDiscount>0</AllowDiscount>
      <itemStatus>1</itemStatus>
      <LastUpdateDate />
      <LastUpdateTime />
    </Product>
    <Product>
      <PriceUpdateDate>2018/04/24 09:47</PriceUpdateDate>
      <ItemCode>7290000065557</ItemCode>
      <ItemType>1</ItemType>
      <ItemName>מנה חמה קוסקוס עם ירקות אסם (84 גרם)</ItemName>
      <ManufactureName>קבוצת אסם סחר שות. מוגבלת</ManufactureName>
      <ManufactureCountry />
      <ManufactureItemDescription />
      <UnitQty>יח`</UnitQty>
      <Quantity>0.62</Quantity>
      <UnitMeasure>100 גרם</UnitMeasure>
      <BisWeighted>0</BisWeighted>
      <QtyInPackage>1</QtyInPackage>
      <ItemPrice>6.90</ItemPrice>
      <UnitOfMeasurePrice>11.13</UnitOfMeasurePrice>
      <AllowDiscount>1</AllowDiscount>
      <itemStatus>1</itemStatus>
      <LastUpdateDate />
      <LastUpdateTime />
    </Product>
    <Product>
      <PriceUpdateDate>2018/04/24 09:47</PriceUpdateDate>
      <ItemCode>7290000065717</ItemCode>
      <ItemType>1</ItemType>
      <ItemName>סירופ פטל ויטמינצ`יק (1 ליטר)</ItemName>
      <ManufactureName>קבוצת אסם סחר שות. מוגבלת</ManufactureName>
      <ManufactureCountry />
      <ManufactureItemDescription />
      <UnitQty>יח`</UnitQty>
      <Quantity>10</Quantity>
      <UnitMeasure>100 מ"ל</UnitMeasure>
      <BisWeighted>0</BisWeighted>
      <QtyInPackage>1</QtyInPackage>
      <ItemPrice>11.90</ItemPrice>
      <UnitOfMeasurePrice>1.19</UnitOfMeasurePrice>
      <AllowDiscount>0</AllowDiscount>
      <itemStatus>1</itemStatus>
      <LastUpdateDate />
      <LastUpdateTime />
    </Product>
    <Product>
      <PriceUpdateDate>2018/04/24 11:28</PriceUpdateDate>
      <ItemCode>7290000065977</ItemCode>
      <ItemType>1</ItemType>
      <ItemName>פריכונים תירס שומשום אסם (80 גרם)</ItemName>
      <ManufactureName>קבוצת אסם סחר שות. מוגבלת</ManufactureName>
      <ManufactureCountry />
      <ManufactureItemDescription />
      <UnitQty>יח`</UnitQty>
      <Quantity>2.50</Quantity>
      <UnitMeasure>100 גרם</UnitMeasure>
      <BisWeighted>0</BisWeighted>
      <QtyInPackage>1</QtyInPackage>
      <ItemPrice>7.90</ItemPrice>
      <UnitOfMeasurePrice>3.16</UnitOfMeasurePrice>
      <AllowDiscount>0</AllowDiscount>
      <itemStatus>1</itemStatus>
      <LastUpdateDate />
      <LastUpdateTime />
    </Product>
    <Product>
      <PriceUpdateDate>2018/04/24 09:47</PriceUpdateDate>
      <ItemCode>7290000066134</ItemCode>
      <ItemType>1</ItemType>
      <ItemName>ביסלי חטיף בטעם פלאפל אסם (70 גרם)</ItemName>
      <ManufactureName>קבוצת אסם סחר שות. מוגבלת</ManufactureName>
      <ManufactureCountry />
      <ManufactureItemDescription />
      <UnitQty>יח`</UnitQty>
      <Quantity>0.70</Quantity>
      <UnitMeasure>100 גרם</UnitMeasure>
      <BisWeighted>0</BisWeighted>
      <QtyInPackage>1</QtyInPackage>
      <ItemPrice>3.90</ItemPrice>
      <UnitOfMeasurePrice>5.57</UnitOfMeasurePrice>
      <AllowDiscount>1</AllowDiscount>
      <itemStatus>1</itemStatus>
      <LastUpdateDate />
      <LastUpdateTime />
    </Product>
    <Product>
      <PriceUpdateDate>2018/04/24 11:40</PriceUpdateDate>
      <ItemCode>7290000066141</ItemCode>
      <ItemType>1</ItemType>
      <ItemName>ביסלי חטיף בטעם גריל אסם (70 גרם)</ItemName>
      <ManufactureName>קבוצת אסם סחר שות. מוגבלת</ManufactureName>
      <ManufactureCountry />
      <ManufactureItemDescription />
      <UnitQty>יח`</UnitQty>
      <Quantity>0.70</Quantity>
      <UnitMeasure>100 גרם</UnitMeasure>
      <BisWeighted>0</BisWeighted>
      <QtyInPackage>1</QtyInPackage>
      <ItemPrice>3.90</ItemPrice>
      <UnitOfMeasurePrice>5.57</UnitOfMeasurePrice>
      <AllowDiscount>1</AllowDiscount>
      <itemStatus>1</itemStatus>
      <LastUpdateDate />
      <LastUpdateTime />
    </Product>
    <Product>
      <PriceUpdateDate>2018/04/24 09:47</PriceUpdateDate>
      <ItemCode>7290000066158</ItemCode>
      <ItemType>1</ItemType>
      <ItemName>ביסלי חטיף בטעם בצל אסם (67 גרם)</ItemName>
      <ManufactureName>קבוצת אסם סחר שות. מוגבלת</ManufactureName>
      <ManufactureCountry />
      <ManufactureItemDescription />
      <UnitQty>יח`</UnitQty>
      <Quantity>0.67</Quantity>
      <UnitMeasure>100 גרם</UnitMeasure>
      <BisWeighted>0</BisWeighted>
      <QtyInPackage>1</QtyInPackage>
      <ItemPrice>3.90</ItemPrice>
      <UnitOfMeasurePrice>5.82</UnitOfMeasurePrice>
      <AllowDiscount>1</AllowDiscount>
      <itemStatus>1</itemStatus>
      <LastUpdateDate />
      <LastUpdateTime />
    </Product>
    <Product>
      <PriceUpdateDate>2018/04/24 09:47</PriceUpdateDate>
      <ItemCode>7290000066165</ItemCode>
      <ItemType>1</ItemType>
      <ItemName>ביסלי חטיף בטעם ברביקיו אסם (67 גרם)</ItemName>
      <ManufactureName>קבוצת אסם סחר שות. מוגבלת</ManufactureName>
      <ManufactureCountry />
      <ManufactureItemDescription />
      <UnitQty>יח`</UnitQty>
      <Quantity>0.67</Quantity>
      <UnitMeasure>100 גרם</UnitMeasure>
      <BisWeighted>0</BisWeighted>
      <QtyInPackage>1</QtyInPackage>
      <ItemPrice>3.90</ItemPrice>
      <UnitOfMeasurePrice>5.82</UnitOfMeasurePrice>
      <AllowDiscount>1</AllowDiscount>
      <itemStatus>1</itemStatus>
      <LastUpdateDate />
      <LastUpdateTime />
    </Product>
    <Product>
      <PriceUpdateDate>2018/04/24 09:47</PriceUpdateDate>
      <ItemCode>7290000066172</ItemCode>
      <ItemType>1</ItemType>
      <ItemName>ביסלי חטיף בטעם פיצה אסם (70 גרם)</ItemName>
      <ManufactureName>קבוצת אסם סחר שות. מוגבלת</ManufactureName>
      <ManufactureCountry />
      <ManufactureItemDescription />
      <UnitQty>יח`</UnitQty>
      <Quantity>0.70</Quantity>
      <UnitMeasure>100 גרם</UnitMeasure>
      <BisWeighted>0</BisWeighted>
      <QtyInPackage>1</QtyInPackage>
      <ItemPrice>3.90</ItemPrice>
      <UnitOfMeasurePrice>5.57</UnitOfMeasurePrice>
      <AllowDiscount>1</AllowDiscount>
      <itemStatus>1</itemStatus>
      <LastUpdateDate />
      <LastUpdateTime />
    </Product>
    <Product>
      <PriceUpdateDate>2019/01/07 10:57</PriceUpdateDate>
      <ItemCode>7290000066196</ItemCode>
      <ItemType>1</ItemType>
      <ItemName>ביסלי חטיף בטעם גריל אסם (200 גרם)</ItemName>
      <ManufactureName>קבוצת אסם סחר שות. מוגבלת</ManufactureName>
      <ManufactureCountry />
      <ManufactureItemDescription />
      <UnitQty>יח`</UnitQty>
      <Quantity>2</Quantity>
      <UnitMeasure>100 גרם</UnitMeasure>
      <BisWeighted>0</BisWeighted>
      <QtyInPackage>1</QtyInPackage>
      <ItemPrice>7.90</ItemPrice>
      <UnitOfMeasurePrice>3.95</UnitOfMeasurePrice>
      <AllowDiscount>0</AllowDiscount>
      <itemStatus>1</itemStatus>
      <LastUpdateDate />
      <LastUpdateTime />
    </Product>
    <Product>
      <PriceUpdateDate>2019/01/07 10:57</PriceUpdateDate>
      <ItemCode>7290000066202</ItemCode>
      <ItemType>1</ItemType>
      <ItemName>ביסלי חטיף בטעם בצל אסם (190 גרם)</ItemName>
      <ManufactureName>קבוצת אסם סחר שות. מוגבלת</ManufactureName>
      <ManufactureCountry />
      <ManufactureItemDescription />
      <UnitQty>יח`</UnitQty>
      <Quantity>1.90</Quantity>
      <UnitMeasure>100 גרם</UnitMeasure>
      <BisWeighted>0</BisWeighted>
      <QtyInPackage>1</QtyInPackage>
      <ItemPrice>7.90</ItemPrice>
      <UnitOfMeasurePrice>4.16</UnitOfMeasurePrice>
      <AllowDiscount>0</AllowDiscount>
      <itemStatus>1</itemStatus>
      <LastUpdateDate />
      <LastUpdateTime />
    </Product>
    <Product>
      <PriceUpdateDate>2019/01/07 10:57</PriceUpdateDate>
      <ItemCode>7290000066219</ItemCode>
      <ItemType>1</ItemType>
      <ItemName>ביסלי חטיף בטעם ברביקיו אסם (190 גרם)</ItemName>
      <ManufactureName>קבוצת אסם סחר שות. מוגבלת</ManufactureName>
      <ManufactureCountry />
      <ManufactureItemDescription />
      <UnitQty>יח`</UnitQty>
      <Quantity>2</Quantity>
      <UnitMeasure>100 גרם</UnitMeasure>
      <BisWeighted>0</BisWeighted>
      <QtyInPackage>1</QtyInPackage>
      <ItemPrice>7.90</ItemPrice>
      <UnitOfMeasurePrice>3.95</UnitOfMeasurePrice>
      <AllowDiscount>0</AllowDiscount>
      <itemStatus>1</itemStatus>
      <LastUpdateDate />
      <LastUpdateTime />
    </Product>
    <Product>
      <PriceUpdateDate>2018/08/05 11:28</PriceUpdateDate>
      <ItemCode>7290000066264</ItemCode>
      <ItemType>1</ItemType>
      <ItemName>דובונים חטיף תפוחי אדמה אסם (40 גרם)</ItemName>
      <ManufactureName>קבוצת אסם סחר שות. מוגבלת</ManufactureName>
      <ManufactureCountry />
      <ManufactureItemDescription />
      <UnitQty>יח`</UnitQty>
      <Quantity>0.40</Quantity>
      <UnitMeasure>100 גרם</UnitMeasure>
      <BisWeighted>0</BisWeighted>
      <QtyInPackage>1</QtyInPackage>
      <ItemPrice>5</ItemPrice>
      <UnitOfMeasurePrice>12.50</UnitOfMeasurePrice>
      <AllowDiscount>1</AllowDiscount>
      <itemStatus>1</itemStatus>
      <LastUpdateDate />
      <LastUpdateTime />
    </Product>
    <Product>
      <PriceUpdateDate>2018/04/24 09:49</PriceUpdateDate>
      <ItemCode>7290000066295</ItemCode>
      <ItemType>1</ItemType>
      <ItemName>במבה מתוקה בטעם תות אסם (30 גרם)</ItemName>
      <ManufactureName>קבוצת אסם סחר שות. מוגבלת</ManufactureName>
      <ManufactureCountry />
      <ManufactureItemDescription />
      <UnitQty>יח`</UnitQty>
      <Quantity>0.30</Quantity>
      <UnitMeasure>100 גרם</UnitMeasure>
      <BisWeighted>0</BisWeighted>
      <QtyInPackage>1</QtyInPackage>
      <ItemPrice>2.90</ItemPrice>
      <UnitOfMeasurePrice>9.67</UnitOfMeasurePrice>
      <AllowDiscount>0</AllowDiscount>
      <itemStatus>1</itemStatus>
      <LastUpdateDate />
      <LastUpdateTime />
    </Product>
    <Product>
      <PriceUpdateDate>2018/04/24 09:50</PriceUpdateDate>
      <ItemCode>7290000066318</ItemCode>
      <ItemType>1</ItemType>
      <ItemName>במבה אסם (80 גרם)</ItemName>
      <ManufactureName>קבוצת אסם סחר שות. מוגבלת</ManufactureName>
      <ManufactureCountry />
      <ManufactureItemDescription />
      <UnitQty>יח`</UnitQty>
      <Quantity>0.80</Quantity>
      <UnitMeasure>100 גרם</UnitMeasure>
      <BisWeighted>0</BisWeighted>
      <QtyInPackage>1</QtyInPackage>
      <ItemPrice>4.30</ItemPrice>
      <UnitOfMeasurePrice>5.38</UnitOfMeasurePrice>
      <AllowDiscount>1</AllowDiscount>
      <itemStatus>1</itemStatus>
      <LastUpdateDate />
      <LastUpdateTime />
    </Product>
    <Product>
      <PriceUpdateDate>2018/04/24 09:50</PriceUpdateDate>
      <ItemCode>7290000066332</ItemCode>
      <ItemType>1</ItemType>
      <ItemName>אפרופו חטיף תירס אסם (50 גרם)</ItemName>
      <ManufactureName>קבוצת אסם סחר שות. מוגבלת</ManufactureName>
      <ManufactureCountry />
      <ManufactureItemDescription />
      <UnitQty>יח`</UnitQty>
      <Quantity>0.50</Quantity>
      <UnitMeasure>100 גרם</UnitMeasure>
      <BisWeighted>0</BisWeighted>
      <QtyInPackage>1</QtyInPackage>
      <ItemPrice>5</ItemPrice>
      <UnitOfMeasurePrice>10</UnitOfMeasurePrice>
      <AllowDiscount>1</AllowDiscount>
      <itemStatus>1</itemStatus>
      <LastUpdateDate />
      <LastUpdateTime />
    </Product>
    <Product>
      <PriceUpdateDate>2018/04/24 09:50</PriceUpdateDate>
      <ItemCode>7290000066349</ItemCode>
      <ItemType>1</ItemType>
      <ItemName>אפרופו חטיף תירס אסם (100 גרם)</ItemName>
      <ManufactureName>קבוצת אסם סחר שות. מוגבלת</ManufactureName>
      <ManufactureCountry />
      <ManufactureItemDescription />
      <UnitQty>יח`</UnitQty>
      <Quantity>1</Quantity>
      <UnitMeasure>100 גרם</UnitMeasure>
      <BisWeighted>0</BisWeighted>
      <QtyInPackage>1</QtyInPackage>
      <ItemPrice>8.90</ItemPrice>
      <UnitOfMeasurePrice>8.90</UnitOfMeasurePrice>
      <AllowDiscount>0</AllowDiscount>
      <itemStatus>1</itemStatus>
      <LastUpdateDate />
      <LastUpdateTime />
    </Product>
    <Product>
      <PriceUpdateDate>2018/04/24 09:50</PriceUpdateDate>
      <ItemCode>7290000066943</ItemCode>
      <ItemType>1</ItemType>
      <ItemName>סירופ ענבים ויטמינצ`יק (1 ליטר)</ItemName>
      <ManufactureName>קבוצת אסם סחר שות. מוגבלת</ManufactureName>
      <ManufactureCountry />
      <ManufactureItemDescription />
      <UnitQty>יח`</UnitQty>
      <Quantity>10</Quantity>
      <UnitMeasure>100 מ"ל</UnitMeasure>
      <BisWeighted>0</BisWeighted>
      <QtyInPackage>1</QtyInPackage>
      <ItemPrice>11.90</ItemPrice>
      <UnitOfMeasurePrice>1.19</UnitOfMeasurePrice>
      <AllowDiscount>0</AllowDiscount>
      <itemStatus>1</itemStatus>
      <LastUpdateDate />
      <LastUpdateTime />
    </Product>
    <Product>
      <PriceUpdateDate>2018/04/24 09:50</PriceUpdateDate>
      <ItemCode>7290000066950</ItemCode>
      <ItemType>1</ItemType>
      <ItemName>סירופ תפוחים ויטמינצ`יק (1 ליטר)</ItemName>
      <ManufactureName>קבוצת אסם סחר שות. מוגבלת</ManufactureName>
      <ManufactureCountry />
      <ManufactureItemDescription />
      <UnitQty>יח`</UnitQty>
      <Quantity>10</Quantity>
      <UnitMeasure>100 מ"ל</UnitMeasure>
      <BisWeighted>0</BisWeighted>
      <QtyInPackage>1</QtyInPackage>
      <ItemPrice>11.90</ItemPrice>
      <UnitOfMeasurePrice>1.19</UnitOfMeasurePrice>
      <AllowDiscount>0</AllowDiscount>
      <itemStatus>1</itemStatus>
      <LastUpdateDate />
      <LastUpdateTime />
    </Product>
    <Product>
      <PriceUpdateDate>2018/04/24 09:50</PriceUpdateDate>
      <ItemCode>7290000067537</ItemCode>
      <ItemType>1</ItemType>
      <ItemName>ביסלי 70 גר` כשלפ</ItemName>
      <ManufactureName>קבוצת אסם סחר שות. מוגבלת</ManufactureName>
      <ManufactureCountry />
      <ManufactureItemDescription />
      <UnitQty>יח`</UnitQty>
      <Quantity>0.70</Quantity>
      <UnitMeasure>100 גרם</UnitMeasure>
      <BisWeighted>0</BisWeighted>
      <QtyInPackage>1</QtyInPackage>
      <ItemPrice>3.90</ItemPrice>
      <UnitOfMeasurePrice>5.57</UnitOfMeasurePrice>
      <AllowDiscount>1</AllowDiscount>
      <itemStatus>1</itemStatus>
      <LastUpdateDate />
      <LastUpdateTime />
    </Product>
    <Product>
      <PriceUpdateDate>2019/01/07 10:57</PriceUpdateDate>
      <ItemCode>7290000067544</ItemCode>
      <ItemType>1</ItemType>
      <ItemName>פירורית זהב אסם (200 גרם)</ItemName>
      <ManufactureName>קבוצת אסם סחר שות. מוגבלת</ManufactureName>
      <ManufactureCountry />
      <ManufactureItemDescription />
      <UnitQty>יח`</UnitQty>
      <Quantity>2</Quantity>
      <UnitMeasure>100 גרם</UnitMeasure>
      <BisWeighted>0</BisWeighted>
      <QtyInPackage>1</QtyInPackage>
      <ItemPrice>6.90</ItemPrice>
      <UnitOfMeasurePrice>3.45</UnitOfMeasurePrice>
      <AllowDiscount>0</AllowDiscount>
      <itemStatus>1</itemStatus>
      <LastUpdateDate />
      <LastUpdateTime />
    </Product>
    <Product>
      <PriceUpdateDate>2018/04/24 09:50</PriceUpdateDate>
      <ItemCode>7290000067551</ItemCode>
      <ItemType>1</ItemType>
      <ItemName>ביסלי 70 גר` כשלפ</ItemName>
      <ManufactureName>קבוצת אסם סחר שות. מוגבלת</ManufactureName>
      <ManufactureCountry />
      <ManufactureItemDescription />
      <UnitQty>יח`</UnitQty>
      <Quantity>0.70</Quantity>
      <UnitMeasure>100 גרם</UnitMeasure>
      <BisWeighted>0</BisWeighted>
      <QtyInPackage>1</QtyInPackage>
      <ItemPrice>3.90</ItemPrice>
      <UnitOfMeasurePrice>5.57</UnitOfMeasurePrice>
      <AllowDiscount>1</AllowDiscount>
      <itemStatus>1</itemStatus>
      <LastUpdateDate />
      <LastUpdateTime />
    </Product>
    <Product>
      <PriceUpdateDate>2018/04/24 09:50</PriceUpdateDate>
      <ItemCode>7290000067568</ItemCode>
      <ItemType>1</ItemType>
      <ItemName>ביסלי 70 גר` כשלפ</ItemName>
      <ManufactureName>קבוצת אסם סחר שות. מוגבלת</ManufactureName>
      <ManufactureCountry />
      <ManufactureItemDescription />
      <UnitQty>יח`</UnitQty>
      <Quantity>0.70</Quantity>
      <UnitMeasure>100 גרם</UnitMeasure>
      <BisWeighted>0</BisWeighted>
      <QtyInPackage>1</QtyInPackage>
      <ItemPrice>3.90</ItemPrice>
      <UnitOfMeasurePrice>5.57</UnitOfMeasurePrice>
      <AllowDiscount>1</AllowDiscount>
      <itemStatus>1</itemStatus>
      <LastUpdateDate />
      <LastUpdateTime />
    </Product>
    <Product>
      <PriceUpdateDate>2018/04/24 09:50</PriceUpdateDate>
      <ItemCode>7290000067599</ItemCode>
      <ItemType>1</ItemType>
      <ItemName>מנה חמה ספגטי בולונז אסם (65 גרם)</ItemName>
      <ManufactureName>קבוצת אסם סחר שות. מוגבלת</ManufactureName>
      <ManufactureCountry />
      <ManufactureItemDescription />
      <UnitQty>יח`</UnitQty>
      <Quantity>0.65</Quantity>
      <UnitMeasure>100 גרם</UnitMeasure>
      <BisWeighted>0</BisWeighted>
      <QtyInPackage>1</QtyInPackage>
      <ItemPrice>6.90</ItemPrice>
      <UnitOfMeasurePrice>10.62</UnitOfMeasurePrice>
      <AllowDiscount>1</AllowDiscount>
      <itemStatus>1</itemStatus>
      <LastUpdateDate />
      <LastUpdateTime />
    </Product>
    <Product>
      <PriceUpdateDate>2019/01/07 10:57</PriceUpdateDate>
      <ItemCode>7290000067735</ItemCode>
      <ItemType>1</ItemType>
      <ItemName>ניוקי בצקיות מקמח אסם פרפקטו (500 גרם)</ItemName>
      <ManufactureName>קבוצת אסם סחר שות. מוגבלת</ManufactureName>
      <ManufactureCountry />
      <ManufactureItemDescription />
      <UnitQty>יח`</UnitQty>
      <Quantity>5</Quantity>
      <UnitMeasure>100 גרם</UnitMeasure>
      <BisWeighted>0</BisWeighted>
      <QtyInPackage>1</QtyInPackage>
      <ItemPrice>12.90</ItemPrice>
      <UnitOfMeasurePrice>2.58</UnitOfMeasurePrice>
      <AllowDiscount>0</AllowDiscount>
      <itemStatus>1</itemStatus>
      <LastUpdateDate />
      <LastUpdateTime />
    </Product>
    <Product>
      <PriceUpdateDate>2018/08/05 11:28</PriceUpdateDate>
      <ItemCode>7290000068138</ItemCode>
      <ItemType>1</ItemType>
      <ItemName>פודינג בטעם וניל 80 גר` אסם</ItemName>
      <ManufactureName>קבוצת אסם סחר שות. מוגבלת</ManufactureName>
      <ManufactureCountry />
      <ManufactureItemDescription />
      <UnitQty>יח`</UnitQty>
      <Quantity>0.80</Quantity>
      <UnitMeasure>100 גרם</UnitMeasure>
      <BisWeighted>0</BisWeighted>
      <QtyInPackage>1</QtyInPackage>
      <ItemPrice>5.90</ItemPrice>
      <UnitOfMeasurePrice>7.38</UnitOfMeasurePrice>
      <AllowDiscount>1</AllowDiscount>
      <itemStatus>1</itemStatus>
      <LastUpdateDate />
      <LastUpdateTime />
    </Product>
    <Product>
      <PriceUpdateDate>2018/04/24 09:50</PriceUpdateDate>
      <ItemCode>7290000068152</ItemCode>
      <ItemType>1</ItemType>
      <ItemName>אבקת רוטב צלי אסם (22 גרם)</ItemName>
      <ManufactureName>קבוצת אסם סחר שות. מוגבלת</ManufactureName>
      <ManufactureCountry />
      <ManufactureItemDescription />
      <UnitQty>יח`</UnitQty>
      <Quantity>0.22</Quantity>
      <UnitMeasure>100 גרם</UnitMeasure>
      <BisWeighted>0</BisWeighted>
      <QtyInPackage>1</QtyInPackage>
      <ItemPrice>3.90</ItemPrice>
      <UnitOfMeasurePrice>17.73</UnitOfMeasurePrice>
      <AllowDiscount>0</AllowDiscount>
      <itemStatus>1</itemStatus>
      <LastUpdateDate />
      <LastUpdateTime />
    </Product>
    <Product>
      <PriceUpdateDate>2019/01/07 10:57</PriceUpdateDate>
      <ItemCode>7290000068190</ItemCode>
      <ItemType>1</ItemType>
      <ItemName>אבקה להכנת ג`לי בטעם תות אסם (90 גרם)</ItemName>
      <ManufactureName>קבוצת אסם סחר שות. מוגבלת</ManufactureName>
      <ManufactureCountry />
      <ManufactureItemDescription />
      <UnitQty>יח`</UnitQty>
      <Quantity>0.90</Quantity>
      <UnitMeasure>100 גרם</UnitMeasure>
      <BisWeighted>0</BisWeighted>
      <QtyInPackage>1</QtyInPackage>
      <ItemPrice>6.90</ItemPrice>
      <UnitOfMeasurePrice>7.67</UnitOfMeasurePrice>
      <AllowDiscount>1</AllowDiscount>
      <itemStatus>1</itemStatus>
      <LastUpdateDate />
      <LastUpdateTime />
    </Product>
    <Product>
      <PriceUpdateDate>2018/04/24 09:52</PriceUpdateDate>
      <ItemCode>7290000068770</ItemCode>
      <ItemType>1</ItemType>
      <ItemName>במבה יום הולדת אסם (80 גרם)</ItemName>
      <ManufactureName>קבוצת אסם סחר שות. מוגבלת</ManufactureName>
      <ManufactureCountry />
      <ManufactureItemDescription />
      <UnitQty>יח`</UnitQty>
      <Quantity>0.80</Quantity>
      <UnitMeasure>100 גרם</UnitMeasure>
      <BisWeighted>0</BisWeighted>
      <QtyInPackage>1</QtyInPackage>
      <ItemPrice>4.30</ItemPrice>
      <UnitOfMeasurePrice>5.38</UnitOfMeasurePrice>
      <AllowDiscount>1</AllowDiscount>
      <itemStatus>1</itemStatus>
      <LastUpdateDate />
      <LastUpdateTime />
    </Product>
    <Product>
      <PriceUpdateDate>2018/04/24 09:53</PriceUpdateDate>
      <ItemCode>7290000069609</ItemCode>
      <ItemType>1</ItemType>
      <ItemName>חטיפי קרקר בטעם זעתר אסם (300 גרם)</ItemName>
      <ManufactureName>קבוצת אסם סחר שות. מוגבלת</ManufactureName>
      <ManufactureCountry />
      <ManufactureItemDescription />
      <UnitQty>יח`</UnitQty>
      <Quantity>3</Quantity>
      <UnitMeasure>100 גרם</UnitMeasure>
      <BisWeighted>0</BisWeighted>
      <QtyInPackage>1</QtyInPackage>
      <ItemPrice>11.90</ItemPrice>
      <UnitOfMeasurePrice>3.97</UnitOfMeasurePrice>
      <AllowDiscount>1</AllowDiscount>
      <itemStatus>1</itemStatus>
      <LastUpdateDate />
      <LastUpdateTime />
    </Product>
    <Product>
      <PriceUpdateDate>2018/04/24 09:53</PriceUpdateDate>
      <ItemCode>7290000069715</ItemCode>
      <ItemType>1</ItemType>
      <ItemName>חטיפי קרקר מלוח אסם (300 גרם)</ItemName>
      <ManufactureName>קבוצת אסם סחר שות. מוגבלת</ManufactureName>
      <ManufactureCountry />
      <ManufactureItemDescription />
      <UnitQty>יח`</UnitQty>
      <Quantity>3</Quantity>
      <UnitMeasure>100 גרם</UnitMeasure>
      <BisWeighted>0</BisWeighted>
      <QtyInPackage>1</QtyInPackage>
      <ItemPrice>11.90</ItemPrice>
      <UnitOfMeasurePrice>3.97</UnitOfMeasurePrice>
      <AllowDiscount>1</AllowDiscount>
      <itemStatus>1</itemStatus>
      <LastUpdateDate />
      <LastUpdateTime />
    </Product>
    <Product>
      <PriceUpdateDate>2019/01/07 10:57</PriceUpdateDate>
      <ItemCode>7290000069739</ItemCode>
      <ItemType>1</ItemType>
      <ItemName>חטיפי קרקר שומשום אסם (300 גרם)</ItemName>
      <ManufactureName>קבוצת אסם סחר שות. מוגבלת</ManufactureName>
      <ManufactureCountry />
      <ManufactureItemDescription />
      <UnitQty>יח`</UnitQty>
      <Quantity>3</Quantity>
      <UnitMeasure>100 גרם</UnitMeasure>
      <BisWeighted>0</BisWeighted>
      <QtyInPackage>1</QtyInPackage>
      <ItemPrice>11.90</ItemPrice>
      <UnitOfMeasurePrice>3.97</UnitOfMeasurePrice>
      <AllowDiscount>1</AllowDiscount>
      <itemStatus>1</itemStatus>
      <LastUpdateDate />
      <LastUpdateTime />
    </Product>
    <Product>
      <PriceUpdateDate>2018/08/05 11:28</PriceUpdateDate>
      <ItemCode>7290000070308</ItemCode>
      <ItemType>1</ItemType>
      <ItemName>מרק עוף אמיתי בשרי אסם (400 גרם)</ItemName>
      <ManufactureName>קבוצת אסם סחר שות. מוגבלת</ManufactureName>
      <ManufactureCountry />
      <ManufactureItemDescription />
      <UnitQty>יח`</UnitQty>
      <Quantity>4</Quantity>
      <UnitMeasure>100 גרם</UnitMeasure>
      <BisWeighted>0</BisWeighted>
      <QtyInPackage>1</QtyInPackage>
      <ItemPrice>20</ItemPrice>
      <UnitOfMeasurePrice>5</UnitOfMeasurePrice>
      <AllowDiscount>0</AllowDiscount>
      <itemStatus>1</itemStatus>
      <LastUpdateDate />
      <LastUpdateTime />
    </Product>
    <Product>
      <PriceUpdateDate>2018/04/24 09:55</PriceUpdateDate>
      <ItemCode>7290000070322</ItemCode>
      <ItemType>1</ItemType>
      <ItemName>מרק פטריות אסם (400 גרם)</ItemName>
      <ManufactureName>קבוצת אסם סחר שות. מוגבלת</ManufactureName>
      <ManufactureCountry />
      <ManufactureItemDescription />
      <UnitQty>יח`</UnitQty>
      <Quantity>4</Quantity>
      <UnitMeasure>100 גרם</UnitMeasure>
      <BisWeighted>0</BisWeighted>
      <QtyInPackage>1</QtyInPackage>
      <ItemPrice>30.90</ItemPrice>
      <UnitOfMeasurePrice>7.73</UnitOfMeasurePrice>
      <AllowDiscount>1</AllowDiscount>
      <itemStatus>1</itemStatus>
      <LastUpdateDate />
      <LastUpdateTime />
    </Product>
    <Product>
      <PriceUpdateDate>2019/01/07 10:57</PriceUpdateDate>
      <ItemCode>7290000070353</ItemCode>
      <ItemType>1</ItemType>
      <ItemName>מרק בצל רכיבים טבעיים אסם (400 גרם)</ItemName>
      <ManufactureName>קבוצת אסם סחר שות. מוגבלת</ManufactureName>
      <ManufactureCountry />
      <ManufactureItemDescription />
      <UnitQty>יח`</UnitQty>
      <Quantity>4</Quantity>
      <UnitMeasure>100 גרם</UnitMeasure>
      <BisWeighted>0</BisWeighted>
      <QtyInPackage>1</QtyInPackage>
      <ItemPrice>27</ItemPrice>
      <UnitOfMeasurePrice>6.75</UnitOfMeasurePrice>
      <AllowDiscount>1</AllowDiscount>
      <itemStatus>1</itemStatus>
      <LastUpdateDate />
      <LastUpdateTime />
    </Product>
    <Product>
      <PriceUpdateDate>2018/04/24 09:55</PriceUpdateDate>
      <ItemCode>7290000070384</ItemCode>
      <ItemType>1</ItemType>
      <ItemName>מרק טעם עוף זך עדיף אסם (400 גרם)</ItemName>
      <ManufactureName>קבוצת אסם סחר שות. מוגבלת</ManufactureName>
      <ManufactureCountry />
      <ManufactureItemDescription />
      <UnitQty>יח`</UnitQty>
      <Quantity>4</Quantity>
      <UnitMeasure>100 גרם</UnitMeasure>
      <BisWeighted>0</BisWeighted>
      <QtyInPackage>1</QtyInPackage>
      <ItemPrice>18</ItemPrice>
      <UnitOfMeasurePrice>4.50</UnitOfMeasurePrice>
      <AllowDiscount>0</AllowDiscount>
      <itemStatus>1</itemStatus>
      <LastUpdateDate />
      <LastUpdateTime />
    </Product>
    <Product>
      <PriceUpdateDate>2018/04/24 09:55</PriceUpdateDate>
      <ItemCode>7290000070919</ItemCode>
      <ItemType>1</ItemType>
      <ItemName>בייגלה רשתות עם מלח אסם (400 גרם)</ItemName>
      <ManufactureName>קבוצת אסם סחר שות. מוגבלת</ManufactureName>
      <ManufactureCountry />
      <ManufactureItemDescription />
      <UnitQty>יח`</UnitQty>
      <Quantity>4</Quantity>
      <UnitMeasure>100 גרם</UnitMeasure>
      <BisWeighted>0</BisWeighted>
      <QtyInPackage>1</QtyInPackage>
      <ItemPrice>12.90</ItemPrice>
      <UnitOfMeasurePrice>3.23</UnitOfMeasurePrice>
      <AllowDiscount>0</AllowDiscount>
      <itemStatus>1</itemStatus>
      <LastUpdateDate />
      <LastUpdateTime />
    </Product>
    <Product>
      <PriceUpdateDate>2018/04/24 09:55</PriceUpdateDate>
      <ItemCode>7290000071008</ItemCode>
      <ItemType>1</ItemType>
      <ItemName>בייגלה שטוחים טבעות עם מלח אסם (60 גרם)</ItemName>
      <ManufactureName>קבוצת אסם סחר שות. מוגבלת</ManufactureName>
      <ManufactureCountry />
      <ManufactureItemDescription />
      <UnitQty>יח`</UnitQty>
      <Quantity>0.60</Quantity>
      <UnitMeasure>100 גרם</UnitMeasure>
      <BisWeighted>0</BisWeighted>
      <QtyInPackage>1</QtyInPackage>
      <ItemPrice>2.90</ItemPrice>
      <UnitOfMeasurePrice>4.83</UnitOfMeasurePrice>
      <AllowDiscount>0</AllowDiscount>
      <itemStatus>1</itemStatus>
      <LastUpdateDate />
      <LastUpdateTime />
    </Product>
    <Product>
      <PriceUpdateDate>2018/04/24 11:28</PriceUpdateDate>
      <ItemCode>7290000072623</ItemCode>
      <ItemType>1</ItemType>
      <ItemName>קטשופ אסם (750 גרם)</ItemName>
      <ManufactureName>קבוצת אסם סחר שות. מוגבלת</ManufactureName>
      <ManufactureCountry />
      <ManufactureItemDescription />
      <UnitQty>יח`</UnitQty>
      <Quantity>7.50</Quantity>
      <UnitMeasure>100 גרם</UnitMeasure>
      <BisWeighted>0</BisWeighted>
      <QtyInPackage>1</QtyInPackage>
      <ItemPrice>10.90</ItemPrice>
      <UnitOfMeasurePrice>1.45</UnitOfMeasurePrice>
      <AllowDiscount>1</AllowDiscount>
      <itemStatus>1</itemStatus>
      <LastUpdateDate />
      <LastUpdateTime />
    </Product>
    <Product>
      <PriceUpdateDate>2018/04/24 09:55</PriceUpdateDate>
      <ItemCode>7290000072630</ItemCode>
      <ItemType>1</ItemType>
      <ItemName>קטשופ חריף אסם (750 גרם)</ItemName>
      <ManufactureName>קבוצת אסם סחר שות. מוגבלת</ManufactureName>
      <ManufactureCountry />
      <ManufactureItemDescription />
      <UnitQty>יח`</UnitQty>
      <Quantity>7.50</Quantity>
      <UnitMeasure>100 גרם</UnitMeasure>
      <BisWeighted>0</BisWeighted>
      <QtyInPackage>1</QtyInPackage>
      <ItemPrice>11.90</ItemPrice>
      <UnitOfMeasurePrice>1.59</UnitOfMeasurePrice>
      <AllowDiscount>0</AllowDiscount>
      <itemStatus>1</itemStatus>
      <LastUpdateDate />
      <LastUpdateTime />
    </Product>
    <Product>
      <PriceUpdateDate>2019/07/02 10:20</PriceUpdateDate>
      <ItemCode>7290000072753</ItemCode>
      <ItemType>1</ItemType>
      <ItemName>קפה טייסטרס צ`ויס נסקפה (200 גרם)</ItemName>
      <ManufactureName>קבוצת אסם סחר שות. מוגבלת</ManufactureName>
      <ManufactureCountry />
      <ManufactureItemDescription />
      <UnitQty>יח`</UnitQty>
      <Quantity>2</Quantity>
      <UnitMeasure>100 גרם</UnitMeasure>
      <BisWeighted>0</BisWeighted>
      <QtyInPackage>1</QtyInPackage>
      <ItemPrice>29.90</ItemPrice>
      <UnitOfMeasurePrice>14.95</UnitOfMeasurePrice>
      <AllowDiscount>0</AllowDiscount>
      <itemStatus>1</itemStatus>
      <LastUpdateDate />
      <LastUpdateTime />
    </Product>
    <Product>
      <PriceUpdateDate>2018/04/24 09:48</PriceUpdateDate>
      <ItemCode>7290000072784</ItemCode>
      <ItemType>1</ItemType>
      <ItemName>טייסטר צ`ויס נטול 100 גר`</ItemName>
      <ManufactureName>קבוצת אסם סחר שות. מוגבלת</ManufactureName>
      <ManufactureCountry />
      <ManufactureItemDescription />
      <UnitQty>יח`</UnitQty>
      <Quantity>1</Quantity>
      <UnitMeasure>100 גרם</UnitMeasure>
      <BisWeighted>0</BisWeighted>
      <QtyInPackage>1</QtyInPackage>
      <ItemPrice>27.90</ItemPrice>
      <UnitOfMeasurePrice>27.90</UnitOfMeasurePrice>
      <AllowDiscount>0</AllowDiscount>
      <itemStatus>1</itemStatus>
      <LastUpdateDate />
      <LastUpdateTime />
    </Product>
    <Product>
      <PriceUpdateDate>2020/01/03 08:42</PriceUpdateDate>
      <ItemCode>7290000073125</ItemCode>
      <ItemType>1</ItemType>
      <ItemName>מנה חמה פסטה ברוטב עגבניות אסם (62 גרם)</ItemName>
      <ManufactureName>קבוצת אסם סחר שות. מוגבלת</ManufactureName>
      <ManufactureCountry />
      <ManufactureItemDescription />
      <UnitQty>יח`</UnitQty>
      <Quantity>0.62</Quantity>
      <UnitMeasure>100 גרם</UnitMeasure>
      <BisWeighted>0</BisWeighted>
      <QtyInPackage>1</QtyInPackage>
      <ItemPrice>6.90</ItemPrice>
      <UnitOfMeasurePrice>11.13</UnitOfMeasurePrice>
      <AllowDiscount>1</AllowDiscount>
      <itemStatus>1</itemStatus>
      <LastUpdateDate />
      <LastUpdateTime />
    </Product>
    <Product>
      <PriceUpdateDate>2018/04/24 11:30</PriceUpdateDate>
      <ItemCode>7290000073415</ItemCode>
      <ItemType>1</ItemType>
      <ItemName>מנה חמה פסטה ברוטב פיצה אסם (61 גרם)</ItemName>
      <ManufactureName>קבוצת אסם סחר שות. מוגבלת</ManufactureName>
      <ManufactureCountry />
      <ManufactureItemDescription />
      <UnitQty>יח`</UnitQty>
      <Quantity>0.61</Quantity>
      <UnitMeasure>100 גרם</UnitMeasure>
      <BisWeighted>0</BisWeighted>
      <QtyInPackage>1</QtyInPackage>
      <ItemPrice>6.90</ItemPrice>
      <UnitOfMeasurePrice>11.31</UnitOfMeasurePrice>
      <AllowDiscount>1</AllowDiscount>
      <itemStatus>1</itemStatus>
      <LastUpdateDate />
      <LastUpdateTime />
    </Product>
    <Product>
      <PriceUpdateDate>2019/01/07 10:57</PriceUpdateDate>
      <ItemCode>7290000073750</ItemCode>
      <ItemType>1</ItemType>
      <ItemName>מנה חמה נודלס בטעם עוף אסם (70 גרם)</ItemName>
      <ManufactureName>קבוצת אסם סחר שות. מוגבלת</ManufactureName>
      <ManufactureCountry />
      <ManufactureItemDescription />
      <UnitQty>יח`</UnitQty>
      <Quantity>0.70</Quantity>
      <UnitMeasure>100 גרם</UnitMeasure>
      <BisWeighted>0</BisWeighted>
      <QtyInPackage>1</QtyInPackage>
      <ItemPrice>7.90</ItemPrice>
      <UnitOfMeasurePrice>11.29</UnitOfMeasurePrice>
      <AllowDiscount>1</AllowDiscount>
      <itemStatus>1</itemStatus>
      <LastUpdateDate />
      <LastUpdateTime />
    </Product>
    <Product>
      <PriceUpdateDate>2018/04/24 09:48</PriceUpdateDate>
      <ItemCode>7290000073767</ItemCode>
      <ItemType>1</ItemType>
      <ItemName>מנה חמה נודלס בטעם בקר אסם (70 גרם)</ItemName>
      <ManufactureName>קבוצת אסם סחר שות. מוגבלת</ManufactureName>
      <ManufactureCountry />
      <ManufactureItemDescription />
      <UnitQty>יח`</UnitQty>
      <Quantity>0.70</Quantity>
      <UnitMeasure>100 גרם</UnitMeasure>
      <BisWeighted>0</BisWeighted>
      <QtyInPackage>1</QtyInPackage>
      <ItemPrice>7.90</ItemPrice>
      <UnitOfMeasurePrice>11.29</UnitOfMeasurePrice>
      <AllowDiscount>1</AllowDiscount>
      <itemStatus>1</itemStatus>
      <LastUpdateDate />
      <LastUpdateTime />
    </Product>
    <Product>
      <PriceUpdateDate>2018/04/24 09:48</PriceUpdateDate>
      <ItemCode>7290000073774</ItemCode>
      <ItemType>1</ItemType>
      <ItemName>מנה חמה נודלס בטעם פיקנטי אסם (70 גרם)</ItemName>
      <ManufactureName>קבוצת אסם סחר שות. מוגבלת</ManufactureName>
      <ManufactureCountry />
      <ManufactureItemDescription />
      <UnitQty>יח`</UnitQty>
      <Quantity>0.76</Quantity>
      <UnitMeasure>100 גרם</UnitMeasure>
      <BisWeighted>0</BisWeighted>
      <QtyInPackage>1</QtyInPackage>
      <ItemPrice>7.90</ItemPrice>
      <UnitOfMeasurePrice>10.39</UnitOfMeasurePrice>
      <AllowDiscount>1</AllowDiscount>
      <itemStatus>1</itemStatus>
      <LastUpdateDate />
      <LastUpdateTime />
    </Product>
    <Product>
      <PriceUpdateDate>2018/08/05 11:28</PriceUpdateDate>
      <ItemCode>7290000074184</ItemCode>
      <ItemType>1</ItemType>
      <ItemName>ביסקוויט פתי בר אסם (500 גרם)</ItemName>
      <ManufactureName>קבוצת אסם סחר שות. מוגבלת</ManufactureName>
      <ManufactureCountry />
      <ManufactureItemDescription />
      <UnitQty>יח`</UnitQty>
      <Quantity>5</Quantity>
      <UnitMeasure>100 גרם</UnitMeasure>
      <BisWeighted>0</BisWeighted>
      <QtyInPackage>1</QtyInPackage>
      <ItemPrice>11.90</ItemPrice>
      <UnitOfMeasurePrice>2.38</UnitOfMeasurePrice>
      <AllowDiscount>1</AllowDiscount>
      <itemStatus>1</itemStatus>
      <LastUpdateDate />
      <LastUpdateTime />
    </Product>
    <Product>
      <PriceUpdateDate>2018/04/24 09:48</PriceUpdateDate>
      <ItemCode>7290000074245</ItemCode>
      <ItemType>1</ItemType>
      <ItemName>קרם קרקר אסם (250 גרם)</ItemName>
      <ManufactureName>קבוצת אסם סחר שות. מוגבלת</ManufactureName>
      <ManufactureCountry />
      <ManufactureItemDescription />
      <UnitQty>יח`</UnitQty>
      <Quantity>2.50</Quantity>
      <UnitMeasure>100 גרם</UnitMeasure>
      <BisWeighted>0</BisWeighted>
      <QtyInPackage>1</QtyInPackage>
      <ItemPrice>9.90</ItemPrice>
      <UnitOfMeasurePrice>3.96</UnitOfMeasurePrice>
      <AllowDiscount>1</AllowDiscount>
      <itemStatus>1</itemStatus>
      <LastUpdateDate />
      <LastUpdateTime />
    </Product>
    <Product>
      <PriceUpdateDate>2018/04/24 10:57</PriceUpdateDate>
      <ItemCode>7290000074252</ItemCode>
      <ItemType>1</ItemType>
      <ItemName>קרקר שומשום אסם (250 גרם)</ItemName>
      <ManufactureName>קבוצת אסם סחר שות. מוגבלת</ManufactureName>
      <ManufactureCountry />
      <ManufactureItemDescription />
      <UnitQty>יח`</UnitQty>
      <Quantity>2.50</Quantity>
      <UnitMeasure>100 גרם</UnitMeasure>
      <BisWeighted>0</BisWeighted>
      <QtyInPackage>1</QtyInPackage>
      <ItemPrice>9.90</ItemPrice>
      <UnitOfMeasurePrice>3.96</UnitOfMeasurePrice>
      <AllowDiscount>1</AllowDiscount>
      <itemStatus>1</itemStatus>
      <LastUpdateDate />
      <LastUpdateTime />
    </Product>
    <Product>
      <PriceUpdateDate>2019/01/07 10:57</PriceUpdateDate>
      <ItemCode>7290000074276</ItemCode>
      <ItemType>1</ItemType>
      <ItemName>קרקר פיקנטי אסם (250 גרם)</ItemName>
      <ManufactureName>קבוצת אסם סחר שות. מוגבלת</ManufactureName>
      <ManufactureCountry />
      <ManufactureItemDescription />
      <UnitQty>יח`</UnitQty>
      <Quantity>2.50</Quantity>
      <UnitMeasure>100 גרם</UnitMeasure>
      <BisWeighted>0</BisWeighted>
      <QtyInPackage>1</QtyInPackage>
      <ItemPrice>10.90</ItemPrice>
      <UnitOfMeasurePrice>4.36</UnitOfMeasurePrice>
      <AllowDiscount>1</AllowDiscount>
      <itemStatus>1</itemStatus>
      <LastUpdateDate />
      <LastUpdateTime />
    </Product>
    <Product>
      <PriceUpdateDate>2018/04/24 09:48</PriceUpdateDate>
      <ItemCode>7290000074290</ItemCode>
      <ItemType>1</ItemType>
      <ItemName>קרקר לחמית עם סובין חיטה אסם 230 גר`</ItemName>
      <ManufactureName>קבוצת אסם סחר שות. מוגבלת</ManufactureName>
      <ManufactureCountry />
      <ManufactureItemDescription />
      <UnitQty>יח`</UnitQty>
      <Quantity>2.30</Quantity>
      <UnitMeasure>100 גרם</UnitMeasure>
      <BisWeighted>0</BisWeighted>
      <QtyInPackage>1</QtyInPackage>
      <ItemPrice>8.90</ItemPrice>
      <UnitOfMeasurePrice>3.87</UnitOfMeasurePrice>
      <AllowDiscount>1</AllowDiscount>
      <itemStatus>1</itemStatus>
      <LastUpdateDate />
      <LastUpdateTime />
    </Product>
    <Product>
      <PriceUpdateDate>2019/01/07 10:57</PriceUpdateDate>
      <ItemCode>7290000074375</ItemCode>
      <ItemType>1</ItemType>
      <ItemName>קרקר זהב אסם (150 גרם)</ItemName>
      <ManufactureName>קבוצת אסם סחר שות. מוגבלת</ManufactureName>
      <ManufactureCountry />
      <ManufactureItemDescription />
      <UnitQty>יח`</UnitQty>
      <Quantity>1.50</Quantity>
      <UnitMeasure>100 גרם</UnitMeasure>
      <BisWeighted>0</BisWeighted>
      <QtyInPackage>1</QtyInPackage>
      <ItemPrice>7.90</ItemPrice>
      <UnitOfMeasurePrice>5.27</UnitOfMeasurePrice>
      <AllowDiscount>1</AllowDiscount>
      <itemStatus>1</itemStatus>
      <LastUpdateDate />
      <LastUpdateTime />
    </Product>
    <Product>
      <PriceUpdateDate>2019/01/07 10:57</PriceUpdateDate>
      <ItemCode>7290000074481</ItemCode>
      <ItemType>1</ItemType>
      <ItemName>קרקר לחמית אגוזים אסם (160 גרם)</ItemName>
      <ManufactureName>קבוצת אסם סחר שות. מוגבלת</ManufactureName>
      <ManufactureCountry />
      <ManufactureItemDescription />
      <UnitQty>יח`</UnitQty>
      <Quantity>1.60</Quantity>
      <UnitMeasure>100 גרם</UnitMeasure>
      <BisWeighted>0</BisWeighted>
      <QtyInPackage>1</QtyInPackage>
      <ItemPrice>10.90</ItemPrice>
      <UnitOfMeasurePrice>6.81</UnitOfMeasurePrice>
      <AllowDiscount>1</AllowDiscount>
      <itemStatus>1</itemStatus>
      <LastUpdateDate />
      <LastUpdateTime />
    </Product>
    <Product>
      <PriceUpdateDate>2018/04/24 09:48</PriceUpdateDate>
      <ItemCode>7290000074696</ItemCode>
      <ItemType>1</ItemType>
      <ItemName>קרם קרקר אסם (1 קג)</ItemName>
      <ManufactureName>קבוצת אסם סחר שות. מוגבלת</ManufactureName>
      <ManufactureCountry />
      <ManufactureItemDescription />
      <UnitQty>יח`</UnitQty>
      <Quantity>1</Quantity>
      <UnitMeasure>ק"ג</UnitMeasure>
      <BisWeighted>0</BisWeighted>
      <QtyInPackage>1</QtyInPackage>
      <ItemPrice>27.90</ItemPrice>
      <UnitOfMeasurePrice>27.90</UnitOfMeasurePrice>
      <AllowDiscount>0</AllowDiscount>
      <itemStatus>1</itemStatus>
      <LastUpdateDate />
      <LastUpdateTime />
    </Product>
    <Product>
      <PriceUpdateDate>2018/04/24 09:48</PriceUpdateDate>
      <ItemCode>7290000074740</ItemCode>
      <ItemType>1</ItemType>
      <ItemName>קרקר לחמית חיטה מלאה אסם 1 קג`</ItemName>
      <ManufactureName>קבוצת אסם סחר שות. מוגבלת</ManufactureName>
      <ManufactureCountry />
      <ManufactureItemDescription />
      <UnitQty>יח`</UnitQty>
      <Quantity>10</Quantity>
      <UnitMeasure>100 גרם</UnitMeasure>
      <BisWeighted>0</BisWeighted>
      <QtyInPackage>1</QtyInPackage>
      <ItemPrice>24.90</ItemPrice>
      <UnitOfMeasurePrice>2.49</UnitOfMeasurePrice>
      <AllowDiscount>0</AllowDiscount>
      <itemStatus>1</itemStatus>
      <LastUpdateDate />
      <LastUpdateTime />
    </Product>
    <Product>
      <PriceUpdateDate>2018/07/08 11:12</PriceUpdateDate>
      <ItemCode>7290000074764</ItemCode>
      <ItemType>1</ItemType>
      <ItemName>קרקר זהב אסם (900 גרם)</ItemName>
      <ManufactureName>קבוצת אסם סחר שות. מוגבלת</ManufactureName>
      <ManufactureCountry />
      <ManufactureItemDescription />
      <UnitQty>יח`</UnitQty>
      <Quantity>9</Quantity>
      <UnitMeasure>100 גרם</UnitMeasure>
      <BisWeighted>0</BisWeighted>
      <QtyInPackage>1</QtyInPackage>
      <ItemPrice>27.90</ItemPrice>
      <UnitOfMeasurePrice>3.10</UnitOfMeasurePrice>
      <AllowDiscount>0</AllowDiscount>
      <itemStatus>1</itemStatus>
      <LastUpdateDate />
      <LastUpdateTime />
    </Product>
    <Product>
      <PriceUpdateDate>2018/07/25 09:06</PriceUpdateDate>
      <ItemCode>7290000075143</ItemCode>
      <ItemType>1</ItemType>
      <ItemName>עוגיות שוקוצ`יפס אסם (200 גרם)</ItemName>
      <ManufactureName>קבוצת אסם סחר שות. מוגבלת</ManufactureName>
      <ManufactureCountry />
      <ManufactureItemDescription />
      <UnitQty>יח`</UnitQty>
      <Quantity>2</Quantity>
      <UnitMeasure>100 גרם</UnitMeasure>
      <BisWeighted>0</BisWeighted>
      <QtyInPackage>1</QtyInPackage>
      <ItemPrice>11.90</ItemPrice>
      <UnitOfMeasurePrice>5.95</UnitOfMeasurePrice>
      <AllowDiscount>1</AllowDiscount>
      <itemStatus>1</itemStatus>
      <LastUpdateDate />
      <LastUpdateTime />
    </Product>
    <Product>
      <PriceUpdateDate>2018/04/24 10:00</PriceUpdateDate>
      <ItemCode>7290000075204</ItemCode>
      <ItemType>1</ItemType>
      <ItemName>קרקר לחמית חיטה מלאה אסם (250 גרם)</ItemName>
      <ManufactureName>קבוצת אסם סחר שות. מוגבלת</ManufactureName>
      <ManufactureCountry />
      <ManufactureItemDescription />
      <UnitQty>יח`</UnitQty>
      <Quantity>2.50</Quantity>
      <UnitMeasure>100 גרם</UnitMeasure>
      <BisWeighted>0</BisWeighted>
      <QtyInPackage>1</QtyInPackage>
      <ItemPrice>8.90</ItemPrice>
      <UnitOfMeasurePrice>3.56</UnitOfMeasurePrice>
      <AllowDiscount>1</AllowDiscount>
      <itemStatus>1</itemStatus>
      <LastUpdateDate />
      <LastUpdateTime />
    </Product>
    <Product>
      <PriceUpdateDate>2018/04/24 10:00</PriceUpdateDate>
      <ItemCode>7290000075693</ItemCode>
      <ItemType>1</ItemType>
      <ItemName>עוגת הבית שמרים בריוש שוקולד 360 גר`</ItemName>
      <ManufactureName>קבוצת אסם סחר שות. מוגבלת</ManufactureName>
      <ManufactureCountry />
      <ManufactureItemDescription />
      <UnitQty>יח`</UnitQty>
      <Quantity>3.60</Quantity>
      <UnitMeasure>100 גרם</UnitMeasure>
      <BisWeighted>0</BisWeighted>
      <QtyInPackage>1</QtyInPackage>
      <ItemPrice>17.90</ItemPrice>
      <UnitOfMeasurePrice>4.97</UnitOfMeasurePrice>
      <AllowDiscount>0</AllowDiscount>
      <itemStatus>1</itemStatus>
      <LastUpdateDate />
      <LastUpdateTime />
    </Product>
    <Product>
      <PriceUpdateDate>2018/04/24 10:00</PriceUpdateDate>
      <ItemCode>7290000076126</ItemCode>
      <ItemType>1</ItemType>
      <ItemName>בייגלה שמיניות עם מלח אסם (80 גרם)</ItemName>
      <ManufactureName>קבוצת אסם סחר שות. מוגבלת</ManufactureName>
      <ManufactureCountry />
      <ManufactureItemDescription />
      <UnitQty>יח`</UnitQty>
      <Quantity>0.80</Quantity>
      <UnitMeasure>100 גרם</UnitMeasure>
      <BisWeighted>0</BisWeighted>
      <QtyInPackage>1</QtyInPackage>
      <ItemPrice>2.90</ItemPrice>
      <UnitOfMeasurePrice>3.63</UnitOfMeasurePrice>
      <AllowDiscount>0</AllowDiscount>
      <itemStatus>1</itemStatus>
      <LastUpdateDate />
      <LastUpdateTime />
    </Product>
    <Product>
      <PriceUpdateDate>2018/04/24 11:31</PriceUpdateDate>
      <ItemCode>7290000076133</ItemCode>
      <ItemType>1</ItemType>
      <ItemName>בייגלה שמיניות עם מלח אסם (400 גרם)</ItemName>
      <ManufactureName>קבוצת אסם סחר שות. מוגבלת</ManufactureName>
      <ManufactureCountry />
      <ManufactureItemDescription />
      <UnitQty>יח`</UnitQty>
      <Quantity>4</Quantity>
      <UnitMeasure>100 גרם</UnitMeasure>
      <BisWeighted>0</BisWeighted>
      <QtyInPackage>1</QtyInPackage>
      <ItemPrice>9.90</ItemPrice>
      <UnitOfMeasurePrice>2.48</UnitOfMeasurePrice>
      <AllowDiscount>0</AllowDiscount>
      <itemStatus>1</itemStatus>
      <LastUpdateDate />
      <LastUpdateTime />
    </Product>
    <Product>
      <PriceUpdateDate>2018/08/05 11:28</PriceUpdateDate>
      <ItemCode>7290000077017</ItemCode>
      <ItemType>1</ItemType>
      <ItemName>קרמוגית משהו שוקולוד</ItemName>
      <ManufactureName>קבוצת אסם סחר שות. מוגבלת</ManufactureName>
      <ManufactureCountry />
      <ManufactureItemDescription />
      <UnitQty>יח`</UnitQty>
      <Quantity>2</Quantity>
      <UnitMeasure>100 גרם</UnitMeasure>
      <BisWeighted>0</BisWeighted>
      <QtyInPackage>1</QtyInPackage>
      <ItemPrice>11.90</ItemPrice>
      <UnitOfMeasurePrice>5.95</UnitOfMeasurePrice>
      <AllowDiscount>0</AllowDiscount>
      <itemStatus>1</itemStatus>
      <LastUpdateDate />
      <LastUpdateTime />
    </Product>
    <Product>
      <PriceUpdateDate>2019/04/08 14:54</PriceUpdateDate>
      <ItemCode>7290000077253</ItemCode>
      <ItemType>1</ItemType>
      <ItemName>קרקר לחמית כפרית אסם (190 גרם)</ItemName>
      <ManufactureName>קבוצת אסם סחר שות. מוגבלת</ManufactureName>
      <ManufactureCountry />
      <ManufactureItemDescription />
      <UnitQty>יח`</UnitQty>
      <Quantity>1.90</Quantity>
      <UnitMeasure>100 גרם</UnitMeasure>
      <BisWeighted>0</BisWeighted>
      <QtyInPackage>1</QtyInPackage>
      <ItemPrice>10.90</ItemPrice>
      <UnitOfMeasurePrice>5.74</UnitOfMeasurePrice>
      <AllowDiscount>1</AllowDiscount>
      <itemStatus>1</itemStatus>
      <LastUpdateDate />
      <LastUpdateTime />
    </Product>
    <Product>
      <PriceUpdateDate>2018/08/05 11:28</PriceUpdateDate>
      <ItemCode>7290000078762</ItemCode>
      <ItemType>1</ItemType>
      <ItemName>פריכונים בדבש מאורז מלא אסם (80 גרם)</ItemName>
      <ManufactureName>קבוצת אסם סחר שות. מוגבלת</ManufactureName>
      <ManufactureCountry />
      <ManufactureItemDescription />
      <UnitQty>יח`</UnitQty>
      <Quantity>0.80</Quantity>
      <UnitMeasure>100 גרם</UnitMeasure>
      <BisWeighted>0</BisWeighted>
      <QtyInPackage>1</QtyInPackage>
      <ItemPrice>7.90</ItemPrice>
      <UnitOfMeasurePrice>9.88</UnitOfMeasurePrice>
      <AllowDiscount>0</AllowDiscount>
      <itemStatus>1</itemStatus>
      <LastUpdateDate />
      <LastUpdateTime />
    </Product>
    <Product>
      <PriceUpdateDate>2019/01/07 10:57</PriceUpdateDate>
      <ItemCode>7290000079233</ItemCode>
      <ItemType>1</ItemType>
      <ItemName>קרם קרקר דל נתרן אסם (250 גרם)</ItemName>
      <ManufactureName>קבוצת אסם סחר שות. מוגבלת</ManufactureName>
      <ManufactureCountry />
      <ManufactureItemDescription />
      <UnitQty>יח`</UnitQty>
      <Quantity>2.50</Quantity>
      <UnitMeasure>100 גרם</UnitMeasure>
      <BisWeighted>0</BisWeighted>
      <QtyInPackage>1</QtyInPackage>
      <ItemPrice>10.90</ItemPrice>
      <UnitOfMeasurePrice>4.36</UnitOfMeasurePrice>
      <AllowDiscount>1</AllowDiscount>
      <itemStatus>1</itemStatus>
      <LastUpdateDate />
      <LastUpdateTime />
    </Product>
    <Product>
      <PriceUpdateDate>2018/04/24 10:03</PriceUpdateDate>
      <ItemCode>7290000080758</ItemCode>
      <ItemType>1</ItemType>
      <ItemName>פת קלויה טוסטעים אסם (100 גרם)</ItemName>
      <ManufactureName>קבוצת אסם סחר שות. מוגבלת</ManufactureName>
      <ManufactureCountry />
      <ManufactureItemDescription />
      <UnitQty>יח`</UnitQty>
      <Quantity>1</Quantity>
      <UnitMeasure>100 גרם</UnitMeasure>
      <BisWeighted>0</BisWeighted>
      <QtyInPackage>1</QtyInPackage>
      <ItemPrice>9.90</ItemPrice>
      <UnitOfMeasurePrice>9.90</UnitOfMeasurePrice>
      <AllowDiscount>0</AllowDiscount>
      <itemStatus>1</itemStatus>
      <LastUpdateDate />
      <LastUpdateTime />
    </Product>
    <Product>
      <PriceUpdateDate>2018/04/24 10:03</PriceUpdateDate>
      <ItemCode>7290000080765</ItemCode>
      <ItemType>1</ItemType>
      <ItemName>פת קלויה טוסטעים עם שומשום אסם (100 גרם)</ItemName>
      <ManufactureName>קבוצת אסם סחר שות. מוגבלת</ManufactureName>
      <ManufactureCountry />
      <ManufactureItemDescription />
      <UnitQty>יח`</UnitQty>
      <Quantity>1</Quantity>
      <UnitMeasure>100 גרם</UnitMeasure>
      <BisWeighted>0</BisWeighted>
      <QtyInPackage>1</QtyInPackage>
      <ItemPrice>9.90</ItemPrice>
      <UnitOfMeasurePrice>9.90</UnitOfMeasurePrice>
      <AllowDiscount>0</AllowDiscount>
      <itemStatus>1</itemStatus>
      <LastUpdateDate />
      <LastUpdateTime />
    </Product>
    <Product>
      <PriceUpdateDate>2018/04/24 10:03</PriceUpdateDate>
      <ItemCode>7290000081663</ItemCode>
      <ItemType>1</ItemType>
      <ItemName>בייגלה טבעות עם שומשום אסם (300 גרם)</ItemName>
      <ManufactureName>קבוצת אסם סחר שות. מוגבלת</ManufactureName>
      <ManufactureCountry />
      <ManufactureItemDescription />
      <UnitQty>יח`</UnitQty>
      <Quantity>3</Quantity>
      <UnitMeasure>100 גרם</UnitMeasure>
      <BisWeighted>0</BisWeighted>
      <QtyInPackage>1</QtyInPackage>
      <ItemPrice>9.90</ItemPrice>
      <UnitOfMeasurePrice>3.30</UnitOfMeasurePrice>
      <AllowDiscount>0</AllowDiscount>
      <itemStatus>1</itemStatus>
      <LastUpdateDate />
      <LastUpdateTime />
    </Product>
    <Product>
      <PriceUpdateDate>2018/06/06 08:13</PriceUpdateDate>
      <ItemCode>7290000100036</ItemCode>
      <ItemType>1</ItemType>
      <ItemName>פתיתי ברוקלי 800 גר` סנפרוסט</ItemName>
      <ManufactureName>תנובה קפואים</ManufactureName>
      <ManufactureCountry />
      <ManufactureItemDescription />
      <UnitQty>יח`</UnitQty>
      <Quantity>8</Quantity>
      <UnitMeasure>100 גרם</UnitMeasure>
      <BisWeighted>0</BisWeighted>
      <QtyInPackage>1</QtyInPackage>
      <ItemPrice>19.90</ItemPrice>
      <UnitOfMeasurePrice>2.49</UnitOfMeasurePrice>
      <AllowDiscount>1</AllowDiscount>
      <itemStatus>1</itemStatus>
      <LastUpdateDate />
      <LastUpdateTime />
    </Product>
    <Product>
      <PriceUpdateDate>2018/06/06 08:13</PriceUpdateDate>
      <ItemCode>7290000100128</ItemCode>
      <ItemType>1</ItemType>
      <ItemName>פירות קפואים תות 300 גר` סנפרוסט</ItemName>
      <ManufactureName>תנובה קפואים</ManufactureName>
      <ManufactureCountry />
      <ManufactureItemDescription />
      <UnitQty>יח`</UnitQty>
      <Quantity>3</Quantity>
      <UnitMeasure>100 גרם</UnitMeasure>
      <BisWeighted>0</BisWeighted>
      <QtyInPackage>1</QtyInPackage>
      <ItemPrice>15.90</ItemPrice>
      <UnitOfMeasurePrice>5.30</UnitOfMeasurePrice>
      <AllowDiscount>1</AllowDiscount>
      <itemStatus>1</itemStatus>
      <LastUpdateDate />
      <LastUpdateTime />
    </Product>
    <Product>
      <PriceUpdateDate>2018/06/06 08:13</PriceUpdateDate>
      <ItemCode>7290000100135</ItemCode>
      <ItemType>1</ItemType>
      <ItemName>פירות קפואים דובדבן 300 גר` סנפרוסט</ItemName>
      <ManufactureName>תנובה קפואים</ManufactureName>
      <ManufactureCountry />
      <ManufactureItemDescription />
      <UnitQty>יח`</UnitQty>
      <Quantity>3</Quantity>
      <UnitMeasure>100 גרם</UnitMeasure>
      <BisWeighted>0</BisWeighted>
      <QtyInPackage>1</QtyInPackage>
      <ItemPrice>15.90</ItemPrice>
      <UnitOfMeasurePrice>5.30</UnitOfMeasurePrice>
      <AllowDiscount>1</AllowDiscount>
      <itemStatus>1</itemStatus>
      <LastUpdateDate />
      <LastUpdateTime />
    </Product>
    <Product>
      <PriceUpdateDate>2018/05/17 10:38</PriceUpdateDate>
      <ItemCode>7290000100142</ItemCode>
      <ItemType>1</ItemType>
      <ItemName>סמוטיז צהוב 300 גר` SMOOTHIE</ItemName>
      <ManufactureName>תנובה קפואים</ManufactureName>
      <ManufactureCountry />
      <ManufactureItemDescription />
      <UnitQty>יח`</UnitQty>
      <Quantity>3</Quantity>
      <UnitMeasure>100 גרם</UnitMeasure>
      <BisWeighted>0</BisWeighted>
      <QtyInPackage>1</QtyInPackage>
      <ItemPrice>15.90</ItemPrice>
      <UnitOfMeasurePrice>5.30</UnitOfMeasurePrice>
      <AllowDiscount>1</AllowDiscount>
      <itemStatus>1</itemStatus>
      <LastUpdateDate />
      <LastUpdateTime />
    </Product>
    <Product>
      <PriceUpdateDate>2020/02/16 13:29</PriceUpdateDate>
      <ItemCode>7290000100593</ItemCode>
      <ItemType>1</ItemType>
      <ItemName>פרוסות אנטיפסטי לתנור 600 גר` סנפרוסט</ItemName>
      <ManufactureName>תנובה קפואים</ManufactureName>
      <ManufactureCountry />
      <ManufactureItemDescription />
      <UnitQty>יח`</UnitQty>
      <Quantity>6</Quantity>
      <UnitMeasure>100 גרם</UnitMeasure>
      <BisWeighted>0</BisWeighted>
      <QtyInPackage>1</QtyInPackage>
      <ItemPrice>21.90</ItemPrice>
      <UnitOfMeasurePrice>3.65</UnitOfMeasurePrice>
      <AllowDiscount>1</AllowDiscount>
      <itemStatus>1</itemStatus>
      <LastUpdateDate />
      <LastUpdateTime />
    </Product>
    <Product>
      <PriceUpdateDate>2018/07/08 11:12</PriceUpdateDate>
      <ItemCode>7290000101934</ItemCode>
      <ItemType>1</ItemType>
      <ItemName>מיקס פירות יער מוקפאים 300 גר סנפרוסט</ItemName>
      <ManufactureName>תנובה קפואים</ManufactureName>
      <ManufactureCountry />
      <ManufactureItemDescription />
      <UnitQty>יח`</UnitQty>
      <Quantity>3</Quantity>
      <UnitMeasure>100 גרם</UnitMeasure>
      <BisWeighted>0</BisWeighted>
      <QtyInPackage>1</QtyInPackage>
      <ItemPrice>15.90</ItemPrice>
      <UnitOfMeasurePrice>5.30</UnitOfMeasurePrice>
      <AllowDiscount>1</AllowDiscount>
      <itemStatus>1</itemStatus>
      <LastUpdateDate />
      <LastUpdateTime />
    </Product>
    <Product>
      <PriceUpdateDate>2018/04/24 13:04</PriceUpdateDate>
      <ItemCode>7290000101941</ItemCode>
      <ItemType>1</ItemType>
      <ItemName>אננס חתוך מוקפא סנפרוסט (300 גרם)</ItemName>
      <ManufactureName>תנובה קפואים</ManufactureName>
      <ManufactureCountry />
      <ManufactureItemDescription />
      <UnitQty>יח`</UnitQty>
      <Quantity>3</Quantity>
      <UnitMeasure>100 גרם</UnitMeasure>
      <BisWeighted>0</BisWeighted>
      <QtyInPackage>1</QtyInPackage>
      <ItemPrice>15.90</ItemPrice>
      <UnitOfMeasurePrice>5.30</UnitOfMeasurePrice>
      <AllowDiscount>1</AllowDiscount>
      <itemStatus>1</itemStatus>
      <LastUpdateDate />
      <LastUpdateTime />
    </Product>
    <Product>
      <PriceUpdateDate>2018/07/08 11:12</PriceUpdateDate>
      <ItemCode>7290000101958</ItemCode>
      <ItemType>1</ItemType>
      <ItemName>מנגו חתוך מוקפא סנפרוסט (300 גרם)</ItemName>
      <ManufactureName>תנובה קפואים</ManufactureName>
      <ManufactureCountry />
      <ManufactureItemDescription />
      <UnitQty>יח`</UnitQty>
      <Quantity>3</Quantity>
      <UnitMeasure>100 גרם</UnitMeasure>
      <BisWeighted>0</BisWeighted>
      <QtyInPackage>1</QtyInPackage>
      <ItemPrice>15.90</ItemPrice>
      <UnitOfMeasurePrice>5.30</UnitOfMeasurePrice>
      <AllowDiscount>1</AllowDiscount>
      <itemStatus>1</itemStatus>
      <LastUpdateDate />
      <LastUpdateTime />
    </Product>
    <Product>
      <PriceUpdateDate>2019/05/15 08:45</PriceUpdateDate>
      <ItemCode>7290000101989</ItemCode>
      <ItemType>1</ItemType>
      <ItemName>מיקס דובדבן חמוץ מוקפאים 300 גר סנפרוסט</ItemName>
      <ManufactureName>תנובה קפואים</ManufactureName>
      <ManufactureCountry />
      <ManufactureItemDescription />
      <UnitQty>יח`</UnitQty>
      <Quantity>3</Quantity>
      <UnitMeasure>100 גרם</UnitMeasure>
      <BisWeighted>0</BisWeighted>
      <QtyInPackage>1</QtyInPackage>
      <ItemPrice>15.90</ItemPrice>
      <UnitOfMeasurePrice>5.30</UnitOfMeasurePrice>
      <AllowDiscount>1</AllowDiscount>
      <itemStatus>1</itemStatus>
      <LastUpdateDate />
      <LastUpdateTime />
    </Product>
    <Product>
      <PriceUpdateDate>2018/04/24 12:44</PriceUpdateDate>
      <ItemCode>7290000103433</ItemCode>
      <ItemType>1</ItemType>
      <ItemName>לקט ירקות ל תנור 800 גר` סנפרוסט</ItemName>
      <ManufactureName>תנובה קפואים</ManufactureName>
      <ManufactureCountry />
      <ManufactureItemDescription />
      <UnitQty>יח`</UnitQty>
      <Quantity>8</Quantity>
      <UnitMeasure>100 גרם</UnitMeasure>
      <BisWeighted>0</BisWeighted>
      <QtyInPackage>1</QtyInPackage>
      <ItemPrice>21.90</ItemPrice>
      <UnitOfMeasurePrice>2.74</UnitOfMeasurePrice>
      <AllowDiscount>0</AllowDiscount>
      <itemStatus>1</itemStatus>
      <LastUpdateDate />
      <LastUpdateTime />
    </Product>
    <Product>
      <PriceUpdateDate>2018/04/24 12:46</PriceUpdateDate>
      <ItemCode>7290000103457</ItemCode>
      <ItemType>1</ItemType>
      <ItemName>מיני כרובית סנפרוסט (600 גרם)</ItemName>
      <ManufactureName>תנובה קפואים</ManufactureName>
      <ManufactureCountry />
      <ManufactureItemDescription />
      <UnitQty>יח`</UnitQty>
      <Quantity>6</Quantity>
      <UnitMeasure>100 גרם</UnitMeasure>
      <BisWeighted>0</BisWeighted>
      <QtyInPackage>1</QtyInPackage>
      <ItemPrice>17.90</ItemPrice>
      <UnitOfMeasurePrice>2.98</UnitOfMeasurePrice>
      <AllowDiscount>0</AllowDiscount>
      <itemStatus>1</itemStatus>
      <LastUpdateDate />
      <LastUpdateTime />
    </Product>
    <Product>
      <PriceUpdateDate>2018/07/25 10:20</PriceUpdateDate>
      <ItemCode>7290000103730</ItemCode>
      <ItemType>1</ItemType>
      <ItemName>לקט ירקןת להקפצה עם פסטה 800 גר` סנפרוסט</ItemName>
      <ManufactureName>תנובה קפואים</ManufactureName>
      <ManufactureCountry />
      <ManufactureItemDescription />
      <UnitQty>יח`</UnitQty>
      <Quantity>8</Quantity>
      <UnitMeasure>100 גרם</UnitMeasure>
      <BisWeighted>0</BisWeighted>
      <QtyInPackage>1</QtyInPackage>
      <ItemPrice>24</ItemPrice>
      <UnitOfMeasurePrice>3</UnitOfMeasurePrice>
      <AllowDiscount>0</AllowDiscount>
      <itemStatus>1</itemStatus>
      <LastUpdateDate />
      <LastUpdateTime />
    </Product>
    <Product>
      <PriceUpdateDate>2018/04/24 10:58</PriceUpdateDate>
      <ItemCode>7290000103822</ItemCode>
      <ItemType>1</ItemType>
      <ItemName>לקט מוקפא לעוף סנפרוסט (800 גרם)</ItemName>
      <ManufactureName>תנובה קפואים</ManufactureName>
      <ManufactureCountry />
      <ManufactureItemDescription />
      <UnitQty>יח`</UnitQty>
      <Quantity>8</Quantity>
      <UnitMeasure>100 גרם</UnitMeasure>
      <BisWeighted>0</BisWeighted>
      <QtyInPackage>1</QtyInPackage>
      <ItemPrice>23</ItemPrice>
      <UnitOfMeasurePrice>2.88</UnitOfMeasurePrice>
      <AllowDiscount>0</AllowDiscount>
      <itemStatus>1</itemStatus>
      <LastUpdateDate />
      <LastUpdateTime />
    </Product>
    <Product>
      <PriceUpdateDate>2018/04/24 09:29</PriceUpdateDate>
      <ItemCode>7290000104072</ItemCode>
      <ItemType>1</ItemType>
      <ItemName>עדשים ירוקות מבושלות סנפרוסט (800 גרם)</ItemName>
      <ManufactureName>תנובה קפואים</ManufactureName>
      <ManufactureCountry />
      <ManufactureItemDescription />
      <UnitQty>יח`</UnitQty>
      <Quantity>8</Quantity>
      <UnitMeasure>100 גרם</UnitMeasure>
      <BisWeighted>0</BisWeighted>
      <QtyInPackage>1</QtyInPackage>
      <ItemPrice>20.90</ItemPrice>
      <UnitOfMeasurePrice>2.61</UnitOfMeasurePrice>
      <AllowDiscount>0</AllowDiscount>
      <itemStatus>1</itemStatus>
      <LastUpdateDate />
      <LastUpdateTime />
    </Product>
    <Product>
      <PriceUpdateDate>2018/08/05 11:28</PriceUpdateDate>
      <ItemCode>7290000104201</ItemCode>
      <ItemType>1</ItemType>
      <ItemName>אפונה עדינה מוקפאת סנפרוסט (600 גרם)</ItemName>
      <ManufactureName>תנובה קפואים</ManufactureName>
      <ManufactureCountry />
      <ManufactureItemDescription />
      <UnitQty>יח`</UnitQty>
      <Quantity>6</Quantity>
      <UnitMeasure>100 גרם</UnitMeasure>
      <BisWeighted>0</BisWeighted>
      <QtyInPackage>1</QtyInPackage>
      <ItemPrice>18.90</ItemPrice>
      <UnitOfMeasurePrice>3.15</UnitOfMeasurePrice>
      <AllowDiscount>0</AllowDiscount>
      <itemStatus>1</itemStatus>
      <LastUpdateDate />
      <LastUpdateTime />
    </Product>
    <Product>
      <PriceUpdateDate>2018/08/05 11:28</PriceUpdateDate>
      <ItemCode>7290000104218</ItemCode>
      <ItemType>1</ItemType>
      <ItemName>במיה 600 גר` סנפרוסט</ItemName>
      <ManufactureName>תנובה קפואים</ManufactureName>
      <ManufactureCountry />
      <ManufactureItemDescription />
      <UnitQty>יח`</UnitQty>
      <Quantity>6</Quantity>
      <UnitMeasure>100 גרם</UnitMeasure>
      <BisWeighted>0</BisWeighted>
      <QtyInPackage>1</QtyInPackage>
      <ItemPrice>18.90</ItemPrice>
      <UnitOfMeasurePrice>3.15</UnitOfMeasurePrice>
      <AllowDiscount>0</AllowDiscount>
      <itemStatus>1</itemStatus>
      <LastUpdateDate />
      <LastUpdateTime />
    </Product>
    <Product>
      <PriceUpdateDate>2019/04/24 11:52</PriceUpdateDate>
      <ItemCode>7290000104676</ItemCode>
      <ItemType>1</ItemType>
      <ItemName>אפונה 800 גר` סנפרוסט</ItemName>
      <ManufactureName>תנובה קפואים</ManufactureName>
      <ManufactureCountry />
      <ManufactureItemDescription />
      <UnitQty>יח`</UnitQty>
      <Quantity>8</Quantity>
      <UnitMeasure>100 גרם</UnitMeasure>
      <BisWeighted>0</BisWeighted>
      <QtyInPackage>1</QtyInPackage>
      <ItemPrice>16.90</ItemPrice>
      <UnitOfMeasurePrice>2.11</UnitOfMeasurePrice>
      <AllowDiscount>0</AllowDiscount>
      <itemStatus>1</itemStatus>
      <LastUpdateDate />
      <LastUpdateTime />
    </Product>
    <Product>
      <PriceUpdateDate>2019/03/15 08:52</PriceUpdateDate>
      <ItemCode>7290000104683</ItemCode>
      <ItemType>1</ItemType>
      <ItemName>שעועית ירוקה שלמה סנפרוסט (800 גרם)</ItemName>
      <ManufactureName>תנובה קפואים</ManufactureName>
      <ManufactureCountry />
      <ManufactureItemDescription />
      <UnitQty>יח`</UnitQty>
      <Quantity>8</Quantity>
      <UnitMeasure>100 גרם</UnitMeasure>
      <BisWeighted>0</BisWeighted>
      <QtyInPackage>1</QtyInPackage>
      <ItemPrice>19.90</ItemPrice>
      <UnitOfMeasurePrice>2.49</UnitOfMeasurePrice>
      <AllowDiscount>0</AllowDiscount>
      <itemStatus>1</itemStatus>
      <LastUpdateDate />
      <LastUpdateTime />
    </Product>
    <Product>
      <PriceUpdateDate>2018/08/05 11:28</PriceUpdateDate>
      <ItemCode>7290000104690</ItemCode>
      <ItemType>1</ItemType>
      <ItemName>גרעיני תירס מוקפאים סנפרוסט (800 גרם)</ItemName>
      <ManufactureName>תנובה קפואים</ManufactureName>
      <ManufactureCountry />
      <ManufactureItemDescription />
      <UnitQty>יח`</UnitQty>
      <Quantity>8</Quantity>
      <UnitMeasure>100 גרם</UnitMeasure>
      <BisWeighted>0</BisWeighted>
      <QtyInPackage>1</QtyInPackage>
      <ItemPrice>17.90</ItemPrice>
      <UnitOfMeasurePrice>2.24</UnitOfMeasurePrice>
      <AllowDiscount>1</AllowDiscount>
      <itemStatus>1</itemStatus>
      <LastUpdateDate />
      <LastUpdateTime />
    </Product>
    <Product>
      <PriceUpdateDate>2018/07/08 11:12</PriceUpdateDate>
      <ItemCode>7290000104706</ItemCode>
      <ItemType>1</ItemType>
      <ItemName>גזר גמדי מוקפא סנפרוסט (800 גרם)</ItemName>
      <ManufactureName>תנובה קפואים</ManufactureName>
      <ManufactureCountry />
      <ManufactureItemDescription />
      <UnitQty>יח`</UnitQty>
      <Quantity>8</Quantity>
      <UnitMeasure>100 גרם</UnitMeasure>
      <BisWeighted>0</BisWeighted>
      <QtyInPackage>1</QtyInPackage>
      <ItemPrice>17.90</ItemPrice>
      <UnitOfMeasurePrice>2.24</UnitOfMeasurePrice>
      <AllowDiscount>1</AllowDiscount>
      <itemStatus>1</itemStatus>
      <LastUpdateDate />
      <LastUpdateTime />
    </Product>
    <Product>
      <PriceUpdateDate>2018/07/08 11:12</PriceUpdateDate>
      <ItemCode>7290000104737</ItemCode>
      <ItemType>1</ItemType>
      <ItemName>שעועית צהובה 800 גר` סנפרוסט</ItemName>
      <ManufactureName>תנובה קפואים</ManufactureName>
      <ManufactureCountry />
      <ManufactureItemDescription />
      <UnitQty>יח`</UnitQty>
      <Quantity>8</Quantity>
      <UnitMeasure>100 גרם</UnitMeasure>
      <BisWeighted>0</BisWeighted>
      <QtyInPackage>1</QtyInPackage>
      <ItemPrice>19.90</ItemPrice>
      <UnitOfMeasurePrice>2.49</UnitOfMeasurePrice>
      <AllowDiscount>1</AllowDiscount>
      <itemStatus>1</itemStatus>
      <LastUpdateDate />
      <LastUpdateTime />
    </Product>
    <Product>
      <PriceUpdateDate>2018/08/05 11:28</PriceUpdateDate>
      <ItemCode>7290000104744</ItemCode>
      <ItemType>1</ItemType>
      <ItemName>כרובית מוקפאת סנפרוסט (800 גרם)</ItemName>
      <ManufactureName>תנובה קפואים</ManufactureName>
      <ManufactureCountry />
      <ManufactureItemDescription />
      <UnitQty>יח`</UnitQty>
      <Quantity>8</Quantity>
      <UnitMeasure>100 גרם</UnitMeasure>
      <BisWeighted>0</BisWeighted>
      <QtyInPackage>1</QtyInPackage>
      <ItemPrice>25</ItemPrice>
      <UnitOfMeasurePrice>3.13</UnitOfMeasurePrice>
      <AllowDiscount>0</AllowDiscount>
      <itemStatus>1</itemStatus>
      <LastUpdateDate />
      <LastUpdateTime />
    </Product>
    <Product>
      <PriceUpdateDate>2018/04/24 09:29</PriceUpdateDate>
      <ItemCode>7290000104751</ItemCode>
      <ItemType>1</ItemType>
      <ItemName>כרוב ניצנים סנפרוסט (800 גרם)</ItemName>
      <ManufactureName>תנובה קפואים</ManufactureName>
      <ManufactureCountry />
      <ManufactureItemDescription />
      <UnitQty>יח`</UnitQty>
      <Quantity>8</Quantity>
      <UnitMeasure>100 גרם</UnitMeasure>
      <BisWeighted>0</BisWeighted>
      <QtyInPackage>1</QtyInPackage>
      <ItemPrice>25</ItemPrice>
      <UnitOfMeasurePrice>3.13</UnitOfMeasurePrice>
      <AllowDiscount>0</AllowDiscount>
      <itemStatus>1</itemStatus>
      <LastUpdateDate />
      <LastUpdateTime />
    </Product>
    <Product>
      <PriceUpdateDate>2019/01/07 10:57</PriceUpdateDate>
      <ItemCode>7290000104768</ItemCode>
      <ItemType>1</ItemType>
      <ItemName>עלי תרד סנפרוסט (800 גרם)</ItemName>
      <ManufactureName>תנובה קפואים</ManufactureName>
      <ManufactureCountry />
      <ManufactureItemDescription />
      <UnitQty>יח`</UnitQty>
      <Quantity>8</Quantity>
      <UnitMeasure>100 גרם</UnitMeasure>
      <BisWeighted>0</BisWeighted>
      <QtyInPackage>1</QtyInPackage>
      <ItemPrice>26</ItemPrice>
      <UnitOfMeasurePrice>3.25</UnitOfMeasurePrice>
      <AllowDiscount>1</AllowDiscount>
      <itemStatus>1</itemStatus>
      <LastUpdateDate />
      <LastUpdateTime />
    </Product>
    <Product>
      <PriceUpdateDate>2018/04/24 09:30</PriceUpdateDate>
      <ItemCode>7290000104775</ItemCode>
      <ItemType>1</ItemType>
      <ItemName>מדליוני תרד סנפרוסט (800 גרם)</ItemName>
      <ManufactureName>תנובה קפואים</ManufactureName>
      <ManufactureCountry />
      <ManufactureItemDescription />
      <UnitQty>יח`</UnitQty>
      <Quantity>8</Quantity>
      <UnitMeasure>100 גרם</UnitMeasure>
      <BisWeighted>0</BisWeighted>
      <QtyInPackage>1</QtyInPackage>
      <ItemPrice>26</ItemPrice>
      <UnitOfMeasurePrice>3.25</UnitOfMeasurePrice>
      <AllowDiscount>1</AllowDiscount>
      <itemStatus>1</itemStatus>
      <LastUpdateDate />
      <LastUpdateTime />
    </Product>
    <Product>
      <PriceUpdateDate>2018/08/05 11:28</PriceUpdateDate>
      <ItemCode>7290000104799</ItemCode>
      <ItemType>1</ItemType>
      <ItemName>שעועית לבנה מבושלת סנפרוסט (800 גרם)</ItemName>
      <ManufactureName>תנובה קפואים</ManufactureName>
      <ManufactureCountry />
      <ManufactureItemDescription />
      <UnitQty>יח`</UnitQty>
      <Quantity>8</Quantity>
      <UnitMeasure>100 גרם</UnitMeasure>
      <BisWeighted>0</BisWeighted>
      <QtyInPackage>1</QtyInPackage>
      <ItemPrice>19.90</ItemPrice>
      <UnitOfMeasurePrice>2.49</UnitOfMeasurePrice>
      <AllowDiscount>1</AllowDiscount>
      <itemStatus>1</itemStatus>
      <LastUpdateDate />
      <LastUpdateTime />
    </Product>
    <Product>
      <PriceUpdateDate>2018/08/05 11:28</PriceUpdateDate>
      <ItemCode>7290000104805</ItemCode>
      <ItemType>1</ItemType>
      <ItemName>גרגרי חומוס מבושלים סנפרוסט (800 גרם)</ItemName>
      <ManufactureName>תנובה קפואים</ManufactureName>
      <ManufactureCountry />
      <ManufactureItemDescription />
      <UnitQty>יח`</UnitQty>
      <Quantity>8</Quantity>
      <UnitMeasure>100 גרם</UnitMeasure>
      <BisWeighted>0</BisWeighted>
      <QtyInPackage>1</QtyInPackage>
      <ItemPrice>19.90</ItemPrice>
      <UnitOfMeasurePrice>2.49</UnitOfMeasurePrice>
      <AllowDiscount>1</AllowDiscount>
      <itemStatus>1</itemStatus>
      <LastUpdateDate />
      <LastUpdateTime />
    </Product>
    <Product>
      <PriceUpdateDate>2018/04/24 11:41</PriceUpdateDate>
      <ItemCode>7290000104836</ItemCode>
      <ItemType>1</ItemType>
      <ItemName>שעועית עדינה שלמה סנפרוסט (600 גרם)</ItemName>
      <ManufactureName>תנובה קפואים</ManufactureName>
      <ManufactureCountry />
      <ManufactureItemDescription />
      <UnitQty>יח`</UnitQty>
      <Quantity>6</Quantity>
      <UnitMeasure>100 גרם</UnitMeasure>
      <BisWeighted>0</BisWeighted>
      <QtyInPackage>1</QtyInPackage>
      <ItemPrice>22.90</ItemPrice>
      <UnitOfMeasurePrice>3.82</UnitOfMeasurePrice>
      <AllowDiscount>0</AllowDiscount>
      <itemStatus>1</itemStatus>
      <LastUpdateDate />
      <LastUpdateTime />
    </Product>
    <Product>
      <PriceUpdateDate>2018/07/25 10:20</PriceUpdateDate>
      <ItemCode>7290000104874</ItemCode>
      <ItemType>1</ItemType>
      <ItemName>לקט מוקפא לקוסקוס סנפרוסט (800 גרם)</ItemName>
      <ManufactureName>תנובה קפואים</ManufactureName>
      <ManufactureCountry />
      <ManufactureItemDescription />
      <UnitQty>יח`</UnitQty>
      <Quantity>8</Quantity>
      <UnitMeasure>100 גרם</UnitMeasure>
      <BisWeighted>0</BisWeighted>
      <QtyInPackage>1</QtyInPackage>
      <ItemPrice>23</ItemPrice>
      <UnitOfMeasurePrice>2.88</UnitOfMeasurePrice>
      <AllowDiscount>0</AllowDiscount>
      <itemStatus>1</itemStatus>
      <LastUpdateDate />
      <LastUpdateTime />
    </Product>
    <Product>
      <PriceUpdateDate>2018/04/24 09:30</PriceUpdateDate>
      <ItemCode>7290000104881</ItemCode>
      <ItemType>1</ItemType>
      <ItemName>לקט אפונה וגזר מוקפאים סנפרוסט (800 גרם)</ItemName>
      <ManufactureName>תנובה קפואים</ManufactureName>
      <ManufactureCountry />
      <ManufactureItemDescription />
      <UnitQty>יח`</UnitQty>
      <Quantity>8</Quantity>
      <UnitMeasure>100 גרם</UnitMeasure>
      <BisWeighted>0</BisWeighted>
      <QtyInPackage>1</QtyInPackage>
      <ItemPrice>16.90</ItemPrice>
      <UnitOfMeasurePrice>2.11</UnitOfMeasurePrice>
      <AllowDiscount>1</AllowDiscount>
      <itemStatus>1</itemStatus>
      <LastUpdateDate />
      <LastUpdateTime />
    </Product>
    <Product>
      <PriceUpdateDate>2018/07/25 10:20</PriceUpdateDate>
      <ItemCode>7290000104904</ItemCode>
      <ItemType>1</ItemType>
      <ItemName>לקט ירקות מעורבים 800  גר`סנפרוסט</ItemName>
      <ManufactureName>תנובה קפואים</ManufactureName>
      <ManufactureCountry />
      <ManufactureItemDescription />
      <UnitQty>יח`</UnitQty>
      <Quantity>8</Quantity>
      <UnitMeasure>100 גרם</UnitMeasure>
      <BisWeighted>0</BisWeighted>
      <QtyInPackage>1</QtyInPackage>
      <ItemPrice>23</ItemPrice>
      <UnitOfMeasurePrice>2.88</UnitOfMeasurePrice>
      <AllowDiscount>0</AllowDiscount>
      <itemStatus>1</itemStatus>
      <LastUpdateDate />
      <LastUpdateTime />
    </Product>
    <Product>
      <PriceUpdateDate>2019/10/29 08:41</PriceUpdateDate>
      <ItemCode>7290000104911</ItemCode>
      <ItemType>1</ItemType>
      <ItemName>לקט נורמנדי מוקפא סנפרוסט (800 גרם)</ItemName>
      <ManufactureName>תנובה קפואים</ManufactureName>
      <ManufactureCountry />
      <ManufactureItemDescription />
      <UnitQty>יח`</UnitQty>
      <Quantity>8</Quantity>
      <UnitMeasure>100 גרם</UnitMeasure>
      <BisWeighted>0</BisWeighted>
      <QtyInPackage>1</QtyInPackage>
      <ItemPrice>16.90</ItemPrice>
      <UnitOfMeasurePrice>2.11</UnitOfMeasurePrice>
      <AllowDiscount>1</AllowDiscount>
      <itemStatus>1</itemStatus>
      <LastUpdateDate />
      <LastUpdateTime />
    </Product>
    <Product>
      <PriceUpdateDate>2019/06/13 13:07</PriceUpdateDate>
      <ItemCode>7290000106526</ItemCode>
      <ItemType>1</ItemType>
      <ItemName>חגיגה ירוקה להקפצה 800 גר` סנפרוסט</ItemName>
      <ManufactureName>תנובה קפואים</ManufactureName>
      <ManufactureCountry />
      <ManufactureItemDescription />
      <UnitQty>יח`</UnitQty>
      <Quantity>8</Quantity>
      <UnitMeasure>100 גרם</UnitMeasure>
      <BisWeighted>0</BisWeighted>
      <QtyInPackage>1</QtyInPackage>
      <ItemPrice>24</ItemPrice>
      <UnitOfMeasurePrice>3</UnitOfMeasurePrice>
      <AllowDiscount>0</AllowDiscount>
      <itemStatus>1</itemStatus>
      <LastUpdateDate />
      <LastUpdateTime />
    </Product>
    <Product>
      <PriceUpdateDate>2019/06/21 07:03</PriceUpdateDate>
      <ItemCode>7290000106533</ItemCode>
      <ItemType>1</ItemType>
      <ItemName>קינואה עדשים וירקות 800 גר` סנפרוסט</ItemName>
      <ManufactureName>תנובה קפואים</ManufactureName>
      <ManufactureCountry />
      <ManufactureItemDescription />
      <UnitQty>יח`</UnitQty>
      <Quantity>8</Quantity>
      <UnitMeasure>100 גרם</UnitMeasure>
      <BisWeighted>0</BisWeighted>
      <QtyInPackage>1</QtyInPackage>
      <ItemPrice>23</ItemPrice>
      <UnitOfMeasurePrice>2.88</UnitOfMeasurePrice>
      <AllowDiscount>0</AllowDiscount>
      <itemStatus>1</itemStatus>
      <LastUpdateDate />
      <LastUpdateTime />
    </Product>
    <Product>
      <PriceUpdateDate>2018/04/24 09:30</PriceUpdateDate>
      <ItemCode>7290000107165</ItemCode>
      <ItemType>1</ItemType>
      <ItemName>חטיף סויה אדממה סנפרוסט (400 גרם)</ItemName>
      <ManufactureName>תנובה קפואים</ManufactureName>
      <ManufactureCountry />
      <ManufactureItemDescription />
      <UnitQty>יח`</UnitQty>
      <Quantity>4</Quantity>
      <UnitMeasure>100 גרם</UnitMeasure>
      <BisWeighted>0</BisWeighted>
      <QtyInPackage>1</QtyInPackage>
      <ItemPrice>14</ItemPrice>
      <UnitOfMeasurePrice>3.50</UnitOfMeasurePrice>
      <AllowDiscount>0</AllowDiscount>
      <itemStatus>1</itemStatus>
      <LastUpdateDate />
      <LastUpdateTime />
    </Product>
    <Product>
      <PriceUpdateDate>2018/08/05 11:28</PriceUpdateDate>
      <ItemCode>7290000107189</ItemCode>
      <ItemType>1</ItemType>
      <ItemName>תחתיות ארטישוק סנפרוסט (400 גרם)</ItemName>
      <ManufactureName>תנובה קפואים</ManufactureName>
      <ManufactureCountry />
      <ManufactureItemDescription />
      <UnitQty>יח`</UnitQty>
      <Quantity>4</Quantity>
      <UnitMeasure>100 גרם</UnitMeasure>
      <BisWeighted>0</BisWeighted>
      <QtyInPackage>1</QtyInPackage>
      <ItemPrice>22.90</ItemPrice>
      <UnitOfMeasurePrice>5.73</UnitOfMeasurePrice>
      <AllowDiscount>1</AllowDiscount>
      <itemStatus>1</itemStatus>
      <LastUpdateDate />
      <LastUpdateTime />
    </Product>
    <Product>
      <PriceUpdateDate>2019/03/15 08:52</PriceUpdateDate>
      <ItemCode>7290000107295</ItemCode>
      <ItemType>1</ItemType>
      <ItemName>ברוקולי סנפרוסט (800 גרם)</ItemName>
      <ManufactureName>תנובה קפואים</ManufactureName>
      <ManufactureCountry />
      <ManufactureItemDescription />
      <UnitQty>יח`</UnitQty>
      <Quantity>8</Quantity>
      <UnitMeasure>100 גרם</UnitMeasure>
      <BisWeighted>0</BisWeighted>
      <QtyInPackage>1</QtyInPackage>
      <ItemPrice>24.90</ItemPrice>
      <UnitOfMeasurePrice>3.11</UnitOfMeasurePrice>
      <AllowDiscount>1</AllowDiscount>
      <itemStatus>1</itemStatus>
      <LastUpdateDate />
      <LastUpdateTime />
    </Product>
    <Product>
      <PriceUpdateDate>2019/06/21 07:03</PriceUpdateDate>
      <ItemCode>7290000107615</ItemCode>
      <ItemType>1</ItemType>
      <ItemName>מנה אסייטית צבעונית ועשירה 800 גר` סנפרו</ItemName>
      <ManufactureName>תנובה קפואים</ManufactureName>
      <ManufactureCountry />
      <ManufactureItemDescription />
      <UnitQty>יח`</UnitQty>
      <Quantity>8</Quantity>
      <UnitMeasure>100 גרם</UnitMeasure>
      <BisWeighted>0</BisWeighted>
      <QtyInPackage>1</QtyInPackage>
      <ItemPrice>23</ItemPrice>
      <UnitOfMeasurePrice>2.88</UnitOfMeasurePrice>
      <AllowDiscount>0</AllowDiscount>
      <itemStatus>1</itemStatus>
      <LastUpdateDate />
      <LastUpdateTime />
    </Product>
    <Product>
      <PriceUpdateDate>2019/06/21 07:03</PriceUpdateDate>
      <ItemCode>7290000107622</ItemCode>
      <ItemType>1</ItemType>
      <ItemName>פסטה וירקות אל איטליה 800 גר` סנפרוסט</ItemName>
      <ManufactureName>תנובה קפואים</ManufactureName>
      <ManufactureCountry />
      <ManufactureItemDescription />
      <UnitQty>יח`</UnitQty>
      <Quantity>8</Quantity>
      <UnitMeasure>100 גרם</UnitMeasure>
      <BisWeighted>0</BisWeighted>
      <QtyInPackage>1</QtyInPackage>
      <ItemPrice>23</ItemPrice>
      <UnitOfMeasurePrice>2.88</UnitOfMeasurePrice>
      <AllowDiscount>0</AllowDiscount>
      <itemStatus>1</itemStatus>
      <LastUpdateDate />
      <LastUpdateTime />
    </Product>
    <Product>
      <PriceUpdateDate>2018/07/08 11:12</PriceUpdateDate>
      <ItemCode>7290000110844</ItemCode>
      <ItemType>1</ItemType>
      <ItemName>כיפלי 70 גר` גריל</ItemName>
      <ManufactureName>יוניליוור ישראל שיווק בעמ</ManufactureName>
      <ManufactureCountry />
      <ManufactureItemDescription />
      <UnitQty>יח`</UnitQty>
      <Quantity>0.70</Quantity>
      <UnitMeasure>100 גרם</UnitMeasure>
      <BisWeighted>0</BisWeighted>
      <QtyInPackage>1</QtyInPackage>
      <ItemPrice>5.90</ItemPrice>
      <UnitOfMeasurePrice>8.43</UnitOfMeasurePrice>
      <AllowDiscount>1</AllowDiscount>
      <itemStatus>1</itemStatus>
      <LastUpdateDate />
      <LastUpdateTime />
    </Product>
    <Product>
      <PriceUpdateDate>2019/11/25 10:11</PriceUpdateDate>
      <ItemCode>7290000110851</ItemCode>
      <ItemType>1</ItemType>
      <ItemName>כיפלי חטיף בטעם בצל מהדרין תלמה (70 גרם)</ItemName>
      <ManufactureName>יוניליוור ישראל שיווק בעמ</ManufactureName>
      <ManufactureCountry />
      <ManufactureItemDescription />
      <UnitQty>יח`</UnitQty>
      <Quantity>0.70</Quantity>
      <UnitMeasure>100 גרם</UnitMeasure>
      <BisWeighted>0</BisWeighted>
      <QtyInPackage>1</QtyInPackage>
      <ItemPrice>5.90</ItemPrice>
      <UnitOfMeasurePrice>8.43</UnitOfMeasurePrice>
      <AllowDiscount>1</AllowDiscount>
      <itemStatus>1</itemStatus>
      <LastUpdateDate />
      <LastUpdateTime />
    </Product>
    <Product>
      <PriceUpdateDate>2018/04/24 11:40</PriceUpdateDate>
      <ItemCode>7290000111063</ItemCode>
      <ItemType>1</ItemType>
      <ItemName>מיונז אמיתי תלמה (250 גרם)</ItemName>
      <ManufactureName>יוניליוור ישראל שיווק בעמ</ManufactureName>
      <ManufactureCountry />
      <ManufactureItemDescription />
      <UnitQty>יח`</UnitQty>
      <Quantity>2.50</Quantity>
      <UnitMeasure>100 גרם</UnitMeasure>
      <BisWeighted>0</BisWeighted>
      <QtyInPackage>1</QtyInPackage>
      <ItemPrice>5.90</ItemPrice>
      <UnitOfMeasurePrice>2.36</UnitOfMeasurePrice>
      <AllowDiscount>0</AllowDiscount>
      <itemStatus>1</itemStatus>
      <LastUpdateDate />
      <LastUpdateTime />
    </Product>
    <Product>
      <PriceUpdateDate>2019/08/18 14:58</PriceUpdateDate>
      <ItemCode>7290000111117</ItemCode>
      <ItemType>1</ItemType>
      <ItemName>מרכך כביסה לבן בדין (4 ליטר)</ItemName>
      <ManufactureName>יוניליוור ישראל שיווק בעמ</ManufactureName>
      <ManufactureCountry />
      <ManufactureItemDescription />
      <UnitQty>יח`</UnitQty>
      <Quantity>4</Quantity>
      <UnitMeasure>1 ליטר</UnitMeasure>
      <BisWeighted>0</BisWeighted>
      <QtyInPackage>1</QtyInPackage>
      <ItemPrice>19.90</ItemPrice>
      <UnitOfMeasurePrice>4.98</UnitOfMeasurePrice>
      <AllowDiscount>0</AllowDiscount>
      <itemStatus>1</itemStatus>
      <LastUpdateDate />
      <LastUpdateTime />
    </Product>
    <Product>
      <PriceUpdateDate>2019/07/17 13:07</PriceUpdateDate>
      <ItemCode>7290000111186</ItemCode>
      <ItemType>1</ItemType>
      <ItemName>מיונז אמיתי תלמה (500 גרם)</ItemName>
      <ManufactureName>יוניליוור ישראל שיווק בעמ</ManufactureName>
      <ManufactureCountry />
      <ManufactureItemDescription />
      <UnitQty>יח`</UnitQty>
      <Quantity>5</Quantity>
      <UnitMeasure>100 גרם</UnitMeasure>
      <BisWeighted>0</BisWeighted>
      <QtyInPackage>1</QtyInPackage>
      <ItemPrice>9.90</ItemPrice>
      <UnitOfMeasurePrice>1.98</UnitOfMeasurePrice>
      <AllowDiscount>0</AllowDiscount>
      <itemStatus>1</itemStatus>
      <LastUpdateDate />
      <LastUpdateTime />
    </Product>
    <Product>
      <PriceUpdateDate>2019/08/07 13:27</PriceUpdateDate>
      <ItemCode>7290000111353</ItemCode>
      <ItemType>1</ItemType>
      <ItemName>מיונז אמיתי תלמה (1 קג)</ItemName>
      <ManufactureName>יוניליוור ישראל שיווק בעמ</ManufactureName>
      <ManufactureCountry />
      <ManufactureItemDescription />
      <UnitQty>יח`</UnitQty>
      <Quantity>1</Quantity>
      <UnitMeasure>ק"ג</UnitMeasure>
      <BisWeighted>0</BisWeighted>
      <QtyInPackage>1</QtyInPackage>
      <ItemPrice>17.90</ItemPrice>
      <UnitOfMeasurePrice>17.90</UnitOfMeasurePrice>
      <AllowDiscount>0</AllowDiscount>
      <itemStatus>1</itemStatus>
      <LastUpdateDate />
      <LastUpdateTime />
    </Product>
    <Product>
      <PriceUpdateDate>2018/04/24 09:19</PriceUpdateDate>
      <ItemCode>7290000111360</ItemCode>
      <ItemType>1</ItemType>
      <ItemName>חרדל אמיתי תלמה (250 גרם)</ItemName>
      <ManufactureName>יוניליוור ישראל שיווק בעמ</ManufactureName>
      <ManufactureCountry />
      <ManufactureItemDescription />
      <UnitQty>יח`</UnitQty>
      <Quantity>2.50</Quantity>
      <UnitMeasure>100 גרם</UnitMeasure>
      <BisWeighted>0</BisWeighted>
      <QtyInPackage>1</QtyInPackage>
      <ItemPrice>6.90</ItemPrice>
      <UnitOfMeasurePrice>2.76</UnitOfMeasurePrice>
      <AllowDiscount>0</AllowDiscount>
      <itemStatus>1</itemStatus>
      <LastUpdateDate />
      <LastUpdateTime />
    </Product>
    <Product>
      <PriceUpdateDate>2019/01/07 10:57</PriceUpdateDate>
      <ItemCode>7290000111384</ItemCode>
      <ItemType>1</ItemType>
      <ItemName>חרדל אמיתי תלמה (550 גרם)</ItemName>
      <ManufactureName>יוניליוור ישראל שיווק בעמ</ManufactureName>
      <ManufactureCountry />
      <ManufactureItemDescription />
      <UnitQty>יח`</UnitQty>
      <Quantity>5.50</Quantity>
      <UnitMeasure>100 גרם</UnitMeasure>
      <BisWeighted>0</BisWeighted>
      <QtyInPackage>1</QtyInPackage>
      <ItemPrice>9.90</ItemPrice>
      <UnitOfMeasurePrice>1.80</UnitOfMeasurePrice>
      <AllowDiscount>0</AllowDiscount>
      <itemStatus>1</itemStatus>
      <LastUpdateDate />
      <LastUpdateTime />
    </Product>
    <Product>
      <PriceUpdateDate>2019/01/07 10:57</PriceUpdateDate>
      <ItemCode>7290000112503</ItemCode>
      <ItemType>1</ItemType>
      <ItemName>מרק עשיר ירקות קנור (61 גרם)</ItemName>
      <ManufactureName>יוניליוור ישראל שיווק בעמ</ManufactureName>
      <ManufactureCountry />
      <ManufactureItemDescription />
      <UnitQty>יח`</UnitQty>
      <Quantity>0.69</Quantity>
      <UnitMeasure>100 גרם</UnitMeasure>
      <BisWeighted>0</BisWeighted>
      <QtyInPackage>1</QtyInPackage>
      <ItemPrice>9.90</ItemPrice>
      <UnitOfMeasurePrice>14.35</UnitOfMeasurePrice>
      <AllowDiscount>0</AllowDiscount>
      <itemStatus>1</itemStatus>
      <LastUpdateDate />
      <LastUpdateTime />
    </Product>
    <Product>
      <PriceUpdateDate>2018/08/05 11:28</PriceUpdateDate>
      <ItemCode>7290000112619</ItemCode>
      <ItemType>1</ItemType>
      <ItemName>מרק עוף אמיתי בשרי קנור (400 גרם)</ItemName>
      <ManufactureName>יוניליוור ישראל שיווק בעמ</ManufactureName>
      <ManufactureCountry />
      <ManufactureItemDescription />
      <UnitQty>יח`</UnitQty>
      <Quantity>4</Quantity>
      <UnitMeasure>100 גרם</UnitMeasure>
      <BisWeighted>0</BisWeighted>
      <QtyInPackage>1</QtyInPackage>
      <ItemPrice>25.90</ItemPrice>
      <UnitOfMeasurePrice>6.48</UnitOfMeasurePrice>
      <AllowDiscount>1</AllowDiscount>
      <itemStatus>1</itemStatus>
      <LastUpdateDate />
      <LastUpdateTime />
    </Product>
    <Product>
      <PriceUpdateDate>2018/04/24 09:19</PriceUpdateDate>
      <ItemCode>7290000113203</ItemCode>
      <ItemType>1</ItemType>
      <ItemName>כיפלי צ`יפסים קטשופ תלמה (50 גרם)</ItemName>
      <ManufactureName>יוניליוור ישראל שיווק בעמ</ManufactureName>
      <ManufactureCountry />
      <ManufactureItemDescription />
      <UnitQty>יח`</UnitQty>
      <Quantity>0.50</Quantity>
      <UnitMeasure>100 גרם</UnitMeasure>
      <BisWeighted>0</BisWeighted>
      <QtyInPackage>1</QtyInPackage>
      <ItemPrice>5.90</ItemPrice>
      <UnitOfMeasurePrice>11.80</UnitOfMeasurePrice>
      <AllowDiscount>1</AllowDiscount>
      <itemStatus>1</itemStatus>
      <LastUpdateDate />
      <LastUpdateTime />
    </Product>
    <Product>
      <PriceUpdateDate>2018/04/24 09:19</PriceUpdateDate>
      <ItemCode>7290000114255</ItemCode>
      <ItemType>1</ItemType>
      <ItemName>שיבולת שועל תלמה (500 גרם)</ItemName>
      <ManufactureName>יוניליוור ישראל שיווק בעמ</ManufactureName>
      <ManufactureCountry />
      <ManufactureItemDescription />
      <UnitQty>יח`</UnitQty>
      <Quantity>5</Quantity>
      <UnitMeasure>100 גרם</UnitMeasure>
      <BisWeighted>0</BisWeighted>
      <QtyInPackage>1</QtyInPackage>
      <ItemPrice>13.90</ItemPrice>
      <UnitOfMeasurePrice>2.78</UnitOfMeasurePrice>
      <AllowDiscount>1</AllowDiscount>
      <itemStatus>1</itemStatus>
      <LastUpdateDate />
      <LastUpdateTime />
    </Product>
    <Product>
      <PriceUpdateDate>2018/08/05 11:28</PriceUpdateDate>
      <ItemCode>7290000116204</ItemCode>
      <ItemType>1</ItemType>
      <ItemName>מרק דגש זך טעם עוף קנור (1 קג)</ItemName>
      <ManufactureName>יוניליוור ישראל שיווק בעמ</ManufactureName>
      <ManufactureCountry />
      <ManufactureItemDescription />
      <UnitQty>יח`</UnitQty>
      <Quantity>10</Quantity>
      <UnitMeasure>100 גרם</UnitMeasure>
      <BisWeighted>0</BisWeighted>
      <QtyInPackage>1</QtyInPackage>
      <ItemPrice>17.90</ItemPrice>
      <UnitOfMeasurePrice>1.79</UnitOfMeasurePrice>
      <AllowDiscount>1</AllowDiscount>
      <itemStatus>1</itemStatus>
      <LastUpdateDate />
      <LastUpdateTime />
    </Product>
    <Product>
      <PriceUpdateDate>2018/04/24 09:22</PriceUpdateDate>
      <ItemCode>7290000116884</ItemCode>
      <ItemType>1</ItemType>
      <ItemName>רוטב ברביקיו קנור (300 מל)</ItemName>
      <ManufactureName>יוניליוור ישראל שיווק בעמ</ManufactureName>
      <ManufactureCountry />
      <ManufactureItemDescription />
      <UnitQty>יח`</UnitQty>
      <Quantity>2</Quantity>
      <UnitMeasure>100 מ"ל</UnitMeasure>
      <BisWeighted>0</BisWeighted>
      <QtyInPackage>1</QtyInPackage>
      <ItemPrice>12.90</ItemPrice>
      <UnitOfMeasurePrice>6.45</UnitOfMeasurePrice>
      <AllowDiscount>1</AllowDiscount>
      <itemStatus>1</itemStatus>
      <LastUpdateDate />
      <LastUpdateTime />
    </Product>
    <Product>
      <PriceUpdateDate>2018/04/24 09:22</PriceUpdateDate>
      <ItemCode>7290000116945</ItemCode>
      <ItemType>1</ItemType>
      <ItemName>רוטב סויה קלאסי קנור (300 מל)</ItemName>
      <ManufactureName>יוניליוור ישראל שיווק בעמ</ManufactureName>
      <ManufactureCountry />
      <ManufactureItemDescription />
      <UnitQty>יח`</UnitQty>
      <Quantity>3</Quantity>
      <UnitMeasure>100 מ"ל</UnitMeasure>
      <BisWeighted>0</BisWeighted>
      <QtyInPackage>1</QtyInPackage>
      <ItemPrice>13.90</ItemPrice>
      <UnitOfMeasurePrice>4.63</UnitOfMeasurePrice>
      <AllowDiscount>0</AllowDiscount>
      <itemStatus>1</itemStatus>
      <LastUpdateDate />
      <LastUpdateTime />
    </Product>
    <Product>
      <PriceUpdateDate>2018/04/24 09:22</PriceUpdateDate>
      <ItemCode>7290000117171</ItemCode>
      <ItemType>1</ItemType>
      <ItemName>נמס בכוס מרק עוף דל קל</ItemName>
      <ManufactureName>יוניליוור ישראל שיווק בעמ</ManufactureName>
      <ManufactureCountry />
      <ManufactureItemDescription />
      <UnitQty>יח`</UnitQty>
      <Quantity>0.46</Quantity>
      <UnitMeasure>100 גרם</UnitMeasure>
      <BisWeighted>0</BisWeighted>
      <QtyInPackage>1</QtyInPackage>
      <ItemPrice>6.90</ItemPrice>
      <UnitOfMeasurePrice>15</UnitOfMeasurePrice>
      <AllowDiscount>0</AllowDiscount>
      <itemStatus>1</itemStatus>
      <LastUpdateDate />
      <LastUpdateTime />
    </Product>
    <Product>
      <PriceUpdateDate>2018/04/24 11:23</PriceUpdateDate>
      <ItemCode>7290000117720</ItemCode>
      <ItemType>1</ItemType>
      <ItemName>מרק נמס בכוס פטריות קנור (21.5x2 גרם)</ItemName>
      <ManufactureName>יוניליוור ישראל שיווק בעמ</ManufactureName>
      <ManufactureCountry />
      <ManufactureItemDescription />
      <UnitQty>יח`</UnitQty>
      <Quantity>0.43</Quantity>
      <UnitMeasure>100 גרם</UnitMeasure>
      <BisWeighted>0</BisWeighted>
      <QtyInPackage>1</QtyInPackage>
      <ItemPrice>6.90</ItemPrice>
      <UnitOfMeasurePrice>16.05</UnitOfMeasurePrice>
      <AllowDiscount>0</AllowDiscount>
      <itemStatus>1</itemStatus>
      <LastUpdateDate />
      <LastUpdateTime />
    </Product>
    <Product>
      <PriceUpdateDate>2020/03/29 15:09</PriceUpdateDate>
      <ItemCode>7290000118277</ItemCode>
      <ItemType>1</ItemType>
      <ItemName>אבקה לקניידלך קנור (2 יח` - 130 גרם)</ItemName>
      <ManufactureName>יוניליוור ישראל שיווק בעמ</ManufactureName>
      <ManufactureCountry />
      <ManufactureItemDescription />
      <UnitQty>יח`</UnitQty>
      <Quantity>1.30</Quantity>
      <UnitMeasure>100 גרם</UnitMeasure>
      <BisWeighted>0</BisWeighted>
      <QtyInPackage>1</QtyInPackage>
      <ItemPrice>12.90</ItemPrice>
      <UnitOfMeasurePrice>9.92</UnitOfMeasurePrice>
      <AllowDiscount>0</AllowDiscount>
      <itemStatus>1</itemStatus>
      <LastUpdateDate />
      <LastUpdateTime />
    </Product>
    <Product>
      <PriceUpdateDate>2018/04/24 09:32</PriceUpdateDate>
      <ItemCode>7290000118307</ItemCode>
      <ItemType>1</ItemType>
      <ItemName>אבקת להכנת סחלב תלמה (56x2 גרם)</ItemName>
      <ManufactureName>יוניליוור ישראל שיווק בעמ</ManufactureName>
      <ManufactureCountry />
      <ManufactureItemDescription />
      <UnitQty>יח`</UnitQty>
      <Quantity>1.12</Quantity>
      <UnitMeasure>100 גרם</UnitMeasure>
      <BisWeighted>0</BisWeighted>
      <QtyInPackage>1</QtyInPackage>
      <ItemPrice>13.90</ItemPrice>
      <UnitOfMeasurePrice>12.41</UnitOfMeasurePrice>
      <AllowDiscount>0</AllowDiscount>
      <itemStatus>1</itemStatus>
      <LastUpdateDate />
      <LastUpdateTime />
    </Product>
    <Product>
      <PriceUpdateDate>2019/04/11 10:04</PriceUpdateDate>
      <ItemCode>7290000120836</ItemCode>
      <ItemType>1</ItemType>
      <ItemName>מיונז אמיתי הלמנס (394 גרם)</ItemName>
      <ManufactureName>יוניליוור ישראל שיווק בעמ</ManufactureName>
      <ManufactureCountry />
      <ManufactureItemDescription />
      <UnitQty>יח`</UnitQty>
      <Quantity>4.33</Quantity>
      <UnitMeasure>100 גרם</UnitMeasure>
      <BisWeighted>0</BisWeighted>
      <QtyInPackage>1</QtyInPackage>
      <ItemPrice>12.90</ItemPrice>
      <UnitOfMeasurePrice>2.98</UnitOfMeasurePrice>
      <AllowDiscount>1</AllowDiscount>
      <itemStatus>1</itemStatus>
      <LastUpdateDate />
      <LastUpdateTime />
    </Product>
    <Product>
      <PriceUpdateDate>2019/04/11 10:04</PriceUpdateDate>
      <ItemCode>7290000120874</ItemCode>
      <ItemType>1</ItemType>
      <ItemName>מיונז לייט הלמנס (424 גרם)</ItemName>
      <ManufactureName>יוניליוור ישראל שיווק בעמ</ManufactureName>
      <ManufactureCountry />
      <ManufactureItemDescription />
      <UnitQty>יח`</UnitQty>
      <Quantity>4.76</Quantity>
      <UnitMeasure>100 גרם</UnitMeasure>
      <BisWeighted>0</BisWeighted>
      <QtyInPackage>1</QtyInPackage>
      <ItemPrice>12.90</ItemPrice>
      <UnitOfMeasurePrice>2.71</UnitOfMeasurePrice>
      <AllowDiscount>1</AllowDiscount>
      <itemStatus>1</itemStatus>
      <LastUpdateDate />
      <LastUpdateTime />
    </Product>
    <Product>
      <PriceUpdateDate>2018/07/25 08:51</PriceUpdateDate>
      <ItemCode>7290000121093</ItemCode>
      <ItemType>1</ItemType>
      <ItemName>מון בלאן שויצרית</ItemName>
      <ManufactureName>נטו מלינדה סחר בעמ</ManufactureName>
      <ManufactureCountry />
      <ManufactureItemDescription />
      <UnitQty>יח`</UnitQty>
      <Quantity>1.20</Quantity>
      <UnitMeasure>100 גרם</UnitMeasure>
      <BisWeighted>0</BisWeighted>
      <QtyInPackage>1</QtyInPackage>
      <ItemPrice>11.60</ItemPrice>
      <UnitOfMeasurePrice>9.67</UnitOfMeasurePrice>
      <AllowDiscount>1</AllowDiscount>
      <itemStatus>1</itemStatus>
      <LastUpdateDate />
      <LastUpdateTime />
    </Product>
    <Product>
      <PriceUpdateDate>2018/04/24 09:34</PriceUpdateDate>
      <ItemCode>7290000122687</ItemCode>
      <ItemType>1</ItemType>
      <ItemName>סירופ בטעם שוקולד אפיכל (600 גרם)</ItemName>
      <ManufactureName>יוניליוור ישראל שיווק בעמ</ManufactureName>
      <ManufactureCountry />
      <ManufactureItemDescription />
      <UnitQty>יח`</UnitQty>
      <Quantity>6</Quantity>
      <UnitMeasure>100 מ"ל</UnitMeasure>
      <BisWeighted>0</BisWeighted>
      <QtyInPackage>1</QtyInPackage>
      <ItemPrice>14.90</ItemPrice>
      <UnitOfMeasurePrice>2.48</UnitOfMeasurePrice>
      <AllowDiscount>0</AllowDiscount>
      <itemStatus>1</itemStatus>
      <LastUpdateDate />
      <LastUpdateTime />
    </Product>
    <Product>
      <PriceUpdateDate>2018/04/24 09:37</PriceUpdateDate>
      <ItemCode>7290000129099</ItemCode>
      <ItemType>1</ItemType>
      <ItemName>תיבולית עישבי תיבול קנור</ItemName>
      <ManufactureName>יוניליוור ישראל שיווק בעמ</ManufactureName>
      <ManufactureCountry />
      <ManufactureItemDescription />
      <UnitQty>יח`</UnitQty>
      <Quantity>0.72</Quantity>
      <UnitMeasure>100 גרם</UnitMeasure>
      <BisWeighted>0</BisWeighted>
      <QtyInPackage>1</QtyInPackage>
      <ItemPrice>9.90</ItemPrice>
      <UnitOfMeasurePrice>13.75</UnitOfMeasurePrice>
      <AllowDiscount>1</AllowDiscount>
      <itemStatus>1</itemStatus>
      <LastUpdateDate />
      <LastUpdateTime />
    </Product>
    <Product>
      <PriceUpdateDate>2018/04/24 11:26</PriceUpdateDate>
      <ItemCode>7290000129457</ItemCode>
      <ItemType>1</ItemType>
      <ItemName>רוטב פטריות קנור (28 גרם)</ItemName>
      <ManufactureName>יוניליוור ישראל שיווק בעמ</ManufactureName>
      <ManufactureCountry />
      <ManufactureItemDescription />
      <UnitQty>יח`</UnitQty>
      <Quantity>0.28</Quantity>
      <UnitMeasure>100 גרם</UnitMeasure>
      <BisWeighted>0</BisWeighted>
      <QtyInPackage>1</QtyInPackage>
      <ItemPrice>4.90</ItemPrice>
      <UnitOfMeasurePrice>17.50</UnitOfMeasurePrice>
      <AllowDiscount>0</AllowDiscount>
      <itemStatus>1</itemStatus>
      <LastUpdateDate />
      <LastUpdateTime />
    </Product>
    <Product>
      <PriceUpdateDate>2019/08/18 14:58</PriceUpdateDate>
      <ItemCode>7290000129785</ItemCode>
      <ItemType>1</ItemType>
      <ItemName>מרכך כביסה ירוק בדין (4 ליטר)</ItemName>
      <ManufactureName>יוניליוור ישראל שיווק בעמ</ManufactureName>
      <ManufactureCountry />
      <ManufactureItemDescription />
      <UnitQty>יח`</UnitQty>
      <Quantity>4</Quantity>
      <UnitMeasure>1 ליטר</UnitMeasure>
      <BisWeighted>0</BisWeighted>
      <QtyInPackage>1</QtyInPackage>
      <ItemPrice>19.90</ItemPrice>
      <UnitOfMeasurePrice>4.98</UnitOfMeasurePrice>
      <AllowDiscount>0</AllowDiscount>
      <itemStatus>1</itemStatus>
      <LastUpdateDate />
      <LastUpdateTime />
    </Product>
    <Product>
      <PriceUpdateDate>2018/07/08 11:12</PriceUpdateDate>
      <ItemCode>7290000133645</ItemCode>
      <ItemType>1</ItemType>
      <ItemName>מש.שיניים אורביטול שלישיה</ItemName>
      <ManufactureName>החברה הדרומית לשיווק בעמ</ManufactureName>
      <ManufactureCountry />
      <ManufactureItemDescription />
      <UnitQty>יח`</UnitQty>
      <Quantity>4.35</Quantity>
      <UnitMeasure>100 גרם</UnitMeasure>
      <BisWeighted>0</BisWeighted>
      <QtyInPackage>1</QtyInPackage>
      <ItemPrice>19.90</ItemPrice>
      <UnitOfMeasurePrice>4.57</UnitOfMeasurePrice>
      <AllowDiscount>1</AllowDiscount>
      <itemStatus>1</itemStatus>
      <LastUpdateDate />
      <LastUpdateTime />
    </Product>
    <Product>
      <PriceUpdateDate>2018/04/24 13:19</PriceUpdateDate>
      <ItemCode>7290000134307</ItemCode>
      <ItemType>1</ItemType>
      <ItemName>קינמון טחון 50 גר`</ItemName>
      <ManufactureName>תבליני טעם וריח בעמ</ManufactureName>
      <ManufactureCountry />
      <ManufactureItemDescription />
      <UnitQty>יח`</UnitQty>
      <Quantity>0.50</Quantity>
      <UnitMeasure>100 גרם</UnitMeasure>
      <BisWeighted>0</BisWeighted>
      <QtyInPackage>1</QtyInPackage>
      <ItemPrice>5.90</ItemPrice>
      <UnitOfMeasurePrice>11.80</UnitOfMeasurePrice>
      <AllowDiscount>1</AllowDiscount>
      <itemStatus>1</itemStatus>
      <LastUpdateDate />
      <LastUpdateTime />
    </Product>
    <Product>
      <PriceUpdateDate>2018/04/24 12:54</PriceUpdateDate>
      <ItemCode>7290000134314</ItemCode>
      <ItemType>1</ItemType>
      <ItemName>תיבול לפיצה 120 גר`</ItemName>
      <ManufactureName>תבליני טעם וריח בעמ</ManufactureName>
      <ManufactureCountry />
      <ManufactureItemDescription />
      <UnitQty>יח`</UnitQty>
      <Quantity>1.20</Quantity>
      <UnitMeasure>100 גרם</UnitMeasure>
      <BisWeighted>0</BisWeighted>
      <QtyInPackage>1</QtyInPackage>
      <ItemPrice>8.90</ItemPrice>
      <UnitOfMeasurePrice>7.42</UnitOfMeasurePrice>
      <AllowDiscount>0</AllowDiscount>
      <itemStatus>1</itemStatus>
      <LastUpdateDate />
      <LastUpdateTime />
    </Product>
    <Product>
      <PriceUpdateDate>2018/04/24 13:19</PriceUpdateDate>
      <ItemCode>7290000134338</ItemCode>
      <ItemType>1</ItemType>
      <ItemName>שום אבקה 90 גר`</ItemName>
      <ManufactureName>תבליני טעם וריח בעמ</ManufactureName>
      <ManufactureCountry />
      <ManufactureItemDescription />
      <UnitQty>יח`</UnitQty>
      <Quantity>0.90</Quantity>
      <UnitMeasure>100 גרם</UnitMeasure>
      <BisWeighted>0</BisWeighted>
      <QtyInPackage>1</QtyInPackage>
      <ItemPrice>8.90</ItemPrice>
      <UnitOfMeasurePrice>9.89</UnitOfMeasurePrice>
      <AllowDiscount>0</AllowDiscount>
      <itemStatus>1</itemStatus>
      <LastUpdateDate />
      <LastUpdateTime />
    </Product>
    <Product>
      <PriceUpdateDate>2018/04/24 12:54</PriceUpdateDate>
      <ItemCode>7290000134352</ItemCode>
      <ItemType>1</ItemType>
      <ItemName>קינמון טחון 90 גר`</ItemName>
      <ManufactureName>תבליני טעם וריח בעמ</ManufactureName>
      <ManufactureCountry />
      <ManufactureItemDescription />
      <UnitQty>יח`</UnitQty>
      <Quantity>0.90</Quantity>
      <UnitMeasure>100 גרם</UnitMeasure>
      <BisWeighted>0</BisWeighted>
      <QtyInPackage>1</QtyInPackage>
      <ItemPrice>8.90</ItemPrice>
      <UnitOfMeasurePrice>9.89</UnitOfMeasurePrice>
      <AllowDiscount>0</AllowDiscount>
      <itemStatus>1</itemStatus>
      <LastUpdateDate />
      <LastUpdateTime />
    </Product>
    <Product>
      <PriceUpdateDate>2018/04/24 13:19</PriceUpdateDate>
      <ItemCode>7290000134376</ItemCode>
      <ItemType>1</ItemType>
      <ItemName>פפריקה בשמן 90 גר`</ItemName>
      <ManufactureName>תבליני טעם וריח בעמ</ManufactureName>
      <ManufactureCountry />
      <ManufactureItemDescription />
      <UnitQty>יח`</UnitQty>
      <Quantity>0.90</Quantity>
      <UnitMeasure>100 גרם</UnitMeasure>
      <BisWeighted>0</BisWeighted>
      <QtyInPackage>1</QtyInPackage>
      <ItemPrice>8.90</ItemPrice>
      <UnitOfMeasurePrice>9.89</UnitOfMeasurePrice>
      <AllowDiscount>0</AllowDiscount>
      <itemStatus>1</itemStatus>
      <LastUpdateDate />
      <LastUpdateTime />
    </Product>
    <Product>
      <PriceUpdateDate>2018/04/24 13:19</PriceUpdateDate>
      <ItemCode>7290000134666</ItemCode>
      <ItemType>1</ItemType>
      <ItemName>רוזמרין 15 גר`</ItemName>
      <ManufactureName>תבליני טעם וריח בעמ</ManufactureName>
      <ManufactureCountry />
      <ManufactureItemDescription />
      <UnitQty>יח`</UnitQty>
      <Quantity>0.15</Quantity>
      <UnitMeasure>100 גרם</UnitMeasure>
      <BisWeighted>0</BisWeighted>
      <QtyInPackage>1</QtyInPackage>
      <ItemPrice>5.90</ItemPrice>
      <UnitOfMeasurePrice>39.33</UnitOfMeasurePrice>
      <AllowDiscount>0</AllowDiscount>
      <itemStatus>1</itemStatus>
      <LastUpdateDate />
      <LastUpdateTime />
    </Product>
    <Product>
      <PriceUpdateDate>2018/04/24 13:19</PriceUpdateDate>
      <ItemCode>7290000134680</ItemCode>
      <ItemType>1</ItemType>
      <ItemName>קימל שלם 40 גר`</ItemName>
      <ManufactureName>תבליני טעם וריח בעמ</ManufactureName>
      <ManufactureCountry />
      <ManufactureItemDescription />
      <UnitQty>יח`</UnitQty>
      <Quantity>0.40</Quantity>
      <UnitMeasure>100 גרם</UnitMeasure>
      <BisWeighted>0</BisWeighted>
      <QtyInPackage>1</QtyInPackage>
      <ItemPrice>5.90</ItemPrice>
      <UnitOfMeasurePrice>14.75</UnitOfMeasurePrice>
      <AllowDiscount>0</AllowDiscount>
      <itemStatus>1</itemStatus>
      <LastUpdateDate />
      <LastUpdateTime />
    </Product>
    <Product>
      <PriceUpdateDate>2018/04/24 12:54</PriceUpdateDate>
      <ItemCode>7290000134758</ItemCode>
      <ItemType>1</ItemType>
      <ItemName>תיבול לתפוא 100 גר`</ItemName>
      <ManufactureName>תבליני טעם וריח בעמ</ManufactureName>
      <ManufactureCountry />
      <ManufactureItemDescription />
      <UnitQty>יח`</UnitQty>
      <Quantity>1</Quantity>
      <UnitMeasure>100 גרם</UnitMeasure>
      <BisWeighted>0</BisWeighted>
      <QtyInPackage>1</QtyInPackage>
      <ItemPrice>8.90</ItemPrice>
      <UnitOfMeasurePrice>8.90</UnitOfMeasurePrice>
      <AllowDiscount>0</AllowDiscount>
      <itemStatus>1</itemStatus>
      <LastUpdateDate />
      <LastUpdateTime />
    </Product>
    <Product>
      <PriceUpdateDate>2018/04/24 13:19</PriceUpdateDate>
      <ItemCode>7290000134826</ItemCode>
      <ItemType>1</ItemType>
      <ItemName>זעתר מעורב 100 גר`</ItemName>
      <ManufactureName>תבליני טעם וריח בעמ</ManufactureName>
      <ManufactureCountry />
      <ManufactureItemDescription />
      <UnitQty>יח`</UnitQty>
      <Quantity>1</Quantity>
      <UnitMeasure>100 גרם</UnitMeasure>
      <BisWeighted>0</BisWeighted>
      <QtyInPackage>1</QtyInPackage>
      <ItemPrice>8.90</ItemPrice>
      <UnitOfMeasurePrice>8.90</UnitOfMeasurePrice>
      <AllowDiscount>0</AllowDiscount>
      <itemStatus>1</itemStatus>
      <LastUpdateDate />
      <LastUpdateTime />
    </Product>
    <Product>
      <PriceUpdateDate>2018/04/24 13:19</PriceUpdateDate>
      <ItemCode>7290000134833</ItemCode>
      <ItemType>1</ItemType>
      <ItemName>כמון טחון 100 גר`</ItemName>
      <ManufactureName>תבליני טעם וריח בעמ</ManufactureName>
      <ManufactureCountry />
      <ManufactureItemDescription />
      <UnitQty>יח`</UnitQty>
      <Quantity>1</Quantity>
      <UnitMeasure>100 גרם</UnitMeasure>
      <BisWeighted>0</BisWeighted>
      <QtyInPackage>1</QtyInPackage>
      <ItemPrice>8.90</ItemPrice>
      <UnitOfMeasurePrice>8.90</UnitOfMeasurePrice>
      <AllowDiscount>0</AllowDiscount>
      <itemStatus>1</itemStatus>
      <LastUpdateDate />
      <LastUpdateTime />
    </Product>
    <Product>
      <PriceUpdateDate>2018/04/24 12:54</PriceUpdateDate>
      <ItemCode>7290000134840</ItemCode>
      <ItemType>1</ItemType>
      <ItemName>כורכום טחון 100 גר`</ItemName>
      <ManufactureName>תבליני טעם וריח בעמ</ManufactureName>
      <ManufactureCountry />
      <ManufactureItemDescription />
      <UnitQty>יח`</UnitQty>
      <Quantity>1</Quantity>
      <UnitMeasure>100 גרם</UnitMeasure>
      <BisWeighted>0</BisWeighted>
      <QtyInPackage>1</QtyInPackage>
      <ItemPrice>8.90</ItemPrice>
      <UnitOfMeasurePrice>8.90</UnitOfMeasurePrice>
      <AllowDiscount>0</AllowDiscount>
      <itemStatus>1</itemStatus>
      <LastUpdateDate />
      <LastUpdateTime />
    </Product>
    <Product>
      <PriceUpdateDate>2018/04/24 13:05</PriceUpdateDate>
      <ItemCode>7290000134857</ItemCode>
      <ItemType>1</ItemType>
      <ItemName>פפריקה מתוקה 100 גר`</ItemName>
      <ManufactureName>תבליני טעם וריח בעמ</ManufactureName>
      <ManufactureCountry />
      <ManufactureItemDescription />
      <UnitQty>יח`</UnitQty>
      <Quantity>1</Quantity>
      <UnitMeasure>100 גרם</UnitMeasure>
      <BisWeighted>0</BisWeighted>
      <QtyInPackage>1</QtyInPackage>
      <ItemPrice>8.90</ItemPrice>
      <UnitOfMeasurePrice>8.90</UnitOfMeasurePrice>
      <AllowDiscount>0</AllowDiscount>
      <itemStatus>1</itemStatus>
      <LastUpdateDate />
      <LastUpdateTime />
    </Product>
    <Product>
      <PriceUpdateDate>2018/04/24 13:19</PriceUpdateDate>
      <ItemCode>7290000134864</ItemCode>
      <ItemType>1</ItemType>
      <ItemName>פפריקה חריפה 100 גר`</ItemName>
      <ManufactureName>תבליני טעם וריח בעמ</ManufactureName>
      <ManufactureCountry />
      <ManufactureItemDescription />
      <UnitQty>יח`</UnitQty>
      <Quantity>1</Quantity>
      <UnitMeasure>100 גרם</UnitMeasure>
      <BisWeighted>0</BisWeighted>
      <QtyInPackage>1</QtyInPackage>
      <ItemPrice>8.90</ItemPrice>
      <UnitOfMeasurePrice>8.90</UnitOfMeasurePrice>
      <AllowDiscount>0</AllowDiscount>
      <itemStatus>1</itemStatus>
      <LastUpdateDate />
      <LastUpdateTime />
    </Product>
    <Product>
      <PriceUpdateDate>2018/04/24 12:55</PriceUpdateDate>
      <ItemCode>7290000134871</ItemCode>
      <ItemType>1</ItemType>
      <ItemName>פלפל שחור טחון 100 גר`</ItemName>
      <ManufactureName>תבליני טעם וריח בעמ</ManufactureName>
      <ManufactureCountry />
      <ManufactureItemDescription />
      <UnitQty>יח`</UnitQty>
      <Quantity>1</Quantity>
      <UnitMeasure>100 גרם</UnitMeasure>
      <BisWeighted>0</BisWeighted>
      <QtyInPackage>1</QtyInPackage>
      <ItemPrice>11.90</ItemPrice>
      <UnitOfMeasurePrice>11.90</UnitOfMeasurePrice>
      <AllowDiscount>0</AllowDiscount>
      <itemStatus>1</itemStatus>
      <LastUpdateDate />
      <LastUpdateTime />
    </Product>
    <Product>
      <PriceUpdateDate>2018/04/24 13:19</PriceUpdateDate>
      <ItemCode>7290000134970</ItemCode>
      <ItemType>1</ItemType>
      <ItemName>חוואיג` 100 גר`</ItemName>
      <ManufactureName>תבליני טעם וריח בעמ</ManufactureName>
      <ManufactureCountry />
      <ManufactureItemDescription />
      <UnitQty>יח`</UnitQty>
      <Quantity>1</Quantity>
      <UnitMeasure>100 גרם</UnitMeasure>
      <BisWeighted>0</BisWeighted>
      <QtyInPackage>1</QtyInPackage>
      <ItemPrice>8.90</ItemPrice>
      <UnitOfMeasurePrice>8.90</UnitOfMeasurePrice>
      <AllowDiscount>0</AllowDiscount>
      <itemStatus>1</itemStatus>
      <LastUpdateDate />
      <LastUpdateTime />
    </Product>
    <Product>
      <PriceUpdateDate>2018/04/24 13:19</PriceUpdateDate>
      <ItemCode>7290000134987</ItemCode>
      <ItemType>1</ItemType>
      <ItemName>פלפל שחור גרוס 90 גר`</ItemName>
      <ManufactureName>תבליני טעם וריח בעמ</ManufactureName>
      <ManufactureCountry />
      <ManufactureItemDescription />
      <UnitQty>יח`</UnitQty>
      <Quantity>0.90</Quantity>
      <UnitMeasure>100 גרם</UnitMeasure>
      <BisWeighted>0</BisWeighted>
      <QtyInPackage>1</QtyInPackage>
      <ItemPrice>11.90</ItemPrice>
      <UnitOfMeasurePrice>13.22</UnitOfMeasurePrice>
      <AllowDiscount>0</AllowDiscount>
      <itemStatus>1</itemStatus>
      <LastUpdateDate />
      <LastUpdateTime />
    </Product>
    <Product>
      <PriceUpdateDate>2018/04/24 13:19</PriceUpdateDate>
      <ItemCode>7290000134994</ItemCode>
      <ItemType>1</ItemType>
      <ItemName>טימין 20 גר`</ItemName>
      <ManufactureName>תבליני טעם וריח בעמ</ManufactureName>
      <ManufactureCountry />
      <ManufactureItemDescription />
      <UnitQty>יח`</UnitQty>
      <Quantity>0.20</Quantity>
      <UnitMeasure>100 גרם</UnitMeasure>
      <BisWeighted>0</BisWeighted>
      <QtyInPackage>1</QtyInPackage>
      <ItemPrice>5.90</ItemPrice>
      <UnitOfMeasurePrice>29.50</UnitOfMeasurePrice>
      <AllowDiscount>0</AllowDiscount>
      <itemStatus>1</itemStatus>
      <LastUpdateDate />
      <LastUpdateTime />
    </Product>
    <Product>
      <PriceUpdateDate>2019/04/10 14:41</PriceUpdateDate>
      <ItemCode>7290000135052</ItemCode>
      <ItemType>1</ItemType>
      <ItemName>משקה אנרגיה מנגו אקסל (250 מל) TEN</ItemName>
      <ManufactureName>טמפו משקאות בעמ</ManufactureName>
      <ManufactureCountry />
      <ManufactureItemDescription />
      <UnitQty>יח`</UnitQty>
      <Quantity>2.50</Quantity>
      <UnitMeasure>100 מ"ל</UnitMeasure>
      <BisWeighted>0</BisWeighted>
      <QtyInPackage>1</QtyInPackage>
      <ItemPrice>4.50</ItemPrice>
      <UnitOfMeasurePrice>1.68</UnitOfMeasurePrice>
      <AllowDiscount>1</AllowDiscount>
      <itemStatus>1</itemStatus>
      <LastUpdateDate />
      <LastUpdateTime />
    </Product>
    <Product>
      <PriceUpdateDate>2019/12/15 11:59</PriceUpdateDate>
      <ItemCode>7290000135113</ItemCode>
      <ItemType>1</ItemType>
      <ItemName>משקה אנרגיה אקסל נענע ליים (250 מל)</ItemName>
      <ManufactureName>טמפו משקאות בעמ</ManufactureName>
      <ManufactureCountry />
      <ManufactureItemDescription />
      <UnitQty>יח`</UnitQty>
      <Quantity>2.50</Quantity>
      <UnitMeasure>100 מ"ל</UnitMeasure>
      <BisWeighted>0</BisWeighted>
      <QtyInPackage>1</QtyInPackage>
      <ItemPrice>4.50</ItemPrice>
      <UnitOfMeasurePrice>1.68</UnitOfMeasurePrice>
      <AllowDiscount>1</AllowDiscount>
      <itemStatus>1</itemStatus>
      <LastUpdateDate />
      <LastUpdateTime />
    </Product>
    <Product>
      <PriceUpdateDate>2018/04/24 09:45</PriceUpdateDate>
      <ItemCode>7290000137513</ItemCode>
      <ItemType>1</ItemType>
      <ItemName>קרמיסימו גלידונית 60 יח`</ItemName>
      <ManufactureName>גלידות שטראוס בעמ</ManufactureName>
      <ManufactureCountry />
      <ManufactureItemDescription />
      <UnitQty>יח`</UnitQty>
      <Quantity>7</Quantity>
      <UnitMeasure>100 גרם</UnitMeasure>
      <BisWeighted>0</BisWeighted>
      <QtyInPackage>1</QtyInPackage>
      <ItemPrice>47.90</ItemPrice>
      <UnitOfMeasurePrice>6.84</UnitOfMeasurePrice>
      <AllowDiscount>1</AllowDiscount>
      <itemStatus>1</itemStatus>
      <LastUpdateDate />
      <LastUpdateTime />
    </Product>
    <Product>
      <PriceUpdateDate>2019/04/05 10:23</PriceUpdateDate>
      <ItemCode>7290000137643</ItemCode>
      <ItemType>1</ItemType>
      <ItemName>מאגדת-טעמקור 8 יח`</ItemName>
      <ManufactureName>גלידות שטראוס בעמ</ManufactureName>
      <ManufactureCountry />
      <ManufactureItemDescription />
      <UnitQty>יח`</UnitQty>
      <Quantity>1</Quantity>
      <UnitMeasure />
      <BisWeighted>0</BisWeighted>
      <QtyInPackage>1</QtyInPackage>
      <ItemPrice>37.90</ItemPrice>
      <UnitOfMeasurePrice>37.90</UnitOfMeasurePrice>
      <AllowDiscount>1</AllowDiscount>
      <itemStatus>1</itemStatus>
      <LastUpdateDate />
      <LastUpdateTime />
    </Product>
    <Product>
      <PriceUpdateDate>2018/07/25 08:52</PriceUpdateDate>
      <ItemCode>7290000143194</ItemCode>
      <ItemType>1</ItemType>
      <ItemName>שמפו ומרכך לשיער אלוורה הוואי (700 מל)</ItemName>
      <ManufactureName>הנקל סוד בעמ</ManufactureName>
      <ManufactureCountry />
      <ManufactureItemDescription />
      <UnitQty>יח`</UnitQty>
      <Quantity>7</Quantity>
      <UnitMeasure>100 מ"ל</UnitMeasure>
      <BisWeighted>0</BisWeighted>
      <QtyInPackage>1</QtyInPackage>
      <ItemPrice>8.90</ItemPrice>
      <UnitOfMeasurePrice>1.27</UnitOfMeasurePrice>
      <AllowDiscount>0</AllowDiscount>
      <itemStatus>1</itemStatus>
      <LastUpdateDate />
      <LastUpdateTime />
    </Product>
    <Product>
      <PriceUpdateDate>2018/07/25 08:52</PriceUpdateDate>
      <ItemCode>7290000143200</ItemCode>
      <ItemType>1</ItemType>
      <ItemName>מרכך לשיער יבש הוואי (700 מל)</ItemName>
      <ManufactureName>הנקל סוד בעמ</ManufactureName>
      <ManufactureCountry />
      <ManufactureItemDescription />
      <UnitQty>יח`</UnitQty>
      <Quantity>7</Quantity>
      <UnitMeasure>100 מ"ל</UnitMeasure>
      <BisWeighted>0</BisWeighted>
      <QtyInPackage>1</QtyInPackage>
      <ItemPrice>8.90</ItemPrice>
      <UnitOfMeasurePrice>1.27</UnitOfMeasurePrice>
      <AllowDiscount>0</AllowDiscount>
      <itemStatus>1</itemStatus>
      <LastUpdateDate />
      <LastUpdateTime />
    </Product>
    <Product>
      <PriceUpdateDate>2018/07/25 08:52</PriceUpdateDate>
      <ItemCode>7290000143217</ItemCode>
      <ItemType>1</ItemType>
      <ItemName>הוואי שמפו לשיער יבש 700 מל כחול</ItemName>
      <ManufactureName>הנקל סוד בעמ</ManufactureName>
      <ManufactureCountry />
      <ManufactureItemDescription />
      <UnitQty>יח`</UnitQty>
      <Quantity>7</Quantity>
      <UnitMeasure>100 מ"ל</UnitMeasure>
      <BisWeighted>0</BisWeighted>
      <QtyInPackage>1</QtyInPackage>
      <ItemPrice>8.90</ItemPrice>
      <UnitOfMeasurePrice>1.27</UnitOfMeasurePrice>
      <AllowDiscount>0</AllowDiscount>
      <itemStatus>1</itemStatus>
      <LastUpdateDate />
      <LastUpdateTime />
    </Product>
    <Product>
      <PriceUpdateDate>2018/07/25 08:52</PriceUpdateDate>
      <ItemCode>7290000143262</ItemCode>
      <ItemType>1</ItemType>
      <ItemName>הוואי שמפו 700 מל ילדים</ItemName>
      <ManufactureName>הנקל סוד בעמ</ManufactureName>
      <ManufactureCountry />
      <ManufactureItemDescription />
      <UnitQty>יח`</UnitQty>
      <Quantity>7</Quantity>
      <UnitMeasure>100 מ"ל</UnitMeasure>
      <BisWeighted>0</BisWeighted>
      <QtyInPackage>1</QtyInPackage>
      <ItemPrice>8.90</ItemPrice>
      <UnitOfMeasurePrice>1.27</UnitOfMeasurePrice>
      <AllowDiscount>0</AllowDiscount>
      <itemStatus>1</itemStatus>
      <LastUpdateDate />
      <LastUpdateTime />
    </Product>
    <Product>
      <PriceUpdateDate>2018/07/25 08:52</PriceUpdateDate>
      <ItemCode>7290000143279</ItemCode>
      <ItemType>1</ItemType>
      <ItemName>שמפו למניעת קשקשים הוואי (700 מל)</ItemName>
      <ManufactureName>הנקל סוד בעמ</ManufactureName>
      <ManufactureCountry />
      <ManufactureItemDescription />
      <UnitQty>יח`</UnitQty>
      <Quantity>7</Quantity>
      <UnitMeasure>100 מ"ל</UnitMeasure>
      <BisWeighted>0</BisWeighted>
      <QtyInPackage>1</QtyInPackage>
      <ItemPrice>8.90</ItemPrice>
      <UnitOfMeasurePrice>1.27</UnitOfMeasurePrice>
      <AllowDiscount>0</AllowDiscount>
      <itemStatus>1</itemStatus>
      <LastUpdateDate />
      <LastUpdateTime />
    </Product>
    <Product>
      <PriceUpdateDate>2018/07/25 08:52</PriceUpdateDate>
      <ItemCode>7290000143286</ItemCode>
      <ItemType>1</ItemType>
      <ItemName>הוואי מרכך לשיער רגיל 700 מל ירוק</ItemName>
      <ManufactureName>הנקל סוד בעמ</ManufactureName>
      <ManufactureCountry />
      <ManufactureItemDescription />
      <UnitQty>יח`</UnitQty>
      <Quantity>7</Quantity>
      <UnitMeasure>100 מ"ל</UnitMeasure>
      <BisWeighted>0</BisWeighted>
      <QtyInPackage>1</QtyInPackage>
      <ItemPrice>8.90</ItemPrice>
      <UnitOfMeasurePrice>1.27</UnitOfMeasurePrice>
      <AllowDiscount>0</AllowDiscount>
      <itemStatus>1</itemStatus>
      <LastUpdateDate />
      <LastUpdateTime />
    </Product>
    <Product>
      <PriceUpdateDate>2018/08/01 13:56</PriceUpdateDate>
      <ItemCode>7290000144160</ItemCode>
      <ItemType>1</ItemType>
      <ItemName>שמן זית כתית מעולה 750 מל עץ הזית</ItemName>
      <ManufactureName>שמן תעשיות בעמ</ManufactureName>
      <ManufactureCountry />
      <ManufactureItemDescription />
      <UnitQty>יח`</UnitQty>
      <Quantity>7.50</Quantity>
      <UnitMeasure>100 מ"ל</UnitMeasure>
      <BisWeighted>0</BisWeighted>
      <QtyInPackage>1</QtyInPackage>
      <ItemPrice>34.90</ItemPrice>
      <UnitOfMeasurePrice>4.65</UnitOfMeasurePrice>
      <AllowDiscount>1</AllowDiscount>
      <itemStatus>1</itemStatus>
      <LastUpdateDate />
      <LastUpdateTime />
    </Product>
    <Product>
      <PriceUpdateDate>2018/04/24 09:34</PriceUpdateDate>
      <ItemCode>7290000144474</ItemCode>
      <ItemType>1</ItemType>
      <ItemName>שמן קנולה מזוכך עץ הזית (1 ליטר)</ItemName>
      <ManufactureName>שמן תעשיות בעמ</ManufactureName>
      <ManufactureCountry />
      <ManufactureItemDescription />
      <UnitQty>יח`</UnitQty>
      <Quantity>1</Quantity>
      <UnitMeasure>1 ליטר</UnitMeasure>
      <BisWeighted>0</BisWeighted>
      <QtyInPackage>1</QtyInPackage>
      <ItemPrice>13.90</ItemPrice>
      <UnitOfMeasurePrice>13.90</UnitOfMeasurePrice>
      <AllowDiscount>0</AllowDiscount>
      <itemStatus>1</itemStatus>
      <LastUpdateDate />
      <LastUpdateTime />
    </Product>
    <Product>
      <PriceUpdateDate>2018/04/24 10:59</PriceUpdateDate>
      <ItemCode>7290000144825</ItemCode>
      <ItemType>1</ItemType>
      <ItemName>שמן קנולה פלוס אומגה 9 עץ הזית (1 ליטר)</ItemName>
      <ManufactureName>שמן תעשיות בעמ</ManufactureName>
      <ManufactureCountry />
      <ManufactureItemDescription />
      <UnitQty>יח`</UnitQty>
      <Quantity>10</Quantity>
      <UnitMeasure>100 מ"ל</UnitMeasure>
      <BisWeighted>0</BisWeighted>
      <QtyInPackage>1</QtyInPackage>
      <ItemPrice>15.90</ItemPrice>
      <UnitOfMeasurePrice>1.59</UnitOfMeasurePrice>
      <AllowDiscount>0</AllowDiscount>
      <itemStatus>1</itemStatus>
      <LastUpdateDate />
      <LastUpdateTime />
    </Product>
    <Product>
      <PriceUpdateDate>2018/04/24 09:40</PriceUpdateDate>
      <ItemCode>7290000146652</ItemCode>
      <ItemType>1</ItemType>
      <ItemName>הוואי סבון מוצק ורוד 100  גר`רביעייה</ItemName>
      <ManufactureName>הנקל סוד בעמ</ManufactureName>
      <ManufactureCountry />
      <ManufactureItemDescription />
      <UnitQty>יח`</UnitQty>
      <Quantity>4</Quantity>
      <UnitMeasure>100 גרם</UnitMeasure>
      <BisWeighted>0</BisWeighted>
      <QtyInPackage>1</QtyInPackage>
      <ItemPrice>11.90</ItemPrice>
      <UnitOfMeasurePrice>2.98</UnitOfMeasurePrice>
      <AllowDiscount>0</AllowDiscount>
      <itemStatus>1</itemStatus>
      <LastUpdateDate />
      <LastUpdateTime />
    </Product>
    <Product>
      <PriceUpdateDate>2018/04/24 09:40</PriceUpdateDate>
      <ItemCode>7290000146676</ItemCode>
      <ItemType>1</ItemType>
      <ItemName>הוואי סבון מוצק לגבר 100  גר`רביעייה</ItemName>
      <ManufactureName>הנקל סוד בעמ</ManufactureName>
      <ManufactureCountry />
      <ManufactureItemDescription />
      <UnitQty>יח`</UnitQty>
      <Quantity>4</Quantity>
      <UnitMeasure>100 גרם</UnitMeasure>
      <BisWeighted>0</BisWeighted>
      <QtyInPackage>1</QtyInPackage>
      <ItemPrice>11.90</ItemPrice>
      <UnitOfMeasurePrice>2.98</UnitOfMeasurePrice>
      <AllowDiscount>0</AllowDiscount>
      <itemStatus>1</itemStatus>
      <LastUpdateDate />
      <LastUpdateTime />
    </Product>
    <Product>
      <PriceUpdateDate>2018/04/24 09:40</PriceUpdateDate>
      <ItemCode>7290000146683</ItemCode>
      <ItemType>1</ItemType>
      <ItemName>הוואי סבון מוצק 100  גר`רביעייה</ItemName>
      <ManufactureName>הנקל סוד בעמ</ManufactureName>
      <ManufactureCountry />
      <ManufactureItemDescription />
      <UnitQty>יח`</UnitQty>
      <Quantity>4</Quantity>
      <UnitMeasure>100 גרם</UnitMeasure>
      <BisWeighted>0</BisWeighted>
      <QtyInPackage>1</QtyInPackage>
      <ItemPrice>11.90</ItemPrice>
      <UnitOfMeasurePrice>2.98</UnitOfMeasurePrice>
      <AllowDiscount>0</AllowDiscount>
      <itemStatus>1</itemStatus>
      <LastUpdateDate />
      <LastUpdateTime />
    </Product>
    <Product>
      <PriceUpdateDate>2018/04/24 09:40</PriceUpdateDate>
      <ItemCode>7290000146997</ItemCode>
      <ItemType>1</ItemType>
      <ItemName>משחת שיניים לילדים טום וג`רי (50 מל)</ItemName>
      <ManufactureName>הנקל סוד בעמ</ManufactureName>
      <ManufactureCountry />
      <ManufactureItemDescription />
      <UnitQty>יח`</UnitQty>
      <Quantity>0.60</Quantity>
      <UnitMeasure>100 גרם</UnitMeasure>
      <BisWeighted>0</BisWeighted>
      <QtyInPackage>1</QtyInPackage>
      <ItemPrice>8.90</ItemPrice>
      <UnitOfMeasurePrice>14.83</UnitOfMeasurePrice>
      <AllowDiscount>1</AllowDiscount>
      <itemStatus>1</itemStatus>
      <LastUpdateDate />
      <LastUpdateTime />
    </Product>
    <Product>
      <PriceUpdateDate>2018/08/02 11:07</PriceUpdateDate>
      <ItemCode>7290000148298</ItemCode>
      <ItemType>1</ItemType>
      <ItemName>מיץ סחוט תפוזים טבעי פריגת (2 ליטר)</ItemName>
      <ManufactureName>החב` המרכזית - טרה</ManufactureName>
      <ManufactureCountry />
      <ManufactureItemDescription />
      <UnitQty>יח`</UnitQty>
      <Quantity>20</Quantity>
      <UnitMeasure>100 מ"ל</UnitMeasure>
      <BisWeighted>0</BisWeighted>
      <QtyInPackage>1</QtyInPackage>
      <ItemPrice>27.90</ItemPrice>
      <UnitOfMeasurePrice>1.40</UnitOfMeasurePrice>
      <AllowDiscount>1</AllowDiscount>
      <itemStatus>1</itemStatus>
      <LastUpdateDate />
      <LastUpdateTime />
    </Product>
    <Product>
      <PriceUpdateDate>2018/04/24 09:25</PriceUpdateDate>
      <ItemCode>7290000148380</ItemCode>
      <ItemType>1</ItemType>
      <ItemName>פיסטוקים קלויים קליית גת (200 גרם)</ItemName>
      <ManufactureName>ליימן שליסל בעמ</ManufactureName>
      <ManufactureCountry />
      <ManufactureItemDescription />
      <UnitQty>יח`</UnitQty>
      <Quantity>2</Quantity>
      <UnitMeasure>100 גרם</UnitMeasure>
      <BisWeighted>0</BisWeighted>
      <QtyInPackage>1</QtyInPackage>
      <ItemPrice>22.90</ItemPrice>
      <UnitOfMeasurePrice>11.45</UnitOfMeasurePrice>
      <AllowDiscount>0</AllowDiscount>
      <itemStatus>1</itemStatus>
      <LastUpdateDate />
      <LastUpdateTime />
    </Product>
    <Product>
      <PriceUpdateDate>2018/04/24 09:25</PriceUpdateDate>
      <ItemCode>7290000148489</ItemCode>
      <ItemType>1</ItemType>
      <ItemName>גרעיני דלעת שקית 200 גר`</ItemName>
      <ManufactureName>ליימן שליסל בעמ</ManufactureName>
      <ManufactureCountry />
      <ManufactureItemDescription />
      <UnitQty>יח`</UnitQty>
      <Quantity>2</Quantity>
      <UnitMeasure>100 גרם</UnitMeasure>
      <BisWeighted>0</BisWeighted>
      <QtyInPackage>1</QtyInPackage>
      <ItemPrice>9.90</ItemPrice>
      <UnitOfMeasurePrice>4.95</UnitOfMeasurePrice>
      <AllowDiscount>0</AllowDiscount>
      <itemStatus>1</itemStatus>
      <LastUpdateDate />
      <LastUpdateTime />
    </Product>
    <Product>
      <PriceUpdateDate>2019/04/17 16:10</PriceUpdateDate>
      <ItemCode>7290000148618</ItemCode>
      <ItemType>1</ItemType>
      <ItemName>קשיו מטוגן שקית 200 גר</ItemName>
      <ManufactureName>ליימן שליסל בעמ</ManufactureName>
      <ManufactureCountry />
      <ManufactureItemDescription />
      <UnitQty>יח`</UnitQty>
      <Quantity>2</Quantity>
      <UnitMeasure>100 גרם</UnitMeasure>
      <BisWeighted>0</BisWeighted>
      <QtyInPackage>1</QtyInPackage>
      <ItemPrice>19.90</ItemPrice>
      <UnitOfMeasurePrice>9.95</UnitOfMeasurePrice>
      <AllowDiscount>1</AllowDiscount>
      <itemStatus>1</itemStatus>
      <LastUpdateDate />
      <LastUpdateTime />
    </Product>
    <Product>
      <PriceUpdateDate>2018/04/24 09:27</PriceUpdateDate>
      <ItemCode>7290000148748</ItemCode>
      <ItemType>1</ItemType>
      <ItemName>גרעיני חמניה 200 גר`</ItemName>
      <ManufactureName>ליימן שליסל בעמ</ManufactureName>
      <ManufactureCountry />
      <ManufactureItemDescription />
      <UnitQty>יח`</UnitQty>
      <Quantity>2</Quantity>
      <UnitMeasure>100 גרם</UnitMeasure>
      <BisWeighted>0</BisWeighted>
      <QtyInPackage>1</QtyInPackage>
      <ItemPrice>6.90</ItemPrice>
      <UnitOfMeasurePrice>3.45</UnitOfMeasurePrice>
      <AllowDiscount>1</AllowDiscount>
      <itemStatus>1</itemStatus>
      <LastUpdateDate />
      <LastUpdateTime />
    </Product>
    <Product>
      <PriceUpdateDate>2018/07/25 12:13</PriceUpdateDate>
      <ItemCode>7290000148939</ItemCode>
      <ItemType>1</ItemType>
      <ItemName>שקדים קלויים קליית גת (200 גרם)</ItemName>
      <ManufactureName>ליימן שליסל בעמ</ManufactureName>
      <ManufactureCountry />
      <ManufactureItemDescription />
      <UnitQty>יח`</UnitQty>
      <Quantity>2</Quantity>
      <UnitMeasure>100 גרם</UnitMeasure>
      <BisWeighted>0</BisWeighted>
      <QtyInPackage>1</QtyInPackage>
      <ItemPrice>22.90</ItemPrice>
      <UnitOfMeasurePrice>11.45</UnitOfMeasurePrice>
      <AllowDiscount>0</AllowDiscount>
      <itemStatus>1</itemStatus>
      <LastUpdateDate />
      <LastUpdateTime />
    </Product>
    <Product>
      <PriceUpdateDate>2018/07/08 11:12</PriceUpdateDate>
      <ItemCode>7290000149615</ItemCode>
      <ItemType>1</ItemType>
      <ItemName>סבון מוצק לתינוק נקה 7 (100x4 גרם)</ItemName>
      <ManufactureName>החברה הדרומית לשיווק בעמ</ManufactureName>
      <ManufactureCountry />
      <ManufactureItemDescription />
      <UnitQty>יח`</UnitQty>
      <Quantity>4</Quantity>
      <UnitMeasure>100 גרם</UnitMeasure>
      <BisWeighted>0</BisWeighted>
      <QtyInPackage>1</QtyInPackage>
      <ItemPrice>11.90</ItemPrice>
      <UnitOfMeasurePrice>2.98</UnitOfMeasurePrice>
      <AllowDiscount>1</AllowDiscount>
      <itemStatus>1</itemStatus>
      <LastUpdateDate />
      <LastUpdateTime />
    </Product>
    <Product>
      <PriceUpdateDate>2018/04/24 09:48</PriceUpdateDate>
      <ItemCode>7290000149905</ItemCode>
      <ItemType>1</ItemType>
      <ItemName>טקסטיל שמפו נוזל</ItemName>
      <ManufactureName>החברה הדרומית לשיווק בעמ</ManufactureName>
      <ManufactureCountry />
      <ManufactureItemDescription />
      <UnitQty>יח`</UnitQty>
      <Quantity>1</Quantity>
      <UnitMeasure>1 ליטר</UnitMeasure>
      <BisWeighted>0</BisWeighted>
      <QtyInPackage>1</QtyInPackage>
      <ItemPrice>13.90</ItemPrice>
      <UnitOfMeasurePrice>13.90</UnitOfMeasurePrice>
      <AllowDiscount>0</AllowDiscount>
      <itemStatus>1</itemStatus>
      <LastUpdateDate />
      <LastUpdateTime />
    </Product>
    <Product>
      <PriceUpdateDate>2018/04/24 11:32</PriceUpdateDate>
      <ItemCode>7290000153469</ItemCode>
      <ItemType>1</ItemType>
      <ItemName>קציצות עוף קלאסיות 600  גר`עוף טוב</ItemName>
      <ManufactureName>קבוצת אסם סחר שות. מוגבלת</ManufactureName>
      <ManufactureCountry />
      <ManufactureItemDescription />
      <UnitQty>יח`</UnitQty>
      <Quantity>6</Quantity>
      <UnitMeasure>100 גרם</UnitMeasure>
      <BisWeighted>0</BisWeighted>
      <QtyInPackage>1</QtyInPackage>
      <ItemPrice>28.90</ItemPrice>
      <UnitOfMeasurePrice>4.82</UnitOfMeasurePrice>
      <AllowDiscount>0</AllowDiscount>
      <itemStatus>1</itemStatus>
      <LastUpdateDate />
      <LastUpdateTime />
    </Product>
    <Product>
      <PriceUpdateDate>2018/04/24 11:41</PriceUpdateDate>
      <ItemCode>7290000158082</ItemCode>
      <ItemType>1</ItemType>
      <ItemName>שניצל ביתי עם שומשום קופצני 700 גר` עוף</ItemName>
      <ManufactureName>קבוצת אסם סחר שות. מוגבלת</ManufactureName>
      <ManufactureCountry />
      <ManufactureItemDescription />
      <UnitQty>יח`</UnitQty>
      <Quantity>7</Quantity>
      <UnitMeasure>100 גרם</UnitMeasure>
      <BisWeighted>0</BisWeighted>
      <QtyInPackage>1</QtyInPackage>
      <ItemPrice>43.90</ItemPrice>
      <UnitOfMeasurePrice>6.27</UnitOfMeasurePrice>
      <AllowDiscount>1</AllowDiscount>
      <itemStatus>1</itemStatus>
      <LastUpdateDate />
      <LastUpdateTime />
    </Product>
    <Product>
      <PriceUpdateDate>2018/04/24 11:20</PriceUpdateDate>
      <ItemCode>7290000158105</ItemCode>
      <ItemType>1</ItemType>
      <ItemName>שניצל עוף מיני דיזוזאור 700 גר` עוף טוב</ItemName>
      <ManufactureName>קבוצת אסם סחר שות. מוגבלת</ManufactureName>
      <ManufactureCountry />
      <ManufactureItemDescription />
      <UnitQty>יח`</UnitQty>
      <Quantity>7</Quantity>
      <UnitMeasure>100 גרם</UnitMeasure>
      <BisWeighted>0</BisWeighted>
      <QtyInPackage>1</QtyInPackage>
      <ItemPrice>34.90</ItemPrice>
      <UnitOfMeasurePrice>4.99</UnitOfMeasurePrice>
      <AllowDiscount>1</AllowDiscount>
      <itemStatus>1</itemStatus>
      <LastUpdateDate />
      <LastUpdateTime />
    </Product>
    <Product>
      <PriceUpdateDate>2018/07/25 09:06</PriceUpdateDate>
      <ItemCode>7290000158211</ItemCode>
      <ItemType>1</ItemType>
      <ItemName>שניצל עוף דקיק ענקיסטי 700 עוף טוב</ItemName>
      <ManufactureName>קבוצת אסם סחר שות. מוגבלת</ManufactureName>
      <ManufactureCountry />
      <ManufactureItemDescription />
      <UnitQty>יח`</UnitQty>
      <Quantity>7</Quantity>
      <UnitMeasure>100 גרם</UnitMeasure>
      <BisWeighted>0</BisWeighted>
      <QtyInPackage>1</QtyInPackage>
      <ItemPrice>35.90</ItemPrice>
      <UnitOfMeasurePrice>5.13</UnitOfMeasurePrice>
      <AllowDiscount>1</AllowDiscount>
      <itemStatus>1</itemStatus>
      <LastUpdateDate />
      <LastUpdateTime />
    </Product>
    <Product>
      <PriceUpdateDate>2018/04/24 11:42</PriceUpdateDate>
      <ItemCode>7290000158235</ItemCode>
      <ItemType>1</ItemType>
      <ItemName>שניצל עוף דקיק עם צ`יפס שמח 700 גר` עוף</ItemName>
      <ManufactureName>קבוצת אסם סחר שות. מוגבלת</ManufactureName>
      <ManufactureCountry />
      <ManufactureItemDescription />
      <UnitQty>יח`</UnitQty>
      <Quantity>7</Quantity>
      <UnitMeasure>100 גרם</UnitMeasure>
      <BisWeighted>0</BisWeighted>
      <QtyInPackage>1</QtyInPackage>
      <ItemPrice>35.90</ItemPrice>
      <UnitOfMeasurePrice>5.13</UnitOfMeasurePrice>
      <AllowDiscount>1</AllowDiscount>
      <itemStatus>1</itemStatus>
      <LastUpdateDate />
      <LastUpdateTime />
    </Product>
    <Product>
      <PriceUpdateDate>2018/04/24 11:20</PriceUpdateDate>
      <ItemCode>7290000159010</ItemCode>
      <ItemType>1</ItemType>
      <ItemName>שניצל עוף מיני דובונים 700 גר` עוף טוב</ItemName>
      <ManufactureName>קבוצת אסם סחר שות. מוגבלת</ManufactureName>
      <ManufactureCountry />
      <ManufactureItemDescription />
      <UnitQty>יח`</UnitQty>
      <Quantity>7</Quantity>
      <UnitMeasure>100 גרם</UnitMeasure>
      <BisWeighted>0</BisWeighted>
      <QtyInPackage>1</QtyInPackage>
      <ItemPrice>35.90</ItemPrice>
      <UnitOfMeasurePrice>5.13</UnitOfMeasurePrice>
      <AllowDiscount>1</AllowDiscount>
      <itemStatus>1</itemStatus>
      <LastUpdateDate />
      <LastUpdateTime />
    </Product>
    <Product>
      <PriceUpdateDate>2018/04/24 09:28</PriceUpdateDate>
      <ItemCode>7290000161143</ItemCode>
      <ItemType>1</ItemType>
      <ItemName>מרגרינה קלאסי למריחה בלובנד (250 גרם)</ItemName>
      <ManufactureName>יוניליוור ישראל שיווק בעמ</ManufactureName>
      <ManufactureCountry />
      <ManufactureItemDescription />
      <UnitQty>יח`</UnitQty>
      <Quantity>2.50</Quantity>
      <UnitMeasure>100 גרם</UnitMeasure>
      <BisWeighted>0</BisWeighted>
      <QtyInPackage>1</QtyInPackage>
      <ItemPrice>7.70</ItemPrice>
      <UnitOfMeasurePrice>3.08</UnitOfMeasurePrice>
      <AllowDiscount>0</AllowDiscount>
      <itemStatus>1</itemStatus>
      <LastUpdateDate />
      <LastUpdateTime />
    </Product>
    <Product>
      <PriceUpdateDate>2018/04/24 13:11</PriceUpdateDate>
      <ItemCode>7290000164793</ItemCode>
      <ItemType>1</ItemType>
      <ItemName>מרכך מרכך לטיפול בשמני הזנה 400מל</ItemName>
      <ManufactureName>יוניליוור ישראל שיווק בעמ</ManufactureName>
      <ManufactureCountry />
      <ManufactureItemDescription />
      <UnitQty>יח`</UnitQty>
      <Quantity>4</Quantity>
      <UnitMeasure>100 מ"ל</UnitMeasure>
      <BisWeighted>0</BisWeighted>
      <QtyInPackage>1</QtyInPackage>
      <ItemPrice>15.90</ItemPrice>
      <UnitOfMeasurePrice>3.98</UnitOfMeasurePrice>
      <AllowDiscount>1</AllowDiscount>
      <itemStatus>1</itemStatus>
      <LastUpdateDate />
      <LastUpdateTime />
    </Product>
    <Product>
      <PriceUpdateDate>2018/04/24 11:06</PriceUpdateDate>
      <ItemCode>7290000166605</ItemCode>
      <ItemType>1</ItemType>
      <ItemName>סיף פנטסטיק 4 ליטר כללי יסמין</ItemName>
      <ManufactureName>יוניליוור ישראל שיווק בעמ</ManufactureName>
      <ManufactureCountry />
      <ManufactureItemDescription />
      <UnitQty>יח`</UnitQty>
      <Quantity>40</Quantity>
      <UnitMeasure>100 מ"ל</UnitMeasure>
      <BisWeighted>0</BisWeighted>
      <QtyInPackage>1</QtyInPackage>
      <ItemPrice>24.90</ItemPrice>
      <UnitOfMeasurePrice>0.62</UnitOfMeasurePrice>
      <AllowDiscount>1</AllowDiscount>
      <itemStatus>1</itemStatus>
      <LastUpdateDate />
      <LastUpdateTime />
    </Product>
    <Product>
      <PriceUpdateDate>2018/08/05 11:28</PriceUpdateDate>
      <ItemCode>7290000168173</ItemCode>
      <ItemType>1</ItemType>
      <ItemName>ברנפלקס קרנצ`ים 375 גר` בדצ</ItemName>
      <ManufactureName>יוניליוור ישראל שיווק בעמ</ManufactureName>
      <ManufactureCountry />
      <ManufactureItemDescription />
      <UnitQty>יח`</UnitQty>
      <Quantity>3.75</Quantity>
      <UnitMeasure>100 גרם</UnitMeasure>
      <BisWeighted>0</BisWeighted>
      <QtyInPackage>1</QtyInPackage>
      <ItemPrice>22.90</ItemPrice>
      <UnitOfMeasurePrice>6.11</UnitOfMeasurePrice>
      <AllowDiscount>1</AllowDiscount>
      <itemStatus>1</itemStatus>
      <LastUpdateDate />
      <LastUpdateTime />
    </Product>
    <Product>
      <PriceUpdateDate>2018/04/24 11:13</PriceUpdateDate>
      <ItemCode>7290000168418</ItemCode>
      <ItemType>1</ItemType>
      <ItemName>רוטב קנור סויה בסגנון סיני</ItemName>
      <ManufactureName>יוניליוור ישראל שיווק בעמ</ManufactureName>
      <ManufactureCountry />
      <ManufactureItemDescription />
      <UnitQty>יח`</UnitQty>
      <Quantity>3</Quantity>
      <UnitMeasure>100 מ"ל</UnitMeasure>
      <BisWeighted>0</BisWeighted>
      <QtyInPackage>1</QtyInPackage>
      <ItemPrice>12.90</ItemPrice>
      <UnitOfMeasurePrice>4.30</UnitOfMeasurePrice>
      <AllowDiscount>1</AllowDiscount>
      <itemStatus>1</itemStatus>
      <LastUpdateDate />
      <LastUpdateTime />
    </Product>
    <Product>
      <PriceUpdateDate>2019/04/11 10:04</PriceUpdateDate>
      <ItemCode>7290000169798</ItemCode>
      <ItemType>1</ItemType>
      <ItemName>עוגי מופחת סוכר 500גר</ItemName>
      <ManufactureName>יוניליוור ישראל שיווק בעמ</ManufactureName>
      <ManufactureCountry />
      <ManufactureItemDescription />
      <UnitQty>יח`</UnitQty>
      <Quantity>5</Quantity>
      <UnitMeasure>100 גרם</UnitMeasure>
      <BisWeighted>0</BisWeighted>
      <QtyInPackage>1</QtyInPackage>
      <ItemPrice>18.90</ItemPrice>
      <UnitOfMeasurePrice>3.78</UnitOfMeasurePrice>
      <AllowDiscount>1</AllowDiscount>
      <itemStatus>1</itemStatus>
      <LastUpdateDate />
      <LastUpdateTime />
    </Product>
    <Product>
      <PriceUpdateDate>2018/04/24 09:54</PriceUpdateDate>
      <ItemCode>7290000170053</ItemCode>
      <ItemType>1</ItemType>
      <ItemName>שוקולד פרה חלב עלית (100 גרם)</ItemName>
      <ManufactureName>שטראוס גרופ בעמ</ManufactureName>
      <ManufactureCountry />
      <ManufactureItemDescription />
      <UnitQty>יח`</UnitQty>
      <Quantity>1</Quantity>
      <UnitMeasure>100 גרם</UnitMeasure>
      <BisWeighted>0</BisWeighted>
      <QtyInPackage>1</QtyInPackage>
      <ItemPrice>4.90</ItemPrice>
      <UnitOfMeasurePrice>4.90</UnitOfMeasurePrice>
      <AllowDiscount>1</AllowDiscount>
      <itemStatus>1</itemStatus>
      <LastUpdateDate />
      <LastUpdateTime />
    </Product>
    <Product>
      <PriceUpdateDate>2019/08/06 07:38</PriceUpdateDate>
      <ItemCode>7290000170077</ItemCode>
      <ItemType>1</ItemType>
      <ItemName>שוקולד פרה מריר פרווה עלית (100 גרם)</ItemName>
      <ManufactureName>שטראוס גרופ בעמ</ManufactureName>
      <ManufactureCountry />
      <ManufactureItemDescription />
      <UnitQty>יח`</UnitQty>
      <Quantity>1</Quantity>
      <UnitMeasure>100 גרם</UnitMeasure>
      <BisWeighted>0</BisWeighted>
      <QtyInPackage>1</QtyInPackage>
      <ItemPrice>4.90</ItemPrice>
      <UnitOfMeasurePrice>4.90</UnitOfMeasurePrice>
      <AllowDiscount>1</AllowDiscount>
      <itemStatus>1</itemStatus>
      <LastUpdateDate />
      <LastUpdateTime />
    </Product>
    <Product>
      <PriceUpdateDate>2018/04/24 09:46</PriceUpdateDate>
      <ItemCode>7290000170275</ItemCode>
      <ItemType>1</ItemType>
      <ItemName>טבלאות פרה במילוי קרם נוגט</ItemName>
      <ManufactureName>שטראוס גרופ בעמ</ManufactureName>
      <ManufactureCountry />
      <ManufactureItemDescription />
      <UnitQty>יח`</UnitQty>
      <Quantity>1</Quantity>
      <UnitMeasure>100 גרם</UnitMeasure>
      <BisWeighted>0</BisWeighted>
      <QtyInPackage>1</QtyInPackage>
      <ItemPrice>4.90</ItemPrice>
      <UnitOfMeasurePrice>4.90</UnitOfMeasurePrice>
      <AllowDiscount>1</AllowDiscount>
      <itemStatus>1</itemStatus>
      <LastUpdateDate />
      <LastUpdateTime />
    </Product>
    <Product>
      <PriceUpdateDate>2018/04/24 09:46</PriceUpdateDate>
      <ItemCode>7290000174037</ItemCode>
      <ItemType>1</ItemType>
      <ItemName>בפלות בטעם לימון עלית (500 גרם)</ItemName>
      <ManufactureName>שטראוס גרופ בעמ</ManufactureName>
      <ManufactureCountry />
      <ManufactureItemDescription />
      <UnitQty>יח`</UnitQty>
      <Quantity>5</Quantity>
      <UnitMeasure>100 גרם</UnitMeasure>
      <BisWeighted>0</BisWeighted>
      <QtyInPackage>1</QtyInPackage>
      <ItemPrice>12.90</ItemPrice>
      <UnitOfMeasurePrice>2.58</UnitOfMeasurePrice>
      <AllowDiscount>0</AllowDiscount>
      <itemStatus>1</itemStatus>
      <LastUpdateDate />
      <LastUpdateTime />
    </Product>
    <Product>
      <PriceUpdateDate>2018/12/17 11:15</PriceUpdateDate>
      <ItemCode>7290000174099</ItemCode>
      <ItemType>1</ItemType>
      <ItemName>בפלות בטעם שוקולד עלית (4 יח` - 500 גרם)</ItemName>
      <ManufactureName>שטראוס גרופ בעמ</ManufactureName>
      <ManufactureCountry />
      <ManufactureItemDescription />
      <UnitQty>יח`</UnitQty>
      <Quantity>5</Quantity>
      <UnitMeasure>100 גרם</UnitMeasure>
      <BisWeighted>0</BisWeighted>
      <QtyInPackage>1</QtyInPackage>
      <ItemPrice>12.90</ItemPrice>
      <UnitOfMeasurePrice>2.58</UnitOfMeasurePrice>
      <AllowDiscount>0</AllowDiscount>
      <itemStatus>1</itemStatus>
      <LastUpdateDate />
      <LastUpdateTime />
    </Product>
    <Product>
      <PriceUpdateDate>2018/04/24 09:46</PriceUpdateDate>
      <ItemCode>7290000174723</ItemCode>
      <ItemType>1</ItemType>
      <ItemName>שוקולית אבקת שוקו עלית (500 גרם)</ItemName>
      <ManufactureName>שטראוס גרופ בעמ</ManufactureName>
      <ManufactureCountry />
      <ManufactureItemDescription />
      <UnitQty>יח`</UnitQty>
      <Quantity>5</Quantity>
      <UnitMeasure>100 גרם</UnitMeasure>
      <BisWeighted>0</BisWeighted>
      <QtyInPackage>1</QtyInPackage>
      <ItemPrice>11.90</ItemPrice>
      <UnitOfMeasurePrice>2.38</UnitOfMeasurePrice>
      <AllowDiscount>0</AllowDiscount>
      <itemStatus>1</itemStatus>
      <LastUpdateDate />
      <LastUpdateTime />
    </Product>
    <Product>
      <PriceUpdateDate>2018/04/24 09:47</PriceUpdateDate>
      <ItemCode>7290000175027</ItemCode>
      <ItemType>1</ItemType>
      <ItemName>ממרחית בטעם שוקולד עלית (500 גרם)</ItemName>
      <ManufactureName>שטראוס גרופ בעמ</ManufactureName>
      <ManufactureCountry />
      <ManufactureItemDescription />
      <UnitQty>יח`</UnitQty>
      <Quantity>5</Quantity>
      <UnitMeasure>100 גרם</UnitMeasure>
      <BisWeighted>0</BisWeighted>
      <QtyInPackage>1</QtyInPackage>
      <ItemPrice>11.90</ItemPrice>
      <UnitOfMeasurePrice>2.38</UnitOfMeasurePrice>
      <AllowDiscount>0</AllowDiscount>
      <itemStatus>1</itemStatus>
      <LastUpdateDate />
      <LastUpdateTime />
    </Product>
    <Product>
      <PriceUpdateDate>2018/08/05 11:28</PriceUpdateDate>
      <ItemCode>7290000176062</ItemCode>
      <ItemType>1</ItemType>
      <ItemName>קפה טורקי עלית (100 גרם)</ItemName>
      <ManufactureName>שטראוס גרופ בעמ</ManufactureName>
      <ManufactureCountry />
      <ManufactureItemDescription />
      <UnitQty>יח`</UnitQty>
      <Quantity>1</Quantity>
      <UnitMeasure>100 גרם</UnitMeasure>
      <BisWeighted>0</BisWeighted>
      <QtyInPackage>1</QtyInPackage>
      <ItemPrice>8.90</ItemPrice>
      <UnitOfMeasurePrice>8.90</UnitOfMeasurePrice>
      <AllowDiscount>0</AllowDiscount>
      <itemStatus>1</itemStatus>
      <LastUpdateDate />
      <LastUpdateTime />
    </Product>
    <Product>
      <PriceUpdateDate>2019/01/30 09:36</PriceUpdateDate>
      <ItemCode>7290000176079</ItemCode>
      <ItemType>1</ItemType>
      <ItemName>קפה טורקי עם הל עלית (100 גרם)</ItemName>
      <ManufactureName>שטראוס גרופ בעמ</ManufactureName>
      <ManufactureCountry />
      <ManufactureItemDescription />
      <UnitQty>יח`</UnitQty>
      <Quantity>1</Quantity>
      <UnitMeasure>100 גרם</UnitMeasure>
      <BisWeighted>0</BisWeighted>
      <QtyInPackage>1</QtyInPackage>
      <ItemPrice>8.90</ItemPrice>
      <UnitOfMeasurePrice>8.90</UnitOfMeasurePrice>
      <AllowDiscount>0</AllowDiscount>
      <itemStatus>1</itemStatus>
      <LastUpdateDate />
      <LastUpdateTime />
    </Product>
    <Product>
      <PriceUpdateDate>2019/02/06 11:39</PriceUpdateDate>
      <ItemCode>7290000176093</ItemCode>
      <ItemType>1</ItemType>
      <ItemName>קפה טורקי אלדין עלית (200 גרם)</ItemName>
      <ManufactureName>שטראוס גרופ בעמ</ManufactureName>
      <ManufactureCountry />
      <ManufactureItemDescription />
      <UnitQty>יח`</UnitQty>
      <Quantity>2</Quantity>
      <UnitMeasure>100 גרם</UnitMeasure>
      <BisWeighted>0</BisWeighted>
      <QtyInPackage>1</QtyInPackage>
      <ItemPrice>17.90</ItemPrice>
      <UnitOfMeasurePrice>8.95</UnitOfMeasurePrice>
      <AllowDiscount>0</AllowDiscount>
      <itemStatus>1</itemStatus>
      <LastUpdateDate />
      <LastUpdateTime />
    </Product>
    <Product>
      <PriceUpdateDate>2018/04/24 09:47</PriceUpdateDate>
      <ItemCode>7290000176116</ItemCode>
      <ItemType>1</ItemType>
      <ItemName>קפה טורקי בוואקום עלית (1 קג)</ItemName>
      <ManufactureName>שטראוס גרופ בעמ</ManufactureName>
      <ManufactureCountry />
      <ManufactureItemDescription />
      <UnitQty>יח`</UnitQty>
      <Quantity>1</Quantity>
      <UnitMeasure>ק"ג</UnitMeasure>
      <BisWeighted>0</BisWeighted>
      <QtyInPackage>1</QtyInPackage>
      <ItemPrice>74.90</ItemPrice>
      <UnitOfMeasurePrice>74.90</UnitOfMeasurePrice>
      <AllowDiscount>0</AllowDiscount>
      <itemStatus>1</itemStatus>
      <LastUpdateDate />
      <LastUpdateTime />
    </Product>
    <Product>
      <PriceUpdateDate>2018/04/24 09:47</PriceUpdateDate>
      <ItemCode>7290000176147</ItemCode>
      <ItemType>1</ItemType>
      <ItemName>קפה מוקה לפילטר מספר 1 עלית (500 גרם)</ItemName>
      <ManufactureName>שטראוס גרופ בעמ</ManufactureName>
      <ManufactureCountry />
      <ManufactureItemDescription />
      <UnitQty>יח`</UnitQty>
      <Quantity>10</Quantity>
      <UnitMeasure>100 מ"ל</UnitMeasure>
      <BisWeighted>0</BisWeighted>
      <QtyInPackage>1</QtyInPackage>
      <ItemPrice>47.90</ItemPrice>
      <UnitOfMeasurePrice>4.79</UnitOfMeasurePrice>
      <AllowDiscount>0</AllowDiscount>
      <itemStatus>1</itemStatus>
      <LastUpdateDate />
      <LastUpdateTime />
    </Product>
    <Product>
      <PriceUpdateDate>2018/04/24 09:47</PriceUpdateDate>
      <ItemCode>7290000176192</ItemCode>
      <ItemType>1</ItemType>
      <ItemName>קפה טורקי האג נטול קפאין עלית (200 גרם)</ItemName>
      <ManufactureName>שטראוס גרופ בעמ</ManufactureName>
      <ManufactureCountry />
      <ManufactureItemDescription />
      <UnitQty>יח`</UnitQty>
      <Quantity>2</Quantity>
      <UnitMeasure>100 גרם</UnitMeasure>
      <BisWeighted>0</BisWeighted>
      <QtyInPackage>1</QtyInPackage>
      <ItemPrice>26.70</ItemPrice>
      <UnitOfMeasurePrice>13.35</UnitOfMeasurePrice>
      <AllowDiscount>0</AllowDiscount>
      <itemStatus>1</itemStatus>
      <LastUpdateDate />
      <LastUpdateTime />
    </Product>
    <Product>
      <PriceUpdateDate>2018/04/24 09:47</PriceUpdateDate>
      <ItemCode>7290000176413</ItemCode>
      <ItemType>1</ItemType>
      <ItemName>נס קפה קטן פח</ItemName>
      <ManufactureName>שטראוס גרופ בעמ</ManufactureName>
      <ManufactureCountry />
      <ManufactureItemDescription />
      <UnitQty>יח`</UnitQty>
      <Quantity>0.50</Quantity>
      <UnitMeasure>100 גרם</UnitMeasure>
      <BisWeighted>0</BisWeighted>
      <QtyInPackage>1</QtyInPackage>
      <ItemPrice>9.90</ItemPrice>
      <UnitOfMeasurePrice>19.80</UnitOfMeasurePrice>
      <AllowDiscount>0</AllowDiscount>
      <itemStatus>1</itemStatus>
      <LastUpdateDate />
      <LastUpdateTime />
    </Product>
    <Product>
      <PriceUpdateDate>2018/08/05 11:28</PriceUpdateDate>
      <ItemCode>7290000176420</ItemCode>
      <ItemType>1</ItemType>
      <ItemName>קפה נמס עלית (200 גרם)</ItemName>
      <ManufactureName>שטראוס גרופ בעמ</ManufactureName>
      <ManufactureCountry />
      <ManufactureItemDescription />
      <UnitQty>יח`</UnitQty>
      <Quantity>2</Quantity>
      <UnitMeasure>100 גרם</UnitMeasure>
      <BisWeighted>0</BisWeighted>
      <QtyInPackage>1</QtyInPackage>
      <ItemPrice>19.90</ItemPrice>
      <UnitOfMeasurePrice>9.95</UnitOfMeasurePrice>
      <AllowDiscount>0</AllowDiscount>
      <itemStatus>1</itemStatus>
      <LastUpdateDate />
      <LastUpdateTime />
    </Product>
    <Product>
      <PriceUpdateDate>2019/02/06 11:39</PriceUpdateDate>
      <ItemCode>7290000176475</ItemCode>
      <ItemType>1</ItemType>
      <ItemName>קפה נמס נטול קפאין האג עלית (200 גרם)</ItemName>
      <ManufactureName>שטראוס גרופ בעמ</ManufactureName>
      <ManufactureCountry />
      <ManufactureItemDescription />
      <UnitQty>יח`</UnitQty>
      <Quantity>2</Quantity>
      <UnitMeasure>100 גרם</UnitMeasure>
      <BisWeighted>0</BisWeighted>
      <QtyInPackage>1</QtyInPackage>
      <ItemPrice>34.90</ItemPrice>
      <UnitOfMeasurePrice>17.45</UnitOfMeasurePrice>
      <AllowDiscount>0</AllowDiscount>
      <itemStatus>1</itemStatus>
      <LastUpdateDate />
      <LastUpdateTime />
    </Product>
    <Product>
      <PriceUpdateDate>2018/04/24 09:33</PriceUpdateDate>
      <ItemCode>7290000178707</ItemCode>
      <ItemType>1</ItemType>
      <ItemName>חטיף צ`יפס בטעם טבעי תפוצ`יפס (50 גרם)</ItemName>
      <ManufactureName>שטראוס פריטו ליי בעמ</ManufactureName>
      <ManufactureCountry />
      <ManufactureItemDescription />
      <UnitQty>יח`</UnitQty>
      <Quantity>0.50</Quantity>
      <UnitMeasure>100 גרם</UnitMeasure>
      <BisWeighted>0</BisWeighted>
      <QtyInPackage>1</QtyInPackage>
      <ItemPrice>3.90</ItemPrice>
      <UnitOfMeasurePrice>7.80</UnitOfMeasurePrice>
      <AllowDiscount>0</AllowDiscount>
      <itemStatus>1</itemStatus>
      <LastUpdateDate />
      <LastUpdateTime />
    </Product>
    <Product>
      <PriceUpdateDate>2018/08/05 11:28</PriceUpdateDate>
      <ItemCode>7290000178721</ItemCode>
      <ItemType>1</ItemType>
      <ItemName>חטיף צ`יפס בטעם טבעי תפוצ`יפס (200 גרם)</ItemName>
      <ManufactureName>שטראוס פריטו ליי בעמ</ManufactureName>
      <ManufactureCountry />
      <ManufactureItemDescription />
      <UnitQty>יח`</UnitQty>
      <Quantity>2</Quantity>
      <UnitMeasure>100 גרם</UnitMeasure>
      <BisWeighted>0</BisWeighted>
      <QtyInPackage>1</QtyInPackage>
      <ItemPrice>10.90</ItemPrice>
      <UnitOfMeasurePrice>5.45</UnitOfMeasurePrice>
      <AllowDiscount>1</AllowDiscount>
      <itemStatus>1</itemStatus>
      <LastUpdateDate />
      <LastUpdateTime />
    </Product>
    <Product>
      <PriceUpdateDate>2018/04/24 11:30</PriceUpdateDate>
      <ItemCode>7290000180212</ItemCode>
      <ItemType>1</ItemType>
      <ItemName>שוקולד פרה מריר עם אגוזים עלית (100 גרם)</ItemName>
      <ManufactureName>שטראוס גרופ בעמ</ManufactureName>
      <ManufactureCountry />
      <ManufactureItemDescription />
      <UnitQty>יח`</UnitQty>
      <Quantity>1</Quantity>
      <UnitMeasure>100 גרם</UnitMeasure>
      <BisWeighted>0</BisWeighted>
      <QtyInPackage>1</QtyInPackage>
      <ItemPrice>4.90</ItemPrice>
      <UnitOfMeasurePrice>4.90</UnitOfMeasurePrice>
      <AllowDiscount>1</AllowDiscount>
      <itemStatus>1</itemStatus>
      <LastUpdateDate />
      <LastUpdateTime />
    </Product>
    <Product>
      <PriceUpdateDate>2019/05/27 16:17</PriceUpdateDate>
      <ItemCode>7290000181103</ItemCode>
      <ItemType>1</ItemType>
      <ItemName>ביסקוויט עד חצות חלבי 200 גר`</ItemName>
      <ManufactureName>שטראוס גרופ בעמ</ManufactureName>
      <ManufactureCountry />
      <ManufactureItemDescription />
      <UnitQty>יח`</UnitQty>
      <Quantity>2</Quantity>
      <UnitMeasure>100 גרם</UnitMeasure>
      <BisWeighted>0</BisWeighted>
      <QtyInPackage>1</QtyInPackage>
      <ItemPrice>13.90</ItemPrice>
      <UnitOfMeasurePrice>6.95</UnitOfMeasurePrice>
      <AllowDiscount>1</AllowDiscount>
      <itemStatus>1</itemStatus>
      <LastUpdateDate />
      <LastUpdateTime />
    </Product>
    <Product>
      <PriceUpdateDate>2020/02/05 08:40</PriceUpdateDate>
      <ItemCode>7290000186535</ItemCode>
      <ItemType>1</ItemType>
      <ItemName>נייר טואלט טריו לבן לילי (32)</ItemName>
      <ManufactureName>קימברלי קלארק ישראל שיווק בעמ</ManufactureName>
      <ManufactureCountry />
      <ManufactureItemDescription />
      <UnitQty>יח`</UnitQty>
      <Quantity>1</Quantity>
      <UnitMeasure />
      <BisWeighted>0</BisWeighted>
      <QtyInPackage>1</QtyInPackage>
      <ItemPrice>39.90</ItemPrice>
      <UnitOfMeasurePrice>39.90</UnitOfMeasurePrice>
      <AllowDiscount>0</AllowDiscount>
      <itemStatus>1</itemStatus>
      <LastUpdateDate />
      <LastUpdateTime />
    </Product>
    <Product>
      <PriceUpdateDate>2019/09/08 10:47</PriceUpdateDate>
      <ItemCode>7290000186931</ItemCode>
      <ItemType>1</ItemType>
      <ItemName>כריות קרצוף חתוכות ניקול (12)</ItemName>
      <ManufactureName>קימברלי קלארק ישראל שיווק בעמ</ManufactureName>
      <ManufactureCountry />
      <ManufactureItemDescription />
      <UnitQty>יח`</UnitQty>
      <Quantity>1</Quantity>
      <UnitMeasure />
      <BisWeighted>0</BisWeighted>
      <QtyInPackage>1</QtyInPackage>
      <ItemPrice>10.90</ItemPrice>
      <UnitOfMeasurePrice>10.90</UnitOfMeasurePrice>
      <AllowDiscount>1</AllowDiscount>
      <itemStatus>1</itemStatus>
      <LastUpdateDate />
      <LastUpdateTime />
    </Product>
    <Product>
      <PriceUpdateDate>2019/06/17 17:24</PriceUpdateDate>
      <ItemCode>7290000187860</ItemCode>
      <ItemType>1</ItemType>
      <ItemName>מגבוני טואלט לחים לילי) (40</ItemName>
      <ManufactureName>קימברלי קלארק ישראל שיווק בעמ</ManufactureName>
      <ManufactureCountry />
      <ManufactureItemDescription />
      <UnitQty>יח`</UnitQty>
      <Quantity>0.59</Quantity>
      <UnitMeasure>100 גרם</UnitMeasure>
      <BisWeighted>0</BisWeighted>
      <QtyInPackage>1</QtyInPackage>
      <ItemPrice>7.90</ItemPrice>
      <UnitOfMeasurePrice>13.39</UnitOfMeasurePrice>
      <AllowDiscount>0</AllowDiscount>
      <itemStatus>1</itemStatus>
      <LastUpdateDate />
      <LastUpdateTime />
    </Product>
    <Product>
      <PriceUpdateDate>2018/07/23 10:17</PriceUpdateDate>
      <ItemCode>7290000187921</ItemCode>
      <ItemType>1</ItemType>
      <ItemName>נייר טואלט קלאסיק לבן לילי (32)</ItemName>
      <ManufactureName>קימברלי קלארק ישראל שיווק בעמ</ManufactureName>
      <ManufactureCountry />
      <ManufactureItemDescription />
      <UnitQty>יח`</UnitQty>
      <Quantity>19.69</Quantity>
      <UnitMeasure>100 גרם</UnitMeasure>
      <BisWeighted>0</BisWeighted>
      <QtyInPackage>1</QtyInPackage>
      <ItemPrice>37.90</ItemPrice>
      <UnitOfMeasurePrice>1.92</UnitOfMeasurePrice>
      <AllowDiscount>0</AllowDiscount>
      <itemStatus>1</itemStatus>
      <LastUpdateDate />
      <LastUpdateTime />
    </Product>
    <Product>
      <PriceUpdateDate>2018/12/19 10:44</PriceUpdateDate>
      <ItemCode>7290000187938</ItemCode>
      <ItemType>1</ItemType>
      <ItemName>נייר טואלט פסטל לילי 32 גלילים</ItemName>
      <ManufactureName>קימברלי קלארק ישראל שיווק בעמ</ManufactureName>
      <ManufactureCountry />
      <ManufactureItemDescription />
      <UnitQty>יח`</UnitQty>
      <Quantity>19.69</Quantity>
      <UnitMeasure>יח`</UnitMeasure>
      <BisWeighted>0</BisWeighted>
      <QtyInPackage>1</QtyInPackage>
      <ItemPrice>32.90</ItemPrice>
      <UnitOfMeasurePrice>1.67</UnitOfMeasurePrice>
      <AllowDiscount>0</AllowDiscount>
      <itemStatus>1</itemStatus>
      <LastUpdateDate />
      <LastUpdateTime />
    </Product>
    <Product>
      <PriceUpdateDate>2018/08/01 17:31</PriceUpdateDate>
      <ItemCode>7290000188355</ItemCode>
      <ItemType>1</ItemType>
      <ItemName>מגבת נייר ניקול (6)</ItemName>
      <ManufactureName>קימברלי קלארק ישראל שיווק בעמ</ManufactureName>
      <ManufactureCountry />
      <ManufactureItemDescription />
      <UnitQty>יח`</UnitQty>
      <Quantity>1</Quantity>
      <UnitMeasure />
      <BisWeighted>0</BisWeighted>
      <QtyInPackage>1</QtyInPackage>
      <ItemPrice>11.90</ItemPrice>
      <UnitOfMeasurePrice>11.90</UnitOfMeasurePrice>
      <AllowDiscount>1</AllowDiscount>
      <itemStatus>1</itemStatus>
      <LastUpdateDate />
      <LastUpdateTime />
    </Product>
    <Product>
      <PriceUpdateDate>2018/04/24 12:32</PriceUpdateDate>
      <ItemCode>7290000188782</ItemCode>
      <ItemType>1</ItemType>
      <ItemName>מגבונים לחים בבישום עדין טיטולים (72x4)</ItemName>
      <ManufactureName>קימברלי קלארק ישראל שיווק בעמ</ManufactureName>
      <ManufactureCountry />
      <ManufactureItemDescription />
      <UnitQty>יח`</UnitQty>
      <Quantity>1</Quantity>
      <UnitMeasure />
      <BisWeighted>0</BisWeighted>
      <QtyInPackage>1</QtyInPackage>
      <ItemPrice>19.90</ItemPrice>
      <UnitOfMeasurePrice>19.90</UnitOfMeasurePrice>
      <AllowDiscount>1</AllowDiscount>
      <itemStatus>1</itemStatus>
      <LastUpdateDate />
      <LastUpdateTime />
    </Product>
    <Product>
      <PriceUpdateDate>2019/01/07 10:57</PriceUpdateDate>
      <ItemCode>7290000189192</ItemCode>
      <ItemType>1</ItemType>
      <ItemName>מגבת רב שימושית ניקול</ItemName>
      <ManufactureName>קימברלי קלארק ישראל שיווק בעמ</ManufactureName>
      <ManufactureCountry />
      <ManufactureItemDescription />
      <UnitQty>יח`</UnitQty>
      <Quantity>1</Quantity>
      <UnitMeasure>יח`</UnitMeasure>
      <BisWeighted>0</BisWeighted>
      <QtyInPackage>1</QtyInPackage>
      <ItemPrice>19.90</ItemPrice>
      <UnitOfMeasurePrice>19.90</UnitOfMeasurePrice>
      <AllowDiscount>0</AllowDiscount>
      <itemStatus>1</itemStatus>
      <LastUpdateDate />
      <LastUpdateTime />
    </Product>
    <Product>
      <PriceUpdateDate>2018/04/24 11:30</PriceUpdateDate>
      <ItemCode>7290000189536</ItemCode>
      <ItemType>1</ItemType>
      <ItemName>אשפתון 40</ItemName>
      <ManufactureName>קימברלי קלארק ישראל שיווק בעמ</ManufactureName>
      <ManufactureCountry />
      <ManufactureItemDescription />
      <UnitQty>יח`</UnitQty>
      <Quantity>40</Quantity>
      <UnitMeasure>יח`</UnitMeasure>
      <BisWeighted>0</BisWeighted>
      <QtyInPackage>1</QtyInPackage>
      <ItemPrice>20.90</ItemPrice>
      <UnitOfMeasurePrice>0.52</UnitOfMeasurePrice>
      <AllowDiscount>1</AllowDiscount>
      <itemStatus>1</itemStatus>
      <LastUpdateDate />
      <LastUpdateTime />
    </Product>
    <Product>
      <PriceUpdateDate>2018/04/24 10:08</PriceUpdateDate>
      <ItemCode>7290000189550</ItemCode>
      <ItemType>1</ItemType>
      <ItemName>זוג אשפתון 90x78 ניקול) (10x2</ItemName>
      <ManufactureName>קימברלי קלארק ישראל שיווק בעמ</ManufactureName>
      <ManufactureCountry />
      <ManufactureItemDescription />
      <UnitQty>יח`</UnitQty>
      <Quantity>1</Quantity>
      <UnitMeasure>יח`</UnitMeasure>
      <BisWeighted>0</BisWeighted>
      <QtyInPackage>1</QtyInPackage>
      <ItemPrice>23.90</ItemPrice>
      <UnitOfMeasurePrice>23.90</UnitOfMeasurePrice>
      <AllowDiscount>0</AllowDiscount>
      <itemStatus>1</itemStatus>
      <LastUpdateDate />
      <LastUpdateTime />
    </Product>
    <Product>
      <PriceUpdateDate>2019/09/08 10:47</PriceUpdateDate>
      <ItemCode>7290000189598</ItemCode>
      <ItemType>1</ItemType>
      <ItemName>מטליות לחות לניקוי כללי ניקול (50)</ItemName>
      <ManufactureName>קימברלי קלארק ישראל שיווק בעמ</ManufactureName>
      <ManufactureCountry />
      <ManufactureItemDescription />
      <UnitQty>יח`</UnitQty>
      <Quantity>1</Quantity>
      <UnitMeasure>יח`</UnitMeasure>
      <BisWeighted>0</BisWeighted>
      <QtyInPackage>1</QtyInPackage>
      <ItemPrice>11.90</ItemPrice>
      <UnitOfMeasurePrice>11.90</UnitOfMeasurePrice>
      <AllowDiscount>1</AllowDiscount>
      <itemStatus>1</itemStatus>
      <LastUpdateDate />
      <LastUpdateTime />
    </Product>
    <Product>
      <PriceUpdateDate>2019/09/08 10:47</PriceUpdateDate>
      <ItemCode>7290000189659</ItemCode>
      <ItemType>1</ItemType>
      <ItemName>מטליות לחות לניקוי רצפה ניקול (10)</ItemName>
      <ManufactureName>קימברלי קלארק ישראל שיווק בעמ</ManufactureName>
      <ManufactureCountry />
      <ManufactureItemDescription />
      <UnitQty>יח`</UnitQty>
      <Quantity>1</Quantity>
      <UnitMeasure>יח`</UnitMeasure>
      <BisWeighted>0</BisWeighted>
      <QtyInPackage>1</QtyInPackage>
      <ItemPrice>13.90</ItemPrice>
      <UnitOfMeasurePrice>13.90</UnitOfMeasurePrice>
      <AllowDiscount>1</AllowDiscount>
      <itemStatus>1</itemStatus>
      <LastUpdateDate />
      <LastUpdateTime />
    </Product>
    <Product>
      <PriceUpdateDate>2019/01/07 10:57</PriceUpdateDate>
      <ItemCode>7290000189734</ItemCode>
      <ItemType>1</ItemType>
      <ItemName>מטליות לחות לניקוי פרקטים ניקול) (10</ItemName>
      <ManufactureName>קימברלי קלארק ישראל שיווק בעמ</ManufactureName>
      <ManufactureCountry />
      <ManufactureItemDescription />
      <UnitQty>יח`</UnitQty>
      <Quantity>1</Quantity>
      <UnitMeasure />
      <BisWeighted>0</BisWeighted>
      <QtyInPackage>1</QtyInPackage>
      <ItemPrice>21.90</ItemPrice>
      <UnitOfMeasurePrice>21.90</UnitOfMeasurePrice>
      <AllowDiscount>0</AllowDiscount>
      <itemStatus>1</itemStatus>
      <LastUpdateDate />
      <LastUpdateTime />
    </Product>
    <Product>
      <PriceUpdateDate>2018/04/24 11:02</PriceUpdateDate>
      <ItemCode>7290000189758</ItemCode>
      <ItemType>1</ItemType>
      <ItemName>קוטקס מגן תחתון נורמל בניחוח עדין 50 יח</ItemName>
      <ManufactureName>קימברלי קלארק ישראל שיווק בעמ</ManufactureName>
      <ManufactureCountry />
      <ManufactureItemDescription />
      <UnitQty>יח`</UnitQty>
      <Quantity>1</Quantity>
      <UnitMeasure />
      <BisWeighted>0</BisWeighted>
      <QtyInPackage>1</QtyInPackage>
      <ItemPrice>21.90</ItemPrice>
      <UnitOfMeasurePrice>21.90</UnitOfMeasurePrice>
      <AllowDiscount>0</AllowDiscount>
      <itemStatus>1</itemStatus>
      <LastUpdateDate />
      <LastUpdateTime />
    </Product>
    <Product>
      <PriceUpdateDate>2020/03/10 12:43</PriceUpdateDate>
      <ItemCode>7290000189871</ItemCode>
      <ItemType>1</ItemType>
      <ItemName>שקיות אשפה לפח עם שרוך 64x52 ניקול (55)</ItemName>
      <ManufactureName>קימברלי קלארק ישראל שיווק בעמ</ManufactureName>
      <ManufactureCountry />
      <ManufactureItemDescription />
      <UnitQty>יח`</UnitQty>
      <Quantity>60</Quantity>
      <UnitMeasure>יח`</UnitMeasure>
      <BisWeighted>0</BisWeighted>
      <QtyInPackage>1</QtyInPackage>
      <ItemPrice>17.90</ItemPrice>
      <UnitOfMeasurePrice>0.30</UnitOfMeasurePrice>
      <AllowDiscount>0</AllowDiscount>
      <itemStatus>1</itemStatus>
      <LastUpdateDate />
      <LastUpdateTime />
    </Product>
    <Product>
      <PriceUpdateDate>2018/04/24 10:10</PriceUpdateDate>
      <ItemCode>7290000190150</ItemCode>
      <ItemType>1</ItemType>
      <ItemName>מפיות אירוח לילי סטייל ניקול (20)</ItemName>
      <ManufactureName>קימברלי קלארק ישראל שיווק בעמ</ManufactureName>
      <ManufactureCountry />
      <ManufactureItemDescription />
      <UnitQty>יח`</UnitQty>
      <Quantity>1.02</Quantity>
      <UnitMeasure>100 גרם</UnitMeasure>
      <BisWeighted>0</BisWeighted>
      <QtyInPackage>1</QtyInPackage>
      <ItemPrice>8.90</ItemPrice>
      <UnitOfMeasurePrice>8.73</UnitOfMeasurePrice>
      <AllowDiscount>1</AllowDiscount>
      <itemStatus>1</itemStatus>
      <LastUpdateDate />
      <LastUpdateTime />
    </Product>
    <Product>
      <PriceUpdateDate>2018/04/24 10:10</PriceUpdateDate>
      <ItemCode>7290000191393</ItemCode>
      <ItemType>1</ItemType>
      <ItemName>מגבוני מולט שביעייה</ItemName>
      <ManufactureName>קימברלי קלארק ישראל שיווק בעמ</ManufactureName>
      <ManufactureCountry />
      <ManufactureItemDescription />
      <UnitQty>יח`</UnitQty>
      <Quantity>8.2250</Quantity>
      <UnitMeasure>100 גרם</UnitMeasure>
      <BisWeighted>0</BisWeighted>
      <QtyInPackage>1</QtyInPackage>
      <ItemPrice>19.90</ItemPrice>
      <UnitOfMeasurePrice>2.42</UnitOfMeasurePrice>
      <AllowDiscount>0</AllowDiscount>
      <itemStatus>1</itemStatus>
      <LastUpdateDate />
      <LastUpdateTime />
    </Product>
    <Product>
      <PriceUpdateDate>2019/10/23 09:40</PriceUpdateDate>
      <ItemCode>7290000191539</ItemCode>
      <ItemType>1</ItemType>
      <ItemName>ממחטות טישו לילי) (100x5</ItemName>
      <ManufactureName>קימברלי קלארק ישראל שיווק בעמ</ManufactureName>
      <ManufactureCountry />
      <ManufactureItemDescription />
      <UnitQty>יח`</UnitQty>
      <Quantity>5.93</Quantity>
      <UnitMeasure>100 גרם</UnitMeasure>
      <BisWeighted>0</BisWeighted>
      <QtyInPackage>1</QtyInPackage>
      <ItemPrice>12.90</ItemPrice>
      <UnitOfMeasurePrice>2.18</UnitOfMeasurePrice>
      <AllowDiscount>0</AllowDiscount>
      <itemStatus>1</itemStatus>
      <LastUpdateDate />
      <LastUpdateTime />
    </Product>
    <Product>
      <PriceUpdateDate>2019/11/05 08:07</PriceUpdateDate>
      <ItemCode>7290000191652</ItemCode>
      <ItemType>1</ItemType>
      <ItemName>ממחטות אף קלינקס (90x3)</ItemName>
      <ManufactureName>קימברלי קלארק ישראל שיווק בעמ</ManufactureName>
      <ManufactureCountry />
      <ManufactureItemDescription />
      <UnitQty>יח`</UnitQty>
      <Quantity>1</Quantity>
      <UnitMeasure />
      <BisWeighted>0</BisWeighted>
      <QtyInPackage>1</QtyInPackage>
      <ItemPrice>10.90</ItemPrice>
      <UnitOfMeasurePrice>10.90</UnitOfMeasurePrice>
      <AllowDiscount>1</AllowDiscount>
      <itemStatus>1</itemStatus>
      <LastUpdateDate />
      <LastUpdateTime />
    </Product>
    <Product>
      <PriceUpdateDate>2018/04/24 11:02</PriceUpdateDate>
      <ItemCode>7290000191966</ItemCode>
      <ItemType>1</ItemType>
      <ItemName>מגבוני נ.ט לח סנסיטיב</ItemName>
      <ManufactureName>קימברלי קלארק ישראל שיווק בעמ</ManufactureName>
      <ManufactureCountry />
      <ManufactureItemDescription />
      <UnitQty>יח`</UnitQty>
      <Quantity>0.59</Quantity>
      <UnitMeasure>100 גרם</UnitMeasure>
      <BisWeighted>0</BisWeighted>
      <QtyInPackage>1</QtyInPackage>
      <ItemPrice>7.90</ItemPrice>
      <UnitOfMeasurePrice>13.39</UnitOfMeasurePrice>
      <AllowDiscount>0</AllowDiscount>
      <itemStatus>1</itemStatus>
      <LastUpdateDate />
      <LastUpdateTime />
    </Product>
    <Product>
      <PriceUpdateDate>2019/01/07 10:57</PriceUpdateDate>
      <ItemCode>7290000193083</ItemCode>
      <ItemType>1</ItemType>
      <ItemName>תחבושות נובה-לי לילי (28)</ItemName>
      <ManufactureName>קימברלי קלארק ישראל שיווק בעמ</ManufactureName>
      <ManufactureCountry />
      <ManufactureItemDescription />
      <UnitQty>יח`</UnitQty>
      <Quantity>1</Quantity>
      <UnitMeasure />
      <BisWeighted>0</BisWeighted>
      <QtyInPackage>1</QtyInPackage>
      <ItemPrice>10.90</ItemPrice>
      <UnitOfMeasurePrice>10.90</UnitOfMeasurePrice>
      <AllowDiscount>1</AllowDiscount>
      <itemStatus>1</itemStatus>
      <LastUpdateDate />
      <LastUpdateTime />
    </Product>
    <Product>
      <PriceUpdateDate>2018/04/24 10:10</PriceUpdateDate>
      <ItemCode>7290000193205</ItemCode>
      <ItemType>1</ItemType>
      <ItemName>תח` לילי נטורל לילה</ItemName>
      <ManufactureName>קימברלי קלארק ישראל שיווק בעמ</ManufactureName>
      <ManufactureCountry />
      <ManufactureItemDescription />
      <UnitQty>יח`</UnitQty>
      <Quantity>1</Quantity>
      <UnitMeasure>יח`</UnitMeasure>
      <BisWeighted>0</BisWeighted>
      <QtyInPackage>1</QtyInPackage>
      <ItemPrice>18.90</ItemPrice>
      <UnitOfMeasurePrice>18.90</UnitOfMeasurePrice>
      <AllowDiscount>1</AllowDiscount>
      <itemStatus>1</itemStatus>
      <LastUpdateDate />
      <LastUpdateTime />
    </Product>
    <Product>
      <PriceUpdateDate>2018/04/24 11:09</PriceUpdateDate>
      <ItemCode>7290000193472</ItemCode>
      <ItemType>1</ItemType>
      <ItemName>מגן תחתון נטורל נורמל לילי (60)</ItemName>
      <ManufactureName>קימברלי קלארק ישראל שיווק בעמ</ManufactureName>
      <ManufactureCountry />
      <ManufactureItemDescription />
      <UnitQty>יח`</UnitQty>
      <Quantity>1</Quantity>
      <UnitMeasure>יח`</UnitMeasure>
      <BisWeighted>0</BisWeighted>
      <QtyInPackage>1</QtyInPackage>
      <ItemPrice>18.90</ItemPrice>
      <UnitOfMeasurePrice>18.90</UnitOfMeasurePrice>
      <AllowDiscount>1</AllowDiscount>
      <itemStatus>1</itemStatus>
      <LastUpdateDate />
      <LastUpdateTime />
    </Product>
    <Product>
      <PriceUpdateDate>2018/04/24 10:10</PriceUpdateDate>
      <ItemCode>7290000193618</ItemCode>
      <ItemType>1</ItemType>
      <ItemName>מגן תחתון נטורל לייט לילי (62)</ItemName>
      <ManufactureName>קימברלי קלארק ישראל שיווק בעמ</ManufactureName>
      <ManufactureCountry />
      <ManufactureItemDescription />
      <UnitQty>יח`</UnitQty>
      <Quantity>1</Quantity>
      <UnitMeasure>יח`</UnitMeasure>
      <BisWeighted>0</BisWeighted>
      <QtyInPackage>1</QtyInPackage>
      <ItemPrice>18.90</ItemPrice>
      <UnitOfMeasurePrice>18.90</UnitOfMeasurePrice>
      <AllowDiscount>1</AllowDiscount>
      <itemStatus>1</itemStatus>
      <LastUpdateDate />
      <LastUpdateTime />
    </Product>
    <Product>
      <PriceUpdateDate>2018/04/24 10:10</PriceUpdateDate>
      <ItemCode>7290000193656</ItemCode>
      <ItemType>1</ItemType>
      <ItemName>תחבושות נטורל סופר עם כנפיים לילי (24)</ItemName>
      <ManufactureName>קימברלי קלארק ישראל שיווק בעמ</ManufactureName>
      <ManufactureCountry />
      <ManufactureItemDescription />
      <UnitQty>יח`</UnitQty>
      <Quantity>1</Quantity>
      <UnitMeasure>100 גרם</UnitMeasure>
      <BisWeighted>0</BisWeighted>
      <QtyInPackage>1</QtyInPackage>
      <ItemPrice>17.90</ItemPrice>
      <UnitOfMeasurePrice>17.90</UnitOfMeasurePrice>
      <AllowDiscount>1</AllowDiscount>
      <itemStatus>1</itemStatus>
      <LastUpdateDate />
      <LastUpdateTime />
    </Product>
    <Product>
      <PriceUpdateDate>2018/04/24 09:35</PriceUpdateDate>
      <ItemCode>7290000194172</ItemCode>
      <ItemType>1</ItemType>
      <ItemName>מארז חטיפים ללא סוכר 250 גר`</ItemName>
      <ManufactureName>ממתקי השלום בעולם בעמ</ManufactureName>
      <ManufactureCountry />
      <ManufactureItemDescription />
      <UnitQty>יח`</UnitQty>
      <Quantity>2.50</Quantity>
      <UnitMeasure>100 גרם</UnitMeasure>
      <BisWeighted>0</BisWeighted>
      <QtyInPackage>1</QtyInPackage>
      <ItemPrice>11.90</ItemPrice>
      <UnitOfMeasurePrice>4.76</UnitOfMeasurePrice>
      <AllowDiscount>0</AllowDiscount>
      <itemStatus>1</itemStatus>
      <LastUpdateDate />
      <LastUpdateTime />
    </Product>
    <Product>
      <PriceUpdateDate>2020/02/27 08:11</PriceUpdateDate>
      <ItemCode>7290000195537</ItemCode>
      <ItemType>1</ItemType>
      <ItemName>מגבוני האגיס רביעייה ללא בישום</ItemName>
      <ManufactureName>קימברלי קלארק ישראל שיווק בעמ</ManufactureName>
      <ManufactureCountry />
      <ManufactureItemDescription />
      <UnitQty>יח`</UnitQty>
      <Quantity>1</Quantity>
      <UnitMeasure />
      <BisWeighted>0</BisWeighted>
      <QtyInPackage>1</QtyInPackage>
      <ItemPrice>19.90</ItemPrice>
      <UnitOfMeasurePrice>19.90</UnitOfMeasurePrice>
      <AllowDiscount>1</AllowDiscount>
      <itemStatus>1</itemStatus>
      <LastUpdateDate />
      <LastUpdateTime />
    </Product>
    <Product>
      <PriceUpdateDate>2020/02/27 08:11</PriceUpdateDate>
      <ItemCode>7290000195544</ItemCode>
      <ItemType>1</ItemType>
      <ItemName>מגבונים לחים מבושמים האגיס (72x4)</ItemName>
      <ManufactureName>קימברלי קלארק ישראל שיווק בעמ</ManufactureName>
      <ManufactureCountry />
      <ManufactureItemDescription />
      <UnitQty>יח`</UnitQty>
      <Quantity>1</Quantity>
      <UnitMeasure />
      <BisWeighted>0</BisWeighted>
      <QtyInPackage>1</QtyInPackage>
      <ItemPrice>19.90</ItemPrice>
      <UnitOfMeasurePrice>19.90</UnitOfMeasurePrice>
      <AllowDiscount>1</AllowDiscount>
      <itemStatus>1</itemStatus>
      <LastUpdateDate />
      <LastUpdateTime />
    </Product>
    <Product>
      <PriceUpdateDate>2020/02/27 08:11</PriceUpdateDate>
      <ItemCode>7290000195773</ItemCode>
      <ItemType>1</ItemType>
      <ItemName>מגבוני האגיס רביעייה</ItemName>
      <ManufactureName>קימברלי קלארק ישראל שיווק בעמ</ManufactureName>
      <ManufactureCountry />
      <ManufactureItemDescription />
      <UnitQty>יח`</UnitQty>
      <Quantity>1</Quantity>
      <UnitMeasure />
      <BisWeighted>0</BisWeighted>
      <QtyInPackage>1</QtyInPackage>
      <ItemPrice>19.90</ItemPrice>
      <UnitOfMeasurePrice>19.90</UnitOfMeasurePrice>
      <AllowDiscount>1</AllowDiscount>
      <itemStatus>1</itemStatus>
      <LastUpdateDate />
      <LastUpdateTime />
    </Product>
    <Product>
      <PriceUpdateDate>2019/09/08 10:47</PriceUpdateDate>
      <ItemCode>7290000196039</ItemCode>
      <ItemType>1</ItemType>
      <ItemName>מפת שולחן 110*180 סמ ניקול (2)</ItemName>
      <ManufactureName>קימברלי קלארק ישראל שיווק בעמ</ManufactureName>
      <ManufactureCountry />
      <ManufactureItemDescription />
      <UnitQty>יח`</UnitQty>
      <Quantity>2.50</Quantity>
      <UnitMeasure>100 גרם</UnitMeasure>
      <BisWeighted>0</BisWeighted>
      <QtyInPackage>1</QtyInPackage>
      <ItemPrice>11.90</ItemPrice>
      <UnitOfMeasurePrice>4.76</UnitOfMeasurePrice>
      <AllowDiscount>1</AllowDiscount>
      <itemStatus>1</itemStatus>
      <LastUpdateDate />
      <LastUpdateTime />
    </Product>
    <Product>
      <PriceUpdateDate>2018/08/01 17:31</PriceUpdateDate>
      <ItemCode>7290000196763</ItemCode>
      <ItemType>1</ItemType>
      <ItemName>שקיות אשפה חזקות במיוחד 65x52 ניקול (40)</ItemName>
      <ManufactureName>קימברלי קלארק ישראל שיווק בעמ</ManufactureName>
      <ManufactureCountry />
      <ManufactureItemDescription />
      <UnitQty>יח`</UnitQty>
      <Quantity>1</Quantity>
      <UnitMeasure>יח`</UnitMeasure>
      <BisWeighted>0</BisWeighted>
      <QtyInPackage>1</QtyInPackage>
      <ItemPrice>27.90</ItemPrice>
      <UnitOfMeasurePrice>27.90</UnitOfMeasurePrice>
      <AllowDiscount>0</AllowDiscount>
      <itemStatus>1</itemStatus>
      <LastUpdateDate />
      <LastUpdateTime />
    </Product>
    <Product>
      <PriceUpdateDate>2018/04/24 10:00</PriceUpdateDate>
      <ItemCode>7290000197029</ItemCode>
      <ItemType>1</ItemType>
      <ItemName>שקיות  ריצ`רץ`רב תכליתיות ניקול) (12</ItemName>
      <ManufactureName>קימברלי קלארק ישראל שיווק בעמ</ManufactureName>
      <ManufactureCountry />
      <ManufactureItemDescription />
      <UnitQty>יח`</UnitQty>
      <Quantity>12</Quantity>
      <UnitMeasure>יח`</UnitMeasure>
      <BisWeighted>0</BisWeighted>
      <QtyInPackage>1</QtyInPackage>
      <ItemPrice>14.90</ItemPrice>
      <UnitOfMeasurePrice>1.24</UnitOfMeasurePrice>
      <AllowDiscount>0</AllowDiscount>
      <itemStatus>1</itemStatus>
      <LastUpdateDate />
      <LastUpdateTime />
    </Product>
    <Product>
      <PriceUpdateDate>2018/04/24 10:00</PriceUpdateDate>
      <ItemCode>7290000197081</ItemCode>
      <ItemType>1</ItemType>
      <ItemName>ניילונית 150 מ</ItemName>
      <ManufactureName>קימברלי קלארק ישראל שיווק בעמ</ManufactureName>
      <ManufactureCountry />
      <ManufactureItemDescription />
      <UnitQty>יח`</UnitQty>
      <Quantity>150</Quantity>
      <UnitMeasure />
      <BisWeighted>0</BisWeighted>
      <QtyInPackage>1</QtyInPackage>
      <ItemPrice>36.90</ItemPrice>
      <UnitOfMeasurePrice>0.25</UnitOfMeasurePrice>
      <AllowDiscount>1</AllowDiscount>
      <itemStatus>1</itemStatus>
      <LastUpdateDate />
      <LastUpdateTime />
    </Product>
    <Product>
      <PriceUpdateDate>2019/01/07 10:57</PriceUpdateDate>
      <ItemCode>7290000197326</ItemCode>
      <ItemType>1</ItemType>
      <ItemName>רדיד אלומיניום זוג רגיל ניקול</ItemName>
      <ManufactureName>קימברלי קלארק ישראל שיווק בעמ</ManufactureName>
      <ManufactureCountry />
      <ManufactureItemDescription />
      <UnitQty>יח`</UnitQty>
      <Quantity>2</Quantity>
      <UnitMeasure>100 גרם</UnitMeasure>
      <BisWeighted>0</BisWeighted>
      <QtyInPackage>1</QtyInPackage>
      <ItemPrice>14.90</ItemPrice>
      <UnitOfMeasurePrice>7.45</UnitOfMeasurePrice>
      <AllowDiscount>0</AllowDiscount>
      <itemStatus>1</itemStatus>
      <LastUpdateDate />
      <LastUpdateTime />
    </Product>
    <Product>
      <PriceUpdateDate>2019/01/07 10:57</PriceUpdateDate>
      <ItemCode>7290000197340</ItemCode>
      <ItemType>1</ItemType>
      <ItemName>ניקול-רדיד אלומיניום זוג 45</ItemName>
      <ManufactureName>קימברלי קלארק ישראל שיווק בעמ</ManufactureName>
      <ManufactureCountry />
      <ManufactureItemDescription />
      <UnitQty>יח`</UnitQty>
      <Quantity>1</Quantity>
      <UnitMeasure>יח`</UnitMeasure>
      <BisWeighted>0</BisWeighted>
      <QtyInPackage>1</QtyInPackage>
      <ItemPrice>19.90</ItemPrice>
      <UnitOfMeasurePrice>19.90</UnitOfMeasurePrice>
      <AllowDiscount>1</AllowDiscount>
      <itemStatus>1</itemStatus>
      <LastUpdateDate />
      <LastUpdateTime />
    </Product>
    <Product>
      <PriceUpdateDate>2019/03/24 20:17</PriceUpdateDate>
      <ItemCode>7290000197425</ItemCode>
      <ItemType>1</ItemType>
      <ItemName>חיתולי פרידום דריי שלב 3 האגיס (52)</ItemName>
      <ManufactureName>קימברלי קלארק ישראל שיווק בעמ</ManufactureName>
      <ManufactureCountry />
      <ManufactureItemDescription />
      <UnitQty>יח`</UnitQty>
      <Quantity>1</Quantity>
      <UnitMeasure />
      <BisWeighted>0</BisWeighted>
      <QtyInPackage>1</QtyInPackage>
      <ItemPrice>39.90</ItemPrice>
      <UnitOfMeasurePrice>39.90</UnitOfMeasurePrice>
      <AllowDiscount>1</AllowDiscount>
      <itemStatus>1</itemStatus>
      <LastUpdateDate />
      <LastUpdateTime />
    </Product>
    <Product>
      <PriceUpdateDate>2019/04/11 10:04</PriceUpdateDate>
      <ItemCode>7290000197432</ItemCode>
      <ItemType>1</ItemType>
      <ItemName>זוג סנדוויצ`ון ניקול (150x2)</ItemName>
      <ManufactureName>קימברלי קלארק ישראל שיווק בעמ</ManufactureName>
      <ManufactureCountry />
      <ManufactureItemDescription />
      <UnitQty>יח`</UnitQty>
      <Quantity>2</Quantity>
      <UnitMeasure>יח`</UnitMeasure>
      <BisWeighted>0</BisWeighted>
      <QtyInPackage>1</QtyInPackage>
      <ItemPrice>14.90</ItemPrice>
      <UnitOfMeasurePrice>7.45</UnitOfMeasurePrice>
      <AllowDiscount>0</AllowDiscount>
      <itemStatus>1</itemStatus>
      <LastUpdateDate />
      <LastUpdateTime />
    </Product>
    <Product>
      <PriceUpdateDate>2019/03/24 20:17</PriceUpdateDate>
      <ItemCode>7290000197463</ItemCode>
      <ItemType>1</ItemType>
      <ItemName>חיתולי פרידום דריי שלב +4 האגיס (40)</ItemName>
      <ManufactureName>קימברלי קלארק ישראל שיווק בעמ</ManufactureName>
      <ManufactureCountry />
      <ManufactureItemDescription />
      <UnitQty>יח`</UnitQty>
      <Quantity>1</Quantity>
      <UnitMeasure />
      <BisWeighted>0</BisWeighted>
      <QtyInPackage>1</QtyInPackage>
      <ItemPrice>39.90</ItemPrice>
      <UnitOfMeasurePrice>39.90</UnitOfMeasurePrice>
      <AllowDiscount>1</AllowDiscount>
      <itemStatus>1</itemStatus>
      <LastUpdateDate />
      <LastUpdateTime />
    </Product>
    <Product>
      <PriceUpdateDate>2018/04/24 10:00</PriceUpdateDate>
      <ItemCode>7290000197470</ItemCode>
      <ItemType>1</ItemType>
      <ItemName>שקיות רב שימושיות ניקול) (250</ItemName>
      <ManufactureName>קימברלי קלארק ישראל שיווק בעמ</ManufactureName>
      <ManufactureCountry />
      <ManufactureItemDescription />
      <UnitQty>יח`</UnitQty>
      <Quantity>200</Quantity>
      <UnitMeasure>יח`</UnitMeasure>
      <BisWeighted>0</BisWeighted>
      <QtyInPackage>1</QtyInPackage>
      <ItemPrice>14.90</ItemPrice>
      <UnitOfMeasurePrice>0.07</UnitOfMeasurePrice>
      <AllowDiscount>0</AllowDiscount>
      <itemStatus>1</itemStatus>
      <LastUpdateDate />
      <LastUpdateTime />
    </Product>
    <Product>
      <PriceUpdateDate>2019/03/24 20:17</PriceUpdateDate>
      <ItemCode>7290000197548</ItemCode>
      <ItemType>1</ItemType>
      <ItemName>חיתולי פרידום דריי שלב 5 האגיס (36)</ItemName>
      <ManufactureName>קימברלי קלארק ישראל שיווק בעמ</ManufactureName>
      <ManufactureCountry />
      <ManufactureItemDescription />
      <UnitQty>יח`</UnitQty>
      <Quantity>1</Quantity>
      <UnitMeasure />
      <BisWeighted>0</BisWeighted>
      <QtyInPackage>1</QtyInPackage>
      <ItemPrice>39.90</ItemPrice>
      <UnitOfMeasurePrice>39.90</UnitOfMeasurePrice>
      <AllowDiscount>1</AllowDiscount>
      <itemStatus>1</itemStatus>
      <LastUpdateDate />
      <LastUpdateTime />
    </Product>
    <Product>
      <PriceUpdateDate>2019/03/24 20:17</PriceUpdateDate>
      <ItemCode>7290000197678</ItemCode>
      <ItemType>1</ItemType>
      <ItemName>חיתולי פרידום דריי שלב 6 האגיס (30)</ItemName>
      <ManufactureName>קימברלי קלארק ישראל שיווק בעמ</ManufactureName>
      <ManufactureCountry />
      <ManufactureItemDescription />
      <UnitQty>יח`</UnitQty>
      <Quantity>1</Quantity>
      <UnitMeasure />
      <BisWeighted>0</BisWeighted>
      <QtyInPackage>1</QtyInPackage>
      <ItemPrice>39.90</ItemPrice>
      <UnitOfMeasurePrice>39.90</UnitOfMeasurePrice>
      <AllowDiscount>1</AllowDiscount>
      <itemStatus>1</itemStatus>
      <LastUpdateDate />
      <LastUpdateTime />
    </Product>
    <Product>
      <PriceUpdateDate>2019/01/07 10:57</PriceUpdateDate>
      <ItemCode>7290000197753</ItemCode>
      <ItemType>1</ItemType>
      <ItemName>זוג ניילון נצמד ניקול (30x2 מטר)</ItemName>
      <ManufactureName>קימברלי קלארק ישראל שיווק בעמ</ManufactureName>
      <ManufactureCountry />
      <ManufactureItemDescription />
      <UnitQty>יח`</UnitQty>
      <Quantity>1</Quantity>
      <UnitMeasure>יח`</UnitMeasure>
      <BisWeighted>0</BisWeighted>
      <QtyInPackage>1</QtyInPackage>
      <ItemPrice>12.90</ItemPrice>
      <UnitOfMeasurePrice>12.90</UnitOfMeasurePrice>
      <AllowDiscount>0</AllowDiscount>
      <itemStatus>1</itemStatus>
      <LastUpdateDate />
      <LastUpdateTime />
    </Product>
    <Product>
      <PriceUpdateDate>2019/01/07 10:57</PriceUpdateDate>
      <ItemCode>7290000197982</ItemCode>
      <ItemType>1</ItemType>
      <ItemName>ניקול-רדיד עבה 7.5*45</ItemName>
      <ManufactureName>קימברלי קלארק ישראל שיווק בעמ</ManufactureName>
      <ManufactureCountry />
      <ManufactureItemDescription />
      <UnitQty>יח`</UnitQty>
      <Quantity>2</Quantity>
      <UnitMeasure>יח`</UnitMeasure>
      <BisWeighted>0</BisWeighted>
      <QtyInPackage>1</QtyInPackage>
      <ItemPrice>23.90</ItemPrice>
      <UnitOfMeasurePrice>11.95</UnitOfMeasurePrice>
      <AllowDiscount>0</AllowDiscount>
      <itemStatus>1</itemStatus>
      <LastUpdateDate />
      <LastUpdateTime />
    </Product>
    <Product>
      <PriceUpdateDate>2018/08/01 17:31</PriceUpdateDate>
      <ItemCode>7290000201856</ItemCode>
      <ItemType>1</ItemType>
      <ItemName>חיתולי פרימיום שלב 4+ טיטולים (38)</ItemName>
      <ManufactureName>קימברלי קלארק ישראל שיווק בעמ</ManufactureName>
      <ManufactureCountry />
      <ManufactureItemDescription />
      <UnitQty>יח`</UnitQty>
      <Quantity>1</Quantity>
      <UnitMeasure />
      <BisWeighted>0</BisWeighted>
      <QtyInPackage>1</QtyInPackage>
      <ItemPrice>39.90</ItemPrice>
      <UnitOfMeasurePrice>39.90</UnitOfMeasurePrice>
      <AllowDiscount>1</AllowDiscount>
      <itemStatus>1</itemStatus>
      <LastUpdateDate />
      <LastUpdateTime />
    </Product>
    <Product>
      <PriceUpdateDate>2018/08/01 17:31</PriceUpdateDate>
      <ItemCode>7290000201870</ItemCode>
      <ItemType>1</ItemType>
      <ItemName>חיתולי פרימיום שלב 6 טיטולים (30)</ItemName>
      <ManufactureName>קימברלי קלארק ישראל שיווק בעמ</ManufactureName>
      <ManufactureCountry />
      <ManufactureItemDescription />
      <UnitQty>יח`</UnitQty>
      <Quantity>1</Quantity>
      <UnitMeasure />
      <BisWeighted>0</BisWeighted>
      <QtyInPackage>1</QtyInPackage>
      <ItemPrice>39.90</ItemPrice>
      <UnitOfMeasurePrice>39.90</UnitOfMeasurePrice>
      <AllowDiscount>1</AllowDiscount>
      <itemStatus>1</itemStatus>
      <LastUpdateDate />
      <LastUpdateTime />
    </Product>
    <Product>
      <PriceUpdateDate>2019/09/08 10:47</PriceUpdateDate>
      <ItemCode>7290000204086</ItemCode>
      <ItemType>1</ItemType>
      <ItemName>כריות קרצוף סקוטש ניקול (3)</ItemName>
      <ManufactureName>קימברלי קלארק ישראל שיווק בעמ</ManufactureName>
      <ManufactureCountry />
      <ManufactureItemDescription />
      <UnitQty>יח`</UnitQty>
      <Quantity>3</Quantity>
      <UnitMeasure>יח`</UnitMeasure>
      <BisWeighted>0</BisWeighted>
      <QtyInPackage>1</QtyInPackage>
      <ItemPrice>11.90</ItemPrice>
      <UnitOfMeasurePrice>3.97</UnitOfMeasurePrice>
      <AllowDiscount>1</AllowDiscount>
      <itemStatus>1</itemStatus>
      <LastUpdateDate />
      <LastUpdateTime />
    </Product>
    <Product>
      <PriceUpdateDate>2019/09/08 10:47</PriceUpdateDate>
      <ItemCode>7290000204147</ItemCode>
      <ItemType>1</ItemType>
      <ItemName>כרית יפנית רביעייה ניקול</ItemName>
      <ManufactureName>קימברלי קלארק ישראל שיווק בעמ</ManufactureName>
      <ManufactureCountry />
      <ManufactureItemDescription />
      <UnitQty>יח`</UnitQty>
      <Quantity>4</Quantity>
      <UnitMeasure>יח`</UnitMeasure>
      <BisWeighted>0</BisWeighted>
      <QtyInPackage>1</QtyInPackage>
      <ItemPrice>11.90</ItemPrice>
      <UnitOfMeasurePrice>2.98</UnitOfMeasurePrice>
      <AllowDiscount>1</AllowDiscount>
      <itemStatus>1</itemStatus>
      <LastUpdateDate />
      <LastUpdateTime />
    </Product>
    <Product>
      <PriceUpdateDate>2019/09/08 10:47</PriceUpdateDate>
      <ItemCode>7290000204239</ItemCode>
      <ItemType>1</ItemType>
      <ItemName>ניקול מטליות רצפה רביעיה</ItemName>
      <ManufactureName>קימברלי קלארק ישראל שיווק בעמ</ManufactureName>
      <ManufactureCountry />
      <ManufactureItemDescription />
      <UnitQty>יח`</UnitQty>
      <Quantity>4</Quantity>
      <UnitMeasure>יח`</UnitMeasure>
      <BisWeighted>0</BisWeighted>
      <QtyInPackage>1</QtyInPackage>
      <ItemPrice>12.90</ItemPrice>
      <UnitOfMeasurePrice>3.23</UnitOfMeasurePrice>
      <AllowDiscount>1</AllowDiscount>
      <itemStatus>1</itemStatus>
      <LastUpdateDate />
      <LastUpdateTime />
    </Product>
    <Product>
      <PriceUpdateDate>2019/09/08 10:47</PriceUpdateDate>
      <ItemCode>7290000204253</ItemCode>
      <ItemType>1</ItemType>
      <ItemName>מטליות רב שימושיות לניקיון ניקול (9)</ItemName>
      <ManufactureName>קימברלי קלארק ישראל שיווק בעמ</ManufactureName>
      <ManufactureCountry />
      <ManufactureItemDescription />
      <UnitQty>יח`</UnitQty>
      <Quantity>9</Quantity>
      <UnitMeasure>יח`</UnitMeasure>
      <BisWeighted>0</BisWeighted>
      <QtyInPackage>1</QtyInPackage>
      <ItemPrice>11.90</ItemPrice>
      <UnitOfMeasurePrice>1.32</UnitOfMeasurePrice>
      <AllowDiscount>1</AllowDiscount>
      <itemStatus>1</itemStatus>
      <LastUpdateDate />
      <LastUpdateTime />
    </Product>
    <Product>
      <PriceUpdateDate>2019/09/08 10:47</PriceUpdateDate>
      <ItemCode>7290000204512</ItemCode>
      <ItemType>1</ItemType>
      <ItemName>מטליות לחות לרצפה בריח לימון 10 יח</ItemName>
      <ManufactureName>קימברלי קלארק ישראל שיווק בעמ</ManufactureName>
      <ManufactureCountry />
      <ManufactureItemDescription />
      <UnitQty>יח`</UnitQty>
      <Quantity>1</Quantity>
      <UnitMeasure />
      <BisWeighted>0</BisWeighted>
      <QtyInPackage>1</QtyInPackage>
      <ItemPrice>13.90</ItemPrice>
      <UnitOfMeasurePrice>13.90</UnitOfMeasurePrice>
      <AllowDiscount>1</AllowDiscount>
      <itemStatus>1</itemStatus>
      <LastUpdateDate />
      <LastUpdateTime />
    </Product>
    <Product>
      <PriceUpdateDate>2019/09/08 10:47</PriceUpdateDate>
      <ItemCode>7290000204611</ItemCode>
      <ItemType>1</ItemType>
      <ItemName>ספוגית הקסם המקורית ניקול (6)</ItemName>
      <ManufactureName>קימברלי קלארק ישראל שיווק בעמ</ManufactureName>
      <ManufactureCountry />
      <ManufactureItemDescription />
      <UnitQty>יח`</UnitQty>
      <Quantity>6</Quantity>
      <UnitMeasure>יח`</UnitMeasure>
      <BisWeighted>0</BisWeighted>
      <QtyInPackage>1</QtyInPackage>
      <ItemPrice>10.90</ItemPrice>
      <UnitOfMeasurePrice>1.82</UnitOfMeasurePrice>
      <AllowDiscount>1</AllowDiscount>
      <itemStatus>1</itemStatus>
      <LastUpdateDate />
      <LastUpdateTime />
    </Product>
    <Product>
      <PriceUpdateDate>2018/04/24 13:02</PriceUpdateDate>
      <ItemCode>7290000205915</ItemCode>
      <ItemType>1</ItemType>
      <ItemName>האגיס חיתולי אקסטרה קר 40 יח</ItemName>
      <ManufactureName>קימברלי קלארק ישראל שיווק בעמ</ManufactureName>
      <ManufactureCountry />
      <ManufactureItemDescription />
      <UnitQty>יח`</UnitQty>
      <Quantity>1</Quantity>
      <UnitMeasure />
      <BisWeighted>0</BisWeighted>
      <QtyInPackage>1</QtyInPackage>
      <ItemPrice>44.90</ItemPrice>
      <UnitOfMeasurePrice>44.90</UnitOfMeasurePrice>
      <AllowDiscount>1</AllowDiscount>
      <itemStatus>1</itemStatus>
      <LastUpdateDate />
      <LastUpdateTime />
    </Product>
    <Product>
      <PriceUpdateDate>2019/01/07 10:57</PriceUpdateDate>
      <ItemCode>7290000207063</ItemCode>
      <ItemType>1</ItemType>
      <ItemName>פריכוז 260 גר` יכין</ItemName>
      <ManufactureName>זנלכל בעמ</ManufactureName>
      <ManufactureCountry />
      <ManufactureItemDescription />
      <UnitQty>יח`</UnitQty>
      <Quantity>2.60</Quantity>
      <UnitMeasure>100 גרם</UnitMeasure>
      <BisWeighted>0</BisWeighted>
      <QtyInPackage>1</QtyInPackage>
      <ItemPrice>4.90</ItemPrice>
      <UnitOfMeasurePrice>1.88</UnitOfMeasurePrice>
      <AllowDiscount>0</AllowDiscount>
      <itemStatus>1</itemStatus>
      <LastUpdateDate />
      <LastUpdateTime />
    </Product>
    <Product>
      <PriceUpdateDate>2019/04/05 10:27</PriceUpdateDate>
      <ItemCode>7290000207162</ItemCode>
      <ItemType>1</ItemType>
      <ItemName>רוטב עגבניות 22% יכין (100 גרם)</ItemName>
      <ManufactureName>זנלכל בעמ</ManufactureName>
      <ManufactureCountry />
      <ManufactureItemDescription />
      <UnitQty>יח`</UnitQty>
      <Quantity>1</Quantity>
      <UnitMeasure>100 גרם</UnitMeasure>
      <BisWeighted>0</BisWeighted>
      <QtyInPackage>1</QtyInPackage>
      <ItemPrice>1.90</ItemPrice>
      <UnitOfMeasurePrice>1.90</UnitOfMeasurePrice>
      <AllowDiscount>1</AllowDiscount>
      <itemStatus>1</itemStatus>
      <LastUpdateDate />
      <LastUpdateTime />
    </Product>
    <Product>
      <PriceUpdateDate>2018/04/24 11:12</PriceUpdateDate>
      <ItemCode>7290000207438</ItemCode>
      <ItemType>1</ItemType>
      <ItemName>עגב` קוביות</ItemName>
      <ManufactureName>זנלכל בעמ</ManufactureName>
      <ManufactureCountry />
      <ManufactureItemDescription />
      <UnitQty>יח`</UnitQty>
      <Quantity>8</Quantity>
      <UnitMeasure>100 גרם</UnitMeasure>
      <BisWeighted>0</BisWeighted>
      <QtyInPackage>1</QtyInPackage>
      <ItemPrice>6.90</ItemPrice>
      <UnitOfMeasurePrice>0.86</UnitOfMeasurePrice>
      <AllowDiscount>1</AllowDiscount>
      <itemStatus>1</itemStatus>
      <LastUpdateDate />
      <LastUpdateTime />
    </Product>
    <Product>
      <PriceUpdateDate>2018/08/01 13:48</PriceUpdateDate>
      <ItemCode>7290000208077</ItemCode>
      <ItemType>1</ItemType>
      <ItemName>אפונת גינה גדולה יכין (550 גרם)</ItemName>
      <ManufactureName>זנלכל בעמ</ManufactureName>
      <ManufactureCountry />
      <ManufactureItemDescription />
      <UnitQty>יח`</UnitQty>
      <Quantity>5.50</Quantity>
      <UnitMeasure>100 גרם</UnitMeasure>
      <BisWeighted>0</BisWeighted>
      <QtyInPackage>1</QtyInPackage>
      <ItemPrice>5.90</ItemPrice>
      <UnitOfMeasurePrice>1.07</UnitOfMeasurePrice>
      <AllowDiscount>0</AllowDiscount>
      <itemStatus>1</itemStatus>
      <LastUpdateDate />
      <LastUpdateTime />
    </Product>
    <Product>
      <PriceUpdateDate>2018/04/24 09:19</PriceUpdateDate>
      <ItemCode>7290000208114</ItemCode>
      <ItemType>1</ItemType>
      <ItemName>אפונת גינה וגזר יכין (550 גרם)</ItemName>
      <ManufactureName>זנלכל בעמ</ManufactureName>
      <ManufactureCountry />
      <ManufactureItemDescription />
      <UnitQty>יח`</UnitQty>
      <Quantity>5.50</Quantity>
      <UnitMeasure>100 גרם</UnitMeasure>
      <BisWeighted>0</BisWeighted>
      <QtyInPackage>1</QtyInPackage>
      <ItemPrice>5.90</ItemPrice>
      <UnitOfMeasurePrice>1.07</UnitOfMeasurePrice>
      <AllowDiscount>0</AllowDiscount>
      <itemStatus>1</itemStatus>
      <LastUpdateDate />
      <LastUpdateTime />
    </Product>
    <Product>
      <PriceUpdateDate>2018/04/24 09:19</PriceUpdateDate>
      <ItemCode>7290000208138</ItemCode>
      <ItemType>1</ItemType>
      <ItemName>סירופ דיאט בטעם ענבים יכין (1 ליטר)</ItemName>
      <ManufactureName>זנלכל בעמ</ManufactureName>
      <ManufactureCountry />
      <ManufactureItemDescription />
      <UnitQty>יח`</UnitQty>
      <Quantity>10</Quantity>
      <UnitMeasure>100 גרם</UnitMeasure>
      <BisWeighted>0</BisWeighted>
      <QtyInPackage>1</QtyInPackage>
      <ItemPrice>7.90</ItemPrice>
      <UnitOfMeasurePrice>0.79</UnitOfMeasurePrice>
      <AllowDiscount>1</AllowDiscount>
      <itemStatus>1</itemStatus>
      <LastUpdateDate />
      <LastUpdateTime />
    </Product>
    <Product>
      <PriceUpdateDate>2018/05/01 09:16</PriceUpdateDate>
      <ItemCode>7290000208145</ItemCode>
      <ItemType>1</ItemType>
      <ItemName>תירס לייט יכין (550 גרם)</ItemName>
      <ManufactureName>זנלכל בעמ</ManufactureName>
      <ManufactureCountry />
      <ManufactureItemDescription />
      <UnitQty>יח`</UnitQty>
      <Quantity>5.50</Quantity>
      <UnitMeasure>100 גרם</UnitMeasure>
      <BisWeighted>0</BisWeighted>
      <QtyInPackage>1</QtyInPackage>
      <ItemPrice>6.90</ItemPrice>
      <UnitOfMeasurePrice>1.25</UnitOfMeasurePrice>
      <AllowDiscount>0</AllowDiscount>
      <itemStatus>1</itemStatus>
      <LastUpdateDate />
      <LastUpdateTime />
    </Product>
    <Product>
      <PriceUpdateDate>2018/04/24 09:19</PriceUpdateDate>
      <ItemCode>7290000208176</ItemCode>
      <ItemType>1</ItemType>
      <ItemName>תפוחי אדמה קלופים יכין (550 גרם)</ItemName>
      <ManufactureName>זנלכל בעמ</ManufactureName>
      <ManufactureCountry />
      <ManufactureItemDescription />
      <UnitQty>יח`</UnitQty>
      <Quantity>5.50</Quantity>
      <UnitMeasure>100 גרם</UnitMeasure>
      <BisWeighted>0</BisWeighted>
      <QtyInPackage>1</QtyInPackage>
      <ItemPrice>6.90</ItemPrice>
      <UnitOfMeasurePrice>1.25</UnitOfMeasurePrice>
      <AllowDiscount>0</AllowDiscount>
      <itemStatus>1</itemStatus>
      <LastUpdateDate />
      <LastUpdateTime />
    </Product>
    <Product>
      <PriceUpdateDate>2018/04/24 09:19</PriceUpdateDate>
      <ItemCode>7290000208213</ItemCode>
      <ItemType>1</ItemType>
      <ItemName>שעועית לבנה ברוטב עגבניות יכין (580 גרם)</ItemName>
      <ManufactureName>זנלכל בעמ</ManufactureName>
      <ManufactureCountry />
      <ManufactureItemDescription />
      <UnitQty>יח`</UnitQty>
      <Quantity>5.80</Quantity>
      <UnitMeasure>100 גרם</UnitMeasure>
      <BisWeighted>0</BisWeighted>
      <QtyInPackage>1</QtyInPackage>
      <ItemPrice>5.90</ItemPrice>
      <UnitOfMeasurePrice>1.02</UnitOfMeasurePrice>
      <AllowDiscount>0</AllowDiscount>
      <itemStatus>1</itemStatus>
      <LastUpdateDate />
      <LastUpdateTime />
    </Product>
    <Product>
      <PriceUpdateDate>2018/04/24 09:19</PriceUpdateDate>
      <ItemCode>7290000208220</ItemCode>
      <ItemType>1</ItemType>
      <ItemName>שעועית צ`ילי מקסיקני חריף יכין (550 גרם)</ItemName>
      <ManufactureName>זנלכל בעמ</ManufactureName>
      <ManufactureCountry />
      <ManufactureItemDescription />
      <UnitQty>יח`</UnitQty>
      <Quantity>5.80</Quantity>
      <UnitMeasure>100 גרם</UnitMeasure>
      <BisWeighted>0</BisWeighted>
      <QtyInPackage>1</QtyInPackage>
      <ItemPrice>6.90</ItemPrice>
      <UnitOfMeasurePrice>1.19</UnitOfMeasurePrice>
      <AllowDiscount>0</AllowDiscount>
      <itemStatus>1</itemStatus>
      <LastUpdateDate />
      <LastUpdateTime />
    </Product>
    <Product>
      <PriceUpdateDate>2018/04/24 12:34</PriceUpdateDate>
      <ItemCode>7290000208244</ItemCode>
      <ItemType>1</ItemType>
      <ItemName>בסיס עגבניות לשקשוקה יכין (570 גרם)</ItemName>
      <ManufactureName>זנלכל בעמ</ManufactureName>
      <ManufactureCountry />
      <ManufactureItemDescription />
      <UnitQty>יח`</UnitQty>
      <Quantity>5.70</Quantity>
      <UnitMeasure>100 גרם</UnitMeasure>
      <BisWeighted>0</BisWeighted>
      <QtyInPackage>1</QtyInPackage>
      <ItemPrice>6.90</ItemPrice>
      <UnitOfMeasurePrice>1.21</UnitOfMeasurePrice>
      <AllowDiscount>0</AllowDiscount>
      <itemStatus>1</itemStatus>
      <LastUpdateDate />
      <LastUpdateTime />
    </Product>
    <Product>
      <PriceUpdateDate>2018/04/24 09:20</PriceUpdateDate>
      <ItemCode>7290000208251</ItemCode>
      <ItemType>1</ItemType>
      <ItemName>שעועית ירוקה חתוכה יכין (550 גרם)</ItemName>
      <ManufactureName>זנלכל בעמ</ManufactureName>
      <ManufactureCountry />
      <ManufactureItemDescription />
      <UnitQty>יח`</UnitQty>
      <Quantity>5.50</Quantity>
      <UnitMeasure>100 גרם</UnitMeasure>
      <BisWeighted>0</BisWeighted>
      <QtyInPackage>1</QtyInPackage>
      <ItemPrice>6.90</ItemPrice>
      <UnitOfMeasurePrice>1.25</UnitOfMeasurePrice>
      <AllowDiscount>0</AllowDiscount>
      <itemStatus>1</itemStatus>
      <LastUpdateDate />
      <LastUpdateTime />
    </Product>
    <Product>
      <PriceUpdateDate>2018/04/24 09:20</PriceUpdateDate>
      <ItemCode>7290000208312</ItemCode>
      <ItemType>1</ItemType>
      <ItemName>גרעיני תירס מתוק יכין</ItemName>
      <ManufactureName>זנלכל בעמ</ManufactureName>
      <ManufactureCountry />
      <ManufactureItemDescription />
      <UnitQty>יח`</UnitQty>
      <Quantity>3.40</Quantity>
      <UnitMeasure>100 גרם</UnitMeasure>
      <BisWeighted>0</BisWeighted>
      <QtyInPackage>1</QtyInPackage>
      <ItemPrice>4.90</ItemPrice>
      <UnitOfMeasurePrice>1.44</UnitOfMeasurePrice>
      <AllowDiscount>0</AllowDiscount>
      <itemStatus>1</itemStatus>
      <LastUpdateDate />
      <LastUpdateTime />
    </Product>
    <Product>
      <PriceUpdateDate>2019/03/15 08:52</PriceUpdateDate>
      <ItemCode>7290000208329</ItemCode>
      <ItemType>1</ItemType>
      <ItemName>גרעיני תירס מתוק יכין (550 גרם)</ItemName>
      <ManufactureName>זנלכל בעמ</ManufactureName>
      <ManufactureCountry />
      <ManufactureItemDescription />
      <UnitQty>יח`</UnitQty>
      <Quantity>5.50</Quantity>
      <UnitMeasure>100 גרם</UnitMeasure>
      <BisWeighted>0</BisWeighted>
      <QtyInPackage>1</QtyInPackage>
      <ItemPrice>5.90</ItemPrice>
      <UnitOfMeasurePrice>1.07</UnitOfMeasurePrice>
      <AllowDiscount>1</AllowDiscount>
      <itemStatus>1</itemStatus>
      <LastUpdateDate />
      <LastUpdateTime />
    </Product>
    <Product>
      <PriceUpdateDate>2018/04/24 09:20</PriceUpdateDate>
      <ItemCode>7290000208336</ItemCode>
      <ItemType>1</ItemType>
      <ItemName>רוטב עגבניות 22% יכין (260 גרם)</ItemName>
      <ManufactureName>זנלכל בעמ</ManufactureName>
      <ManufactureCountry />
      <ManufactureItemDescription />
      <UnitQty>יח`</UnitQty>
      <Quantity>2.60</Quantity>
      <UnitMeasure>100 גרם</UnitMeasure>
      <BisWeighted>0</BisWeighted>
      <QtyInPackage>1</QtyInPackage>
      <ItemPrice>3.50</ItemPrice>
      <UnitOfMeasurePrice>1.35</UnitOfMeasurePrice>
      <AllowDiscount>1</AllowDiscount>
      <itemStatus>1</itemStatus>
      <LastUpdateDate />
      <LastUpdateTime />
    </Product>
    <Product>
      <PriceUpdateDate>2018/04/24 09:20</PriceUpdateDate>
      <ItemCode>7290000208343</ItemCode>
      <ItemType>1</ItemType>
      <ItemName>עגבניות מרוסקות עם שום יכין (800 גרם)</ItemName>
      <ManufactureName>זנלכל בעמ</ManufactureName>
      <ManufactureCountry />
      <ManufactureItemDescription />
      <UnitQty>יח`</UnitQty>
      <Quantity>8</Quantity>
      <UnitMeasure>100 גרם</UnitMeasure>
      <BisWeighted>0</BisWeighted>
      <QtyInPackage>1</QtyInPackage>
      <ItemPrice>6.90</ItemPrice>
      <UnitOfMeasurePrice>0.86</UnitOfMeasurePrice>
      <AllowDiscount>1</AllowDiscount>
      <itemStatus>1</itemStatus>
      <LastUpdateDate />
      <LastUpdateTime />
    </Product>
    <Product>
      <PriceUpdateDate>2018/04/24 09:20</PriceUpdateDate>
      <ItemCode>7290000208367</ItemCode>
      <ItemType>1</ItemType>
      <ItemName>עגב. מרוסקות בזיליקום (800 גרם)</ItemName>
      <ManufactureName>זנלכל בעמ</ManufactureName>
      <ManufactureCountry />
      <ManufactureItemDescription />
      <UnitQty>יח`</UnitQty>
      <Quantity>8</Quantity>
      <UnitMeasure>100 גרם</UnitMeasure>
      <BisWeighted>0</BisWeighted>
      <QtyInPackage>1</QtyInPackage>
      <ItemPrice>6.90</ItemPrice>
      <UnitOfMeasurePrice>0.86</UnitOfMeasurePrice>
      <AllowDiscount>1</AllowDiscount>
      <itemStatus>1</itemStatus>
      <LastUpdateDate />
      <LastUpdateTime />
    </Product>
    <Product>
      <PriceUpdateDate>2018/04/24 09:20</PriceUpdateDate>
      <ItemCode>7290000208428</ItemCode>
      <ItemType>1</ItemType>
      <ItemName>חומוס שלם יכין (550 גרם)</ItemName>
      <ManufactureName>זנלכל בעמ</ManufactureName>
      <ManufactureCountry />
      <ManufactureItemDescription />
      <UnitQty>יח`</UnitQty>
      <Quantity>5.50</Quantity>
      <UnitMeasure>100 גרם</UnitMeasure>
      <BisWeighted>0</BisWeighted>
      <QtyInPackage>1</QtyInPackage>
      <ItemPrice>5.90</ItemPrice>
      <UnitOfMeasurePrice>1.07</UnitOfMeasurePrice>
      <AllowDiscount>1</AllowDiscount>
      <itemStatus>1</itemStatus>
      <LastUpdateDate />
      <LastUpdateTime />
    </Product>
    <Product>
      <PriceUpdateDate>2018/04/24 09:22</PriceUpdateDate>
      <ItemCode>7290000208459</ItemCode>
      <ItemType>1</ItemType>
      <ItemName>ירקות מעורבים יכין (550 גרם)</ItemName>
      <ManufactureName>זנלכל בעמ</ManufactureName>
      <ManufactureCountry />
      <ManufactureItemDescription />
      <UnitQty>יח`</UnitQty>
      <Quantity>5.50</Quantity>
      <UnitMeasure>100 גרם</UnitMeasure>
      <BisWeighted>0</BisWeighted>
      <QtyInPackage>1</QtyInPackage>
      <ItemPrice>6.90</ItemPrice>
      <UnitOfMeasurePrice>1.25</UnitOfMeasurePrice>
      <AllowDiscount>0</AllowDiscount>
      <itemStatus>1</itemStatus>
      <LastUpdateDate />
      <LastUpdateTime />
    </Product>
    <Product>
      <PriceUpdateDate>2018/04/24 09:22</PriceUpdateDate>
      <ItemCode>7290000208480</ItemCode>
      <ItemType>1</ItemType>
      <ItemName>תירס בטעם חמאה יכין A2</ItemName>
      <ManufactureName>זנלכל בעמ</ManufactureName>
      <ManufactureCountry />
      <ManufactureItemDescription />
      <UnitQty>יח`</UnitQty>
      <Quantity>5.50</Quantity>
      <UnitMeasure>100 גרם</UnitMeasure>
      <BisWeighted>0</BisWeighted>
      <QtyInPackage>1</QtyInPackage>
      <ItemPrice>6.90</ItemPrice>
      <UnitOfMeasurePrice>1.25</UnitOfMeasurePrice>
      <AllowDiscount>0</AllowDiscount>
      <itemStatus>1</itemStatus>
      <LastUpdateDate />
      <LastUpdateTime />
    </Product>
    <Product>
      <PriceUpdateDate>2018/05/01 09:16</PriceUpdateDate>
      <ItemCode>7290000208534</ItemCode>
      <ItemType>1</ItemType>
      <ItemName>תירס קיד גרעיני תירס מתוק יכין (550 גרם)</ItemName>
      <ManufactureName>זנלכל בעמ</ManufactureName>
      <ManufactureCountry />
      <ManufactureItemDescription />
      <UnitQty>יח`</UnitQty>
      <Quantity>5.50</Quantity>
      <UnitMeasure>100 גרם</UnitMeasure>
      <BisWeighted>0</BisWeighted>
      <QtyInPackage>1</QtyInPackage>
      <ItemPrice>6.90</ItemPrice>
      <UnitOfMeasurePrice>1.25</UnitOfMeasurePrice>
      <AllowDiscount>0</AllowDiscount>
      <itemStatus>1</itemStatus>
      <LastUpdateDate />
      <LastUpdateTime />
    </Product>
    <Product>
      <PriceUpdateDate>2018/04/24 09:22</PriceUpdateDate>
      <ItemCode>7290000208855</ItemCode>
      <ItemType>1</ItemType>
      <ItemName>רוטב לפסטה קלאסי יכין (260 גרם)</ItemName>
      <ManufactureName>זנלכל בעמ</ManufactureName>
      <ManufactureCountry />
      <ManufactureItemDescription />
      <UnitQty>יח`</UnitQty>
      <Quantity>2.60</Quantity>
      <UnitMeasure>100 גרם</UnitMeasure>
      <BisWeighted>0</BisWeighted>
      <QtyInPackage>1</QtyInPackage>
      <ItemPrice>4.90</ItemPrice>
      <UnitOfMeasurePrice>1.88</UnitOfMeasurePrice>
      <AllowDiscount>0</AllowDiscount>
      <itemStatus>1</itemStatus>
      <LastUpdateDate />
      <LastUpdateTime />
    </Product>
    <Product>
      <PriceUpdateDate>2018/04/24 09:22</PriceUpdateDate>
      <ItemCode>7290000208947</ItemCode>
      <ItemType>1</ItemType>
      <ItemName>עגבניות מרוסקות יכין (260 גרם)</ItemName>
      <ManufactureName>זנלכל בעמ</ManufactureName>
      <ManufactureCountry />
      <ManufactureItemDescription />
      <UnitQty>יח`</UnitQty>
      <Quantity>2.60</Quantity>
      <UnitMeasure>100 גרם</UnitMeasure>
      <BisWeighted>0</BisWeighted>
      <QtyInPackage>1</QtyInPackage>
      <ItemPrice>4.90</ItemPrice>
      <UnitOfMeasurePrice>1.88</UnitOfMeasurePrice>
      <AllowDiscount>0</AllowDiscount>
      <itemStatus>1</itemStatus>
      <LastUpdateDate />
      <LastUpdateTime />
    </Product>
    <Product>
      <PriceUpdateDate>2018/04/24 09:22</PriceUpdateDate>
      <ItemCode>7290000208978</ItemCode>
      <ItemType>1</ItemType>
      <ItemName>פריכוז רוטב עגבניות 28% יכין (100 גרם)</ItemName>
      <ManufactureName>זנלכל בעמ</ManufactureName>
      <ManufactureCountry />
      <ManufactureItemDescription />
      <UnitQty>יח`</UnitQty>
      <Quantity>1</Quantity>
      <UnitMeasure>100 גרם</UnitMeasure>
      <BisWeighted>0</BisWeighted>
      <QtyInPackage>1</QtyInPackage>
      <ItemPrice>3</ItemPrice>
      <UnitOfMeasurePrice>3</UnitOfMeasurePrice>
      <AllowDiscount>0</AllowDiscount>
      <itemStatus>1</itemStatus>
      <LastUpdateDate />
      <LastUpdateTime />
    </Product>
    <Product>
      <PriceUpdateDate>2019/02/14 09:14</PriceUpdateDate>
      <ItemCode>7290000209012</ItemCode>
      <ItemType>1</ItemType>
      <ItemName>חומץ 5% יכין (1 ליטר)</ItemName>
      <ManufactureName>זנלכל בעמ</ManufactureName>
      <ManufactureCountry />
      <ManufactureItemDescription />
      <UnitQty>יח`</UnitQty>
      <Quantity>10</Quantity>
      <UnitMeasure>100 גרם</UnitMeasure>
      <BisWeighted>0</BisWeighted>
      <QtyInPackage>1</QtyInPackage>
      <ItemPrice>5.90</ItemPrice>
      <UnitOfMeasurePrice>0.59</UnitOfMeasurePrice>
      <AllowDiscount>0</AllowDiscount>
      <itemStatus>1</itemStatus>
      <LastUpdateDate />
      <LastUpdateTime />
    </Product>
    <Product>
      <PriceUpdateDate>2019/01/07 10:57</PriceUpdateDate>
      <ItemCode>7290000209043</ItemCode>
      <ItemType>1</ItemType>
      <ItemName>רוטב לימון משומר לתיבול יכין (1 ליטר)</ItemName>
      <ManufactureName>זנלכל בעמ</ManufactureName>
      <ManufactureCountry />
      <ManufactureItemDescription />
      <UnitQty>יח`</UnitQty>
      <Quantity>10</Quantity>
      <UnitMeasure>100 גרם</UnitMeasure>
      <BisWeighted>0</BisWeighted>
      <QtyInPackage>1</QtyInPackage>
      <ItemPrice>7.90</ItemPrice>
      <UnitOfMeasurePrice>0.79</UnitOfMeasurePrice>
      <AllowDiscount>1</AllowDiscount>
      <itemStatus>1</itemStatus>
      <LastUpdateDate />
      <LastUpdateTime />
    </Product>
    <Product>
      <PriceUpdateDate>2018/04/24 12:33</PriceUpdateDate>
      <ItemCode>7290000209173</ItemCode>
      <ItemType>1</ItemType>
      <ItemName>חומץ סינטטי 5% יכין (1 ליטר)</ItemName>
      <ManufactureName>זנלכל בעמ</ManufactureName>
      <ManufactureCountry />
      <ManufactureItemDescription />
      <UnitQty>יח`</UnitQty>
      <Quantity>10</Quantity>
      <UnitMeasure>100 גרם</UnitMeasure>
      <BisWeighted>0</BisWeighted>
      <QtyInPackage>1</QtyInPackage>
      <ItemPrice>4.90</ItemPrice>
      <UnitOfMeasurePrice>0.49</UnitOfMeasurePrice>
      <AllowDiscount>0</AllowDiscount>
      <itemStatus>1</itemStatus>
      <LastUpdateDate />
      <LastUpdateTime />
    </Product>
    <Product>
      <PriceUpdateDate>2018/04/24 12:33</PriceUpdateDate>
      <ItemCode>7290000209371</ItemCode>
      <ItemType>1</ItemType>
      <ItemName>מארז גרעיני תירס מתוק יכין (165x3 גרם)</ItemName>
      <ManufactureName>זנלכל בעמ</ManufactureName>
      <ManufactureCountry />
      <ManufactureItemDescription />
      <UnitQty>יח`</UnitQty>
      <Quantity>1.65</Quantity>
      <UnitMeasure>100 גרם</UnitMeasure>
      <BisWeighted>0</BisWeighted>
      <QtyInPackage>1</QtyInPackage>
      <ItemPrice>9.90</ItemPrice>
      <UnitOfMeasurePrice>6</UnitOfMeasurePrice>
      <AllowDiscount>0</AllowDiscount>
      <itemStatus>1</itemStatus>
      <LastUpdateDate />
      <LastUpdateTime />
    </Product>
    <Product>
      <PriceUpdateDate>2019/01/07 10:57</PriceUpdateDate>
      <ItemCode>7290000209388</ItemCode>
      <ItemType>1</ItemType>
      <ItemName>תירס לייט שלשות OZ6</ItemName>
      <ManufactureName>זנלכל בעמ</ManufactureName>
      <ManufactureCountry />
      <ManufactureItemDescription />
      <UnitQty>יח`</UnitQty>
      <Quantity>1.65</Quantity>
      <UnitMeasure>100 גרם</UnitMeasure>
      <BisWeighted>0</BisWeighted>
      <QtyInPackage>1</QtyInPackage>
      <ItemPrice>9.90</ItemPrice>
      <UnitOfMeasurePrice>6</UnitOfMeasurePrice>
      <AllowDiscount>0</AllowDiscount>
      <itemStatus>1</itemStatus>
      <LastUpdateDate />
      <LastUpdateTime />
    </Product>
    <Product>
      <PriceUpdateDate>2018/04/24 11:43</PriceUpdateDate>
      <ItemCode>7290000209517</ItemCode>
      <ItemType>1</ItemType>
      <ItemName>סירופ דיאט בטעם לימון יכין (1 ליטר)</ItemName>
      <ManufactureName>זנלכל בעמ</ManufactureName>
      <ManufactureCountry />
      <ManufactureItemDescription />
      <UnitQty>יח`</UnitQty>
      <Quantity>10</Quantity>
      <UnitMeasure>100 גרם</UnitMeasure>
      <BisWeighted>0</BisWeighted>
      <QtyInPackage>1</QtyInPackage>
      <ItemPrice>7.90</ItemPrice>
      <UnitOfMeasurePrice>0.79</UnitOfMeasurePrice>
      <AllowDiscount>1</AllowDiscount>
      <itemStatus>1</itemStatus>
      <LastUpdateDate />
      <LastUpdateTime />
    </Product>
    <Product>
      <PriceUpdateDate>2018/04/24 09:22</PriceUpdateDate>
      <ItemCode>7290000209524</ItemCode>
      <ItemType>1</ItemType>
      <ItemName>סירופ דיאט בטעם פטל יכין (1 ליטר)</ItemName>
      <ManufactureName>זנלכל בעמ</ManufactureName>
      <ManufactureCountry />
      <ManufactureItemDescription />
      <UnitQty>יח`</UnitQty>
      <Quantity>10</Quantity>
      <UnitMeasure>100 גרם</UnitMeasure>
      <BisWeighted>0</BisWeighted>
      <QtyInPackage>1</QtyInPackage>
      <ItemPrice>7.90</ItemPrice>
      <UnitOfMeasurePrice>0.79</UnitOfMeasurePrice>
      <AllowDiscount>1</AllowDiscount>
      <itemStatus>1</itemStatus>
      <LastUpdateDate />
      <LastUpdateTime />
    </Product>
    <Product>
      <PriceUpdateDate>2018/04/24 09:22</PriceUpdateDate>
      <ItemCode>7290000209531</ItemCode>
      <ItemType>1</ItemType>
      <ItemName>סירופ 1 ליטר דיאט אשכולית</ItemName>
      <ManufactureName>זנלכל בעמ</ManufactureName>
      <ManufactureCountry />
      <ManufactureItemDescription />
      <UnitQty>יח`</UnitQty>
      <Quantity>10</Quantity>
      <UnitMeasure>100 גרם</UnitMeasure>
      <BisWeighted>0</BisWeighted>
      <QtyInPackage>1</QtyInPackage>
      <ItemPrice>7.90</ItemPrice>
      <UnitOfMeasurePrice>0.79</UnitOfMeasurePrice>
      <AllowDiscount>1</AllowDiscount>
      <itemStatus>1</itemStatus>
      <LastUpdateDate />
      <LastUpdateTime />
    </Product>
    <Product>
      <PriceUpdateDate>2018/04/24 09:22</PriceUpdateDate>
      <ItemCode>7290000209555</ItemCode>
      <ItemType>1</ItemType>
      <ItemName>סירופ 1 ליטר דיאט תפוחים</ItemName>
      <ManufactureName>זנלכל בעמ</ManufactureName>
      <ManufactureCountry />
      <ManufactureItemDescription />
      <UnitQty>יח`</UnitQty>
      <Quantity>10</Quantity>
      <UnitMeasure>100 גרם</UnitMeasure>
      <BisWeighted>0</BisWeighted>
      <QtyInPackage>1</QtyInPackage>
      <ItemPrice>7.90</ItemPrice>
      <UnitOfMeasurePrice>0.79</UnitOfMeasurePrice>
      <AllowDiscount>1</AllowDiscount>
      <itemStatus>1</itemStatus>
      <LastUpdateDate />
      <LastUpdateTime />
    </Product>
    <Product>
      <PriceUpdateDate>2018/04/24 09:22</PriceUpdateDate>
      <ItemCode>7290000209579</ItemCode>
      <ItemType>1</ItemType>
      <ItemName>סירופ דיאט בטעם אננס יכין (1 ליטר)</ItemName>
      <ManufactureName>זנלכל בעמ</ManufactureName>
      <ManufactureCountry />
      <ManufactureItemDescription />
      <UnitQty>יח`</UnitQty>
      <Quantity>10</Quantity>
      <UnitMeasure>100 גרם</UnitMeasure>
      <BisWeighted>0</BisWeighted>
      <QtyInPackage>1</QtyInPackage>
      <ItemPrice>7.90</ItemPrice>
      <UnitOfMeasurePrice>0.79</UnitOfMeasurePrice>
      <AllowDiscount>1</AllowDiscount>
      <itemStatus>1</itemStatus>
      <LastUpdateDate />
      <LastUpdateTime />
    </Product>
    <Product>
      <PriceUpdateDate>2018/04/24 09:22</PriceUpdateDate>
      <ItemCode>7290000209715</ItemCode>
      <ItemType>1</ItemType>
      <ItemName>רסק עגבניות 22% יכין (570 גרם)</ItemName>
      <ManufactureName>זנלכל בעמ</ManufactureName>
      <ManufactureCountry />
      <ManufactureItemDescription />
      <UnitQty>יח`</UnitQty>
      <Quantity>5.70</Quantity>
      <UnitMeasure>100 גרם</UnitMeasure>
      <BisWeighted>0</BisWeighted>
      <QtyInPackage>1</QtyInPackage>
      <ItemPrice>5.90</ItemPrice>
      <UnitOfMeasurePrice>1.04</UnitOfMeasurePrice>
      <AllowDiscount>0</AllowDiscount>
      <itemStatus>1</itemStatus>
      <LastUpdateDate />
      <LastUpdateTime />
    </Product>
    <Product>
      <PriceUpdateDate>2018/04/24 09:22</PriceUpdateDate>
      <ItemCode>7290000209906</ItemCode>
      <ItemType>1</ItemType>
      <ItemName>עגבניות מרוסקות בצל 260  גר`יכין</ItemName>
      <ManufactureName>זנלכל בעמ</ManufactureName>
      <ManufactureCountry />
      <ManufactureItemDescription />
      <UnitQty>יח`</UnitQty>
      <Quantity>2.60</Quantity>
      <UnitMeasure>100 גרם</UnitMeasure>
      <BisWeighted>0</BisWeighted>
      <QtyInPackage>1</QtyInPackage>
      <ItemPrice>4.90</ItemPrice>
      <UnitOfMeasurePrice>1.88</UnitOfMeasurePrice>
      <AllowDiscount>0</AllowDiscount>
      <itemStatus>1</itemStatus>
      <LastUpdateDate />
      <LastUpdateTime />
    </Product>
    <Product>
      <PriceUpdateDate>2018/04/24 09:22</PriceUpdateDate>
      <ItemCode>7290000209913</ItemCode>
      <ItemType>1</ItemType>
      <ItemName>עגבניות קוביות 260 גר`יכין</ItemName>
      <ManufactureName>זנלכל בעמ</ManufactureName>
      <ManufactureCountry />
      <ManufactureItemDescription />
      <UnitQty>יח`</UnitQty>
      <Quantity>2.60</Quantity>
      <UnitMeasure>100 גרם</UnitMeasure>
      <BisWeighted>0</BisWeighted>
      <QtyInPackage>1</QtyInPackage>
      <ItemPrice>4.90</ItemPrice>
      <UnitOfMeasurePrice>1.88</UnitOfMeasurePrice>
      <AllowDiscount>0</AllowDiscount>
      <itemStatus>1</itemStatus>
      <LastUpdateDate />
      <LastUpdateTime />
    </Product>
    <Product>
      <PriceUpdateDate>2018/04/24 09:22</PriceUpdateDate>
      <ItemCode>7290000209944</ItemCode>
      <ItemType>1</ItemType>
      <ItemName>רוטב מתובל לשקשוקה יכין (260 גרם)</ItemName>
      <ManufactureName>זנלכל בעמ</ManufactureName>
      <ManufactureCountry />
      <ManufactureItemDescription />
      <UnitQty>יח`</UnitQty>
      <Quantity>2.60</Quantity>
      <UnitMeasure>100 גרם</UnitMeasure>
      <BisWeighted>0</BisWeighted>
      <QtyInPackage>1</QtyInPackage>
      <ItemPrice>4.90</ItemPrice>
      <UnitOfMeasurePrice>1.88</UnitOfMeasurePrice>
      <AllowDiscount>0</AllowDiscount>
      <itemStatus>1</itemStatus>
      <LastUpdateDate />
      <LastUpdateTime />
    </Product>
    <Product>
      <PriceUpdateDate>2018/04/24 09:22</PriceUpdateDate>
      <ItemCode>7290000209968</ItemCode>
      <ItemType>1</ItemType>
      <ItemName>רוטב ללזניה יכין (260 גרם)</ItemName>
      <ManufactureName>זנלכל בעמ</ManufactureName>
      <ManufactureCountry />
      <ManufactureItemDescription />
      <UnitQty>יח`</UnitQty>
      <Quantity>2.60</Quantity>
      <UnitMeasure>100 גרם</UnitMeasure>
      <BisWeighted>0</BisWeighted>
      <QtyInPackage>1</QtyInPackage>
      <ItemPrice>4.90</ItemPrice>
      <UnitOfMeasurePrice>1.88</UnitOfMeasurePrice>
      <AllowDiscount>0</AllowDiscount>
      <itemStatus>1</itemStatus>
      <LastUpdateDate />
      <LastUpdateTime />
    </Product>
    <Product>
      <PriceUpdateDate>2018/04/24 09:22</PriceUpdateDate>
      <ItemCode>7290000210896</ItemCode>
      <ItemType>1</ItemType>
      <ItemName>רוטב בולונז יכין (260 גרם)</ItemName>
      <ManufactureName>זנלכל בעמ</ManufactureName>
      <ManufactureCountry />
      <ManufactureItemDescription />
      <UnitQty>יח`</UnitQty>
      <Quantity>2.60</Quantity>
      <UnitMeasure>100 גרם</UnitMeasure>
      <BisWeighted>0</BisWeighted>
      <QtyInPackage>1</QtyInPackage>
      <ItemPrice>4.90</ItemPrice>
      <UnitOfMeasurePrice>1.88</UnitOfMeasurePrice>
      <AllowDiscount>0</AllowDiscount>
      <itemStatus>1</itemStatus>
      <LastUpdateDate />
      <LastUpdateTime />
    </Product>
    <Product>
      <PriceUpdateDate>2018/08/05 11:28</PriceUpdateDate>
      <ItemCode>7290000211169</ItemCode>
      <ItemType>1</ItemType>
      <ItemName>אורז בסגנון תאילנדי סוגת (1 קג)</ItemName>
      <ManufactureName>סוגת תעשיות בעמ</ManufactureName>
      <ManufactureCountry />
      <ManufactureItemDescription />
      <UnitQty>יח`</UnitQty>
      <Quantity>10</Quantity>
      <UnitMeasure>100 גרם</UnitMeasure>
      <BisWeighted>0</BisWeighted>
      <QtyInPackage>1</QtyInPackage>
      <ItemPrice>7.90</ItemPrice>
      <UnitOfMeasurePrice>0.79</UnitOfMeasurePrice>
      <AllowDiscount>1</AllowDiscount>
      <itemStatus>1</itemStatus>
      <LastUpdateDate />
      <LastUpdateTime />
    </Product>
    <Product>
      <PriceUpdateDate>2019/01/07 10:57</PriceUpdateDate>
      <ItemCode>7290000211312</ItemCode>
      <ItemType>1</ItemType>
      <ItemName>אורז מלא ארוך סוגת (1 קג)</ItemName>
      <ManufactureName>סוגת תעשיות בעמ</ManufactureName>
      <ManufactureCountry />
      <ManufactureItemDescription />
      <UnitQty>יח`</UnitQty>
      <Quantity>10</Quantity>
      <UnitMeasure>100 גרם</UnitMeasure>
      <BisWeighted>0</BisWeighted>
      <QtyInPackage>1</QtyInPackage>
      <ItemPrice>10.90</ItemPrice>
      <UnitOfMeasurePrice>1.09</UnitOfMeasurePrice>
      <AllowDiscount>0</AllowDiscount>
      <itemStatus>1</itemStatus>
      <LastUpdateDate />
      <LastUpdateTime />
    </Product>
    <Product>
      <PriceUpdateDate>2019/01/07 10:57</PriceUpdateDate>
      <ItemCode>7290000211374</ItemCode>
      <ItemType>1</ItemType>
      <ItemName>קמח חיטה מלא סוגת (1 קג)</ItemName>
      <ManufactureName>סוגת תעשיות בעמ</ManufactureName>
      <ManufactureCountry />
      <ManufactureItemDescription />
      <UnitQty>יח`</UnitQty>
      <Quantity>10</Quantity>
      <UnitMeasure>100 גרם</UnitMeasure>
      <BisWeighted>0</BisWeighted>
      <QtyInPackage>1</QtyInPackage>
      <ItemPrice>8.90</ItemPrice>
      <UnitOfMeasurePrice>0.89</UnitOfMeasurePrice>
      <AllowDiscount>1</AllowDiscount>
      <itemStatus>1</itemStatus>
      <LastUpdateDate />
      <LastUpdateTime />
    </Product>
    <Product>
      <PriceUpdateDate>2018/07/09 14:50</PriceUpdateDate>
      <ItemCode>7290000211442</ItemCode>
      <ItemType>1</ItemType>
      <ItemName>אורז בסגנון פרסי קלאסי סוגת (1 קג)</ItemName>
      <ManufactureName>סוגת תעשיות בעמ</ManufactureName>
      <ManufactureCountry />
      <ManufactureItemDescription />
      <UnitQty>יח`</UnitQty>
      <Quantity>1</Quantity>
      <UnitMeasure>ק"ג</UnitMeasure>
      <BisWeighted>0</BisWeighted>
      <QtyInPackage>1</QtyInPackage>
      <ItemPrice>9.90</ItemPrice>
      <UnitOfMeasurePrice>9.90</UnitOfMeasurePrice>
      <AllowDiscount>0</AllowDiscount>
      <itemStatus>1</itemStatus>
      <LastUpdateDate />
      <LastUpdateTime />
    </Product>
    <Product>
      <PriceUpdateDate>2018/04/24 09:21</PriceUpdateDate>
      <ItemCode>7290000211503</ItemCode>
      <ItemType>1</ItemType>
      <ItemName>סוכר לבן סוגת (1 קג)</ItemName>
      <ManufactureName>סוגת תעשיות בעמ</ManufactureName>
      <ManufactureCountry />
      <ManufactureItemDescription />
      <UnitQty>יח`</UnitQty>
      <Quantity>10</Quantity>
      <UnitMeasure>100 גרם</UnitMeasure>
      <BisWeighted>0</BisWeighted>
      <QtyInPackage>1</QtyInPackage>
      <ItemPrice>3.90</ItemPrice>
      <UnitOfMeasurePrice>0.39</UnitOfMeasurePrice>
      <AllowDiscount>1</AllowDiscount>
      <itemStatus>1</itemStatus>
      <LastUpdateDate />
      <LastUpdateTime />
    </Product>
    <Product>
      <PriceUpdateDate>2018/08/05 11:28</PriceUpdateDate>
      <ItemCode>7290000211985</ItemCode>
      <ItemType>1</ItemType>
      <ItemName>אורז ריזוטו עגול סוגת (1 קג)</ItemName>
      <ManufactureName>סוגת תעשיות בעמ</ManufactureName>
      <ManufactureCountry />
      <ManufactureItemDescription />
      <UnitQty>יח`</UnitQty>
      <Quantity>10</Quantity>
      <UnitMeasure>100 גרם</UnitMeasure>
      <BisWeighted>0</BisWeighted>
      <QtyInPackage>1</QtyInPackage>
      <ItemPrice>9.90</ItemPrice>
      <UnitOfMeasurePrice>0.99</UnitOfMeasurePrice>
      <AllowDiscount>0</AllowDiscount>
      <itemStatus>1</itemStatus>
      <LastUpdateDate />
      <LastUpdateTime />
    </Product>
    <Product>
      <PriceUpdateDate>2019/04/08 14:55</PriceUpdateDate>
      <ItemCode>7290000238029</ItemCode>
      <ItemType>1</ItemType>
      <ItemName>בצק עלים צרפתי מרודד מעדנות (1 קג)</ItemName>
      <ManufactureName>תנובה קפואים</ManufactureName>
      <ManufactureCountry />
      <ManufactureItemDescription />
      <UnitQty>יח`</UnitQty>
      <Quantity>10</Quantity>
      <UnitMeasure>100 גרם</UnitMeasure>
      <BisWeighted>0</BisWeighted>
      <QtyInPackage>1</QtyInPackage>
      <ItemPrice>21.90</ItemPrice>
      <UnitOfMeasurePrice>2.19</UnitOfMeasurePrice>
      <AllowDiscount>1</AllowDiscount>
      <itemStatus>1</itemStatus>
      <LastUpdateDate />
      <LastUpdateTime />
    </Product>
    <Product>
      <PriceUpdateDate>2018/08/05 11:28</PriceUpdateDate>
      <ItemCode>7290000238036</ItemCode>
      <ItemType>1</ItemType>
      <ItemName>מלווח מעדנות (6 יח` - 700 גרם)</ItemName>
      <ManufactureName>תנובה קפואים</ManufactureName>
      <ManufactureCountry />
      <ManufactureItemDescription />
      <UnitQty>יח`</UnitQty>
      <Quantity>7</Quantity>
      <UnitMeasure>100 גרם</UnitMeasure>
      <BisWeighted>0</BisWeighted>
      <QtyInPackage>1</QtyInPackage>
      <ItemPrice>16.90</ItemPrice>
      <UnitOfMeasurePrice>2.41</UnitOfMeasurePrice>
      <AllowDiscount>1</AllowDiscount>
      <itemStatus>1</itemStatus>
      <LastUpdateDate />
      <LastUpdateTime />
    </Product>
    <Product>
      <PriceUpdateDate>2018/08/05 11:28</PriceUpdateDate>
      <ItemCode>7290000238173</ItemCode>
      <ItemType>1</ItemType>
      <ItemName>בורקס גבינה מעדנות</ItemName>
      <ManufactureName>תנובה קפואים</ManufactureName>
      <ManufactureCountry />
      <ManufactureItemDescription />
      <UnitQty>יח`</UnitQty>
      <Quantity>8</Quantity>
      <UnitMeasure>100 גרם</UnitMeasure>
      <BisWeighted>0</BisWeighted>
      <QtyInPackage>1</QtyInPackage>
      <ItemPrice>20.90</ItemPrice>
      <UnitOfMeasurePrice>2.61</UnitOfMeasurePrice>
      <AllowDiscount>1</AllowDiscount>
      <itemStatus>1</itemStatus>
      <LastUpdateDate />
      <LastUpdateTime />
    </Product>
    <Product>
      <PriceUpdateDate>2019/04/08 14:55</PriceUpdateDate>
      <ItemCode>7290000238180</ItemCode>
      <ItemType>1</ItemType>
      <ItemName>בורקס תפוא מעדנות</ItemName>
      <ManufactureName>תנובה קפואים</ManufactureName>
      <ManufactureCountry />
      <ManufactureItemDescription />
      <UnitQty>יח`</UnitQty>
      <Quantity>8</Quantity>
      <UnitMeasure>100 גרם</UnitMeasure>
      <BisWeighted>0</BisWeighted>
      <QtyInPackage>1</QtyInPackage>
      <ItemPrice>19.90</ItemPrice>
      <UnitOfMeasurePrice>2.49</UnitOfMeasurePrice>
      <AllowDiscount>1</AllowDiscount>
      <itemStatus>1</itemStatus>
      <LastUpdateDate />
      <LastUpdateTime />
    </Product>
    <Product>
      <PriceUpdateDate>2018/04/24 09:32</PriceUpdateDate>
      <ItemCode>7290000240541</ItemCode>
      <ItemType>1</ItemType>
      <ItemName>ריבועי בצק עלים מעדנות</ItemName>
      <ManufactureName>תנובה קפואים</ManufactureName>
      <ManufactureCountry />
      <ManufactureItemDescription />
      <UnitQty>יח`</UnitQty>
      <Quantity>8</Quantity>
      <UnitMeasure>100 גרם</UnitMeasure>
      <BisWeighted>0</BisWeighted>
      <QtyInPackage>1</QtyInPackage>
      <ItemPrice>25</ItemPrice>
      <UnitOfMeasurePrice>3.13</UnitOfMeasurePrice>
      <AllowDiscount>1</AllowDiscount>
      <itemStatus>1</itemStatus>
      <LastUpdateDate />
      <LastUpdateTime />
    </Product>
    <Product>
      <PriceUpdateDate>2018/04/24 09:52</PriceUpdateDate>
      <ItemCode>7290000245089</ItemCode>
      <ItemType>1</ItemType>
      <ItemName>מרכך כביסה סוד סופט 4 ליטר סגול</ItemName>
      <ManufactureName>גורי שיווק בעמ</ManufactureName>
      <ManufactureCountry />
      <ManufactureItemDescription />
      <UnitQty>יח`</UnitQty>
      <Quantity>40</Quantity>
      <UnitMeasure>100 מ"ל</UnitMeasure>
      <BisWeighted>0</BisWeighted>
      <QtyInPackage>1</QtyInPackage>
      <ItemPrice>17.90</ItemPrice>
      <UnitOfMeasurePrice>0.45</UnitOfMeasurePrice>
      <AllowDiscount>1</AllowDiscount>
      <itemStatus>1</itemStatus>
      <LastUpdateDate />
      <LastUpdateTime />
    </Product>
    <Product>
      <PriceUpdateDate>2018/04/24 09:52</PriceUpdateDate>
      <ItemCode>7290000245157</ItemCode>
      <ItemType>1</ItemType>
      <ItemName>מרכך כביסה סוד סופט 4 ליטר לבן</ItemName>
      <ManufactureName>גורי שיווק בעמ</ManufactureName>
      <ManufactureCountry />
      <ManufactureItemDescription />
      <UnitQty>יח`</UnitQty>
      <Quantity>40</Quantity>
      <UnitMeasure>100 מ"ל</UnitMeasure>
      <BisWeighted>0</BisWeighted>
      <QtyInPackage>1</QtyInPackage>
      <ItemPrice>17.90</ItemPrice>
      <UnitOfMeasurePrice>0.45</UnitOfMeasurePrice>
      <AllowDiscount>1</AllowDiscount>
      <itemStatus>1</itemStatus>
      <LastUpdateDate />
      <LastUpdateTime />
    </Product>
    <Product>
      <PriceUpdateDate>2018/04/24 09:52</PriceUpdateDate>
      <ItemCode>7290000245270</ItemCode>
      <ItemType>1</ItemType>
      <ItemName>אבקת כביסה פרסיל 1.250 קג`</ItemName>
      <ManufactureName>גורי שיווק בעמ</ManufactureName>
      <ManufactureCountry />
      <ManufactureItemDescription />
      <UnitQty>יח`</UnitQty>
      <Quantity>12.50</Quantity>
      <UnitMeasure>100 גרם</UnitMeasure>
      <BisWeighted>0</BisWeighted>
      <QtyInPackage>1</QtyInPackage>
      <ItemPrice>14.90</ItemPrice>
      <UnitOfMeasurePrice>1.19</UnitOfMeasurePrice>
      <AllowDiscount>0</AllowDiscount>
      <itemStatus>1</itemStatus>
      <LastUpdateDate />
      <LastUpdateTime />
    </Product>
    <Product>
      <PriceUpdateDate>2018/04/24 11:33</PriceUpdateDate>
      <ItemCode>7290000245294</ItemCode>
      <ItemType>1</ItemType>
      <ItemName>פרסיל אבקת כביסה 2.5 קג`</ItemName>
      <ManufactureName>גורי שיווק בעמ</ManufactureName>
      <ManufactureCountry />
      <ManufactureItemDescription />
      <UnitQty>יח`</UnitQty>
      <Quantity>25</Quantity>
      <UnitMeasure>100 גרם</UnitMeasure>
      <BisWeighted>0</BisWeighted>
      <QtyInPackage>1</QtyInPackage>
      <ItemPrice>31.90</ItemPrice>
      <UnitOfMeasurePrice>1.28</UnitOfMeasurePrice>
      <AllowDiscount>0</AllowDiscount>
      <itemStatus>1</itemStatus>
      <LastUpdateDate />
      <LastUpdateTime />
    </Product>
    <Product>
      <PriceUpdateDate>2018/04/24 09:52</PriceUpdateDate>
      <ItemCode>7290000245508</ItemCode>
      <ItemType>1</ItemType>
      <ItemName>קומפקט סוד 1.25  קג`שקית</ItemName>
      <ManufactureName>גורי שיווק בעמ</ManufactureName>
      <ManufactureCountry />
      <ManufactureItemDescription />
      <UnitQty>יח`</UnitQty>
      <Quantity>12.50</Quantity>
      <UnitMeasure>100 גרם</UnitMeasure>
      <BisWeighted>0</BisWeighted>
      <QtyInPackage>1</QtyInPackage>
      <ItemPrice>11.90</ItemPrice>
      <UnitOfMeasurePrice>0.95</UnitOfMeasurePrice>
      <AllowDiscount>0</AllowDiscount>
      <itemStatus>1</itemStatus>
      <LastUpdateDate />
      <LastUpdateTime />
    </Product>
    <Product>
      <PriceUpdateDate>2018/04/24 09:52</PriceUpdateDate>
      <ItemCode>7290000245799</ItemCode>
      <ItemType>1</ItemType>
      <ItemName>מרכך כביסה כחול סוד (4 ליטר)</ItemName>
      <ManufactureName>גורי שיווק בעמ</ManufactureName>
      <ManufactureCountry />
      <ManufactureItemDescription />
      <UnitQty>יח`</UnitQty>
      <Quantity>40</Quantity>
      <UnitMeasure>100 מ"ל</UnitMeasure>
      <BisWeighted>0</BisWeighted>
      <QtyInPackage>1</QtyInPackage>
      <ItemPrice>17.90</ItemPrice>
      <UnitOfMeasurePrice>0.45</UnitOfMeasurePrice>
      <AllowDiscount>1</AllowDiscount>
      <itemStatus>1</itemStatus>
      <LastUpdateDate />
      <LastUpdateTime />
    </Product>
    <Product>
      <PriceUpdateDate>2019/01/14 09:58</PriceUpdateDate>
      <ItemCode>7290000260839</ItemCode>
      <ItemType>1</ItemType>
      <ItemName>משקה קל תפוזים ספרינג (1.5 ליטר)</ItemName>
      <ManufactureName>יפאורה</ManufactureName>
      <ManufactureCountry />
      <ManufactureItemDescription />
      <UnitQty>יח`</UnitQty>
      <Quantity>15</Quantity>
      <UnitMeasure>100 מ"ל</UnitMeasure>
      <BisWeighted>0</BisWeighted>
      <QtyInPackage>1</QtyInPackage>
      <ItemPrice>6.40</ItemPrice>
      <UnitOfMeasurePrice>0.43</UnitOfMeasurePrice>
      <AllowDiscount>1</AllowDiscount>
      <itemStatus>1</itemStatus>
      <LastUpdateDate />
      <LastUpdateTime />
    </Product>
    <Product>
      <PriceUpdateDate>2019/01/14 09:58</PriceUpdateDate>
      <ItemCode>7290000260853</ItemCode>
      <ItemType>1</ItemType>
      <ItemName>משקה קל מנגו ספרינג (1.5 ליטר)</ItemName>
      <ManufactureName>יפאורה</ManufactureName>
      <ManufactureCountry />
      <ManufactureItemDescription />
      <UnitQty>יח`</UnitQty>
      <Quantity>15</Quantity>
      <UnitMeasure>100 מ"ל</UnitMeasure>
      <BisWeighted>0</BisWeighted>
      <QtyInPackage>1</QtyInPackage>
      <ItemPrice>6.40</ItemPrice>
      <UnitOfMeasurePrice>0.43</UnitOfMeasurePrice>
      <AllowDiscount>1</AllowDiscount>
      <itemStatus>1</itemStatus>
      <LastUpdateDate />
      <LastUpdateTime />
    </Product>
    <Product>
      <PriceUpdateDate>2019/01/14 09:58</PriceUpdateDate>
      <ItemCode>7290000260860</ItemCode>
      <ItemType>1</ItemType>
      <ItemName>משקה קל אפרסקים ספרינג (1.5 ליטר)</ItemName>
      <ManufactureName>יפאורה</ManufactureName>
      <ManufactureCountry />
      <ManufactureItemDescription />
      <UnitQty>יח`</UnitQty>
      <Quantity>15</Quantity>
      <UnitMeasure>100 מ"ל</UnitMeasure>
      <BisWeighted>0</BisWeighted>
      <QtyInPackage>1</QtyInPackage>
      <ItemPrice>6.40</ItemPrice>
      <UnitOfMeasurePrice>0.43</UnitOfMeasurePrice>
      <AllowDiscount>1</AllowDiscount>
      <itemStatus>1</itemStatus>
      <LastUpdateDate />
      <LastUpdateTime />
    </Product>
    <Product>
      <PriceUpdateDate>2019/01/14 09:58</PriceUpdateDate>
      <ItemCode>7290000260969</ItemCode>
      <ItemType>1</ItemType>
      <ItemName>ספרינג אשכוליות אננס לייט 1.5 ליטר</ItemName>
      <ManufactureName>יפאורה</ManufactureName>
      <ManufactureCountry />
      <ManufactureItemDescription />
      <UnitQty>יח`</UnitQty>
      <Quantity>15</Quantity>
      <UnitMeasure>100 מ"ל</UnitMeasure>
      <BisWeighted>0</BisWeighted>
      <QtyInPackage>1</QtyInPackage>
      <ItemPrice>6.40</ItemPrice>
      <UnitOfMeasurePrice>0.43</UnitOfMeasurePrice>
      <AllowDiscount>1</AllowDiscount>
      <itemStatus>1</itemStatus>
      <LastUpdateDate />
      <LastUpdateTime />
    </Product>
    <Product>
      <PriceUpdateDate>2018/11/26 09:11</PriceUpdateDate>
      <ItemCode>7290000262031</ItemCode>
      <ItemType>1</ItemType>
      <ItemName>נייר טואלט לב מולט) (32</ItemName>
      <ManufactureName>קימברלי קלארק ישראל שיווק בעמ</ManufactureName>
      <ManufactureCountry />
      <ManufactureItemDescription />
      <UnitQty>יח`</UnitQty>
      <Quantity>18.50</Quantity>
      <UnitMeasure>100 גרם</UnitMeasure>
      <BisWeighted>0</BisWeighted>
      <QtyInPackage>1</QtyInPackage>
      <ItemPrice>26.90</ItemPrice>
      <UnitOfMeasurePrice>1.45</UnitOfMeasurePrice>
      <AllowDiscount>0</AllowDiscount>
      <itemStatus>1</itemStatus>
      <LastUpdateDate />
      <LastUpdateTime />
    </Product>
    <Product>
      <PriceUpdateDate>2018/08/13 14:16</PriceUpdateDate>
      <ItemCode>7290000262239</ItemCode>
      <ItemType>1</ItemType>
      <ItemName>נייר טואלט לב מולט (48)</ItemName>
      <ManufactureName>קימברלי קלארק ישראל שיווק בעמ</ManufactureName>
      <ManufactureCountry />
      <ManufactureItemDescription />
      <UnitQty>יח`</UnitQty>
      <Quantity>27.70</Quantity>
      <UnitMeasure>100 גרם</UnitMeasure>
      <BisWeighted>0</BisWeighted>
      <QtyInPackage>1</QtyInPackage>
      <ItemPrice>37.90</ItemPrice>
      <UnitOfMeasurePrice>1.37</UnitOfMeasurePrice>
      <AllowDiscount>0</AllowDiscount>
      <itemStatus>1</itemStatus>
      <LastUpdateDate />
      <LastUpdateTime />
    </Product>
    <Product>
      <PriceUpdateDate>2018/04/24 13:02</PriceUpdateDate>
      <ItemCode>7290000262413</ItemCode>
      <ItemType>1</ItemType>
      <ItemName>האגיס חיתולי אקסטרה קר מידה 5 34</ItemName>
      <ManufactureName>קימברלי קלארק ישראל שיווק בעמ</ManufactureName>
      <ManufactureCountry />
      <ManufactureItemDescription />
      <UnitQty>יח`</UnitQty>
      <Quantity>1</Quantity>
      <UnitMeasure />
      <BisWeighted>0</BisWeighted>
      <QtyInPackage>1</QtyInPackage>
      <ItemPrice>44.90</ItemPrice>
      <UnitOfMeasurePrice>44.90</UnitOfMeasurePrice>
      <AllowDiscount>1</AllowDiscount>
      <itemStatus>1</itemStatus>
      <LastUpdateDate />
      <LastUpdateTime />
    </Product>
    <Product>
      <PriceUpdateDate>2018/04/24 10:03</PriceUpdateDate>
      <ItemCode>7290000263250</ItemCode>
      <ItemType>1</ItemType>
      <ItemName>מגבונים ללא בישום פרימיום טיטולים (72x4)</ItemName>
      <ManufactureName>קימברלי קלארק ישראל שיווק בעמ</ManufactureName>
      <ManufactureCountry />
      <ManufactureItemDescription />
      <UnitQty>יח`</UnitQty>
      <Quantity>1</Quantity>
      <UnitMeasure>יח`</UnitMeasure>
      <BisWeighted>0</BisWeighted>
      <QtyInPackage>1</QtyInPackage>
      <ItemPrice>19.90</ItemPrice>
      <UnitOfMeasurePrice>19.90</UnitOfMeasurePrice>
      <AllowDiscount>1</AllowDiscount>
      <itemStatus>1</itemStatus>
      <LastUpdateDate />
      <LastUpdateTime />
    </Product>
    <Product>
      <PriceUpdateDate>2018/08/05 11:28</PriceUpdateDate>
      <ItemCode>7290000272696</ItemCode>
      <ItemType>1</ItemType>
      <ItemName>מיץ לימון משומר עסיס (1 ליטר)</ItemName>
      <ManufactureName>קבוצת אסם סחר שות. מוגבלת</ManufactureName>
      <ManufactureCountry />
      <ManufactureItemDescription />
      <UnitQty>יח`</UnitQty>
      <Quantity>1</Quantity>
      <UnitMeasure>1 ליטר</UnitMeasure>
      <BisWeighted>0</BisWeighted>
      <QtyInPackage>1</QtyInPackage>
      <ItemPrice>9.90</ItemPrice>
      <UnitOfMeasurePrice>9.90</UnitOfMeasurePrice>
      <AllowDiscount>0</AllowDiscount>
      <itemStatus>1</itemStatus>
      <LastUpdateDate />
      <LastUpdateTime />
    </Product>
    <Product>
      <PriceUpdateDate>2019/01/07 10:57</PriceUpdateDate>
      <ItemCode>7290000272726</ItemCode>
      <ItemType>1</ItemType>
      <ItemName>חומץ 5% עסיס (1 ליטר)</ItemName>
      <ManufactureName>קבוצת אסם סחר שות. מוגבלת</ManufactureName>
      <ManufactureCountry />
      <ManufactureItemDescription />
      <UnitQty>יח`</UnitQty>
      <Quantity>1</Quantity>
      <UnitMeasure>1 ליטר</UnitMeasure>
      <BisWeighted>0</BisWeighted>
      <QtyInPackage>1</QtyInPackage>
      <ItemPrice>7.90</ItemPrice>
      <UnitOfMeasurePrice>7.90</UnitOfMeasurePrice>
      <AllowDiscount>0</AllowDiscount>
      <itemStatus>1</itemStatus>
      <LastUpdateDate />
      <LastUpdateTime />
    </Product>
    <Product>
      <PriceUpdateDate>2018/11/12 07:49</PriceUpdateDate>
      <ItemCode>7290000284316</ItemCode>
      <ItemType>1</ItemType>
      <ItemName>בקבוק קוקה-קולה (1.5 ליטר)</ItemName>
      <ManufactureName>החברה המרכזית להפצת משקאות בעמ</ManufactureName>
      <ManufactureCountry />
      <ManufactureItemDescription />
      <UnitQty>יח`</UnitQty>
      <Quantity>15</Quantity>
      <UnitMeasure>100 מ"ל</UnitMeasure>
      <BisWeighted>0</BisWeighted>
      <QtyInPackage>1</QtyInPackage>
      <ItemPrice>6.50</ItemPrice>
      <UnitOfMeasurePrice>0.43</UnitOfMeasurePrice>
      <AllowDiscount>0</AllowDiscount>
      <itemStatus>1</itemStatus>
      <LastUpdateDate />
      <LastUpdateTime />
    </Product>
    <Product>
      <PriceUpdateDate>2018/04/24 09:38</PriceUpdateDate>
      <ItemCode>7290000284347</ItemCode>
      <ItemType>1</ItemType>
      <ItemName>סודה קינלי (1.5 ליטר)</ItemName>
      <ManufactureName>החברה המרכזית להפצת משקאות בעמ</ManufactureName>
      <ManufactureCountry />
      <ManufactureItemDescription />
      <UnitQty>יח`</UnitQty>
      <Quantity>1.50</Quantity>
      <UnitMeasure>1 ליטר</UnitMeasure>
      <BisWeighted>0</BisWeighted>
      <QtyInPackage>1</QtyInPackage>
      <ItemPrice>4</ItemPrice>
      <UnitOfMeasurePrice>2.67</UnitOfMeasurePrice>
      <AllowDiscount>0</AllowDiscount>
      <itemStatus>1</itemStatus>
      <LastUpdateDate />
      <LastUpdateTime />
    </Product>
    <Product>
      <PriceUpdateDate>2018/08/01 14:43</PriceUpdateDate>
      <ItemCode>7290000284361</ItemCode>
      <ItemType>1</ItemType>
      <ItemName>בקבוק דיאט קוקה-קולה (1.5 ליטר)</ItemName>
      <ManufactureName>החברה המרכזית להפצת משקאות בעמ</ManufactureName>
      <ManufactureCountry />
      <ManufactureItemDescription />
      <UnitQty>יח`</UnitQty>
      <Quantity>1.50</Quantity>
      <UnitMeasure>1 ליטר</UnitMeasure>
      <BisWeighted>0</BisWeighted>
      <QtyInPackage>1</QtyInPackage>
      <ItemPrice>6.50</ItemPrice>
      <UnitOfMeasurePrice>4.33</UnitOfMeasurePrice>
      <AllowDiscount>0</AllowDiscount>
      <itemStatus>1</itemStatus>
      <LastUpdateDate />
      <LastUpdateTime />
    </Product>
    <Product>
      <PriceUpdateDate>2019/01/14 09:58</PriceUpdateDate>
      <ItemCode>7290000285849</ItemCode>
      <ItemType>1</ItemType>
      <ItemName>מי סודה שוופס (1.5 ליטר)</ItemName>
      <ManufactureName>יפאורה</ManufactureName>
      <ManufactureCountry />
      <ManufactureItemDescription />
      <UnitQty>יח`</UnitQty>
      <Quantity>15</Quantity>
      <UnitMeasure>100 מ"ל</UnitMeasure>
      <BisWeighted>0</BisWeighted>
      <QtyInPackage>1</QtyInPackage>
      <ItemPrice>3.50</ItemPrice>
      <UnitOfMeasurePrice>0.23</UnitOfMeasurePrice>
      <AllowDiscount>1</AllowDiscount>
      <itemStatus>1</itemStatus>
      <LastUpdateDate />
      <LastUpdateTime />
    </Product>
    <Product>
      <PriceUpdateDate>2019/04/11 10:04</PriceUpdateDate>
      <ItemCode>7290000286228</ItemCode>
      <ItemType>1</ItemType>
      <ItemName>כרית יפנית סנו סושי (6)</ItemName>
      <ManufactureName>החברה הדרומית לשיווק בעמ</ManufactureName>
      <ManufactureCountry />
      <ManufactureItemDescription />
      <UnitQty>יח`</UnitQty>
      <Quantity>6</Quantity>
      <UnitMeasure>יח`</UnitMeasure>
      <BisWeighted>0</BisWeighted>
      <QtyInPackage>1</QtyInPackage>
      <ItemPrice>11.90</ItemPrice>
      <UnitOfMeasurePrice>1.98</UnitOfMeasurePrice>
      <AllowDiscount>0</AllowDiscount>
      <itemStatus>1</itemStatus>
      <LastUpdateDate />
      <LastUpdateTime />
    </Product>
    <Product>
      <PriceUpdateDate>2019/07/19 09:02</PriceUpdateDate>
      <ItemCode>7290000286471</ItemCode>
      <ItemType>1</ItemType>
      <ItemName>סנו מדיק עם דמוניות ג`ל לניקוי ידיים 10</ItemName>
      <ManufactureName>החברה הדרומית לשיווק בעמ</ManufactureName>
      <ManufactureCountry />
      <ManufactureItemDescription />
      <UnitQty>יח`</UnitQty>
      <Quantity>1</Quantity>
      <UnitMeasure>100 מ"ל</UnitMeasure>
      <BisWeighted>0</BisWeighted>
      <QtyInPackage>1</QtyInPackage>
      <ItemPrice>12.90</ItemPrice>
      <UnitOfMeasurePrice>12.90</UnitOfMeasurePrice>
      <AllowDiscount>0</AllowDiscount>
      <itemStatus>1</itemStatus>
      <LastUpdateDate />
      <LastUpdateTime />
    </Product>
    <Product>
      <PriceUpdateDate>2018/08/02 10:17</PriceUpdateDate>
      <ItemCode>7290000286549</ItemCode>
      <ItemType>1</ItemType>
      <ItemName>מטלית לכל סנו סושי (9)</ItemName>
      <ManufactureName>החברה הדרומית לשיווק בעמ</ManufactureName>
      <ManufactureCountry />
      <ManufactureItemDescription />
      <UnitQty>יח`</UnitQty>
      <Quantity>9</Quantity>
      <UnitMeasure>יח`</UnitMeasure>
      <BisWeighted>0</BisWeighted>
      <QtyInPackage>1</QtyInPackage>
      <ItemPrice>11.90</ItemPrice>
      <UnitOfMeasurePrice>1.32</UnitOfMeasurePrice>
      <AllowDiscount>1</AllowDiscount>
      <itemStatus>1</itemStatus>
      <LastUpdateDate />
      <LastUpdateTime />
    </Product>
    <Product>
      <PriceUpdateDate>2018/04/24 09:12</PriceUpdateDate>
      <ItemCode>7290000286761</ItemCode>
      <ItemType>1</ItemType>
      <ItemName>ניילון נצמד סנו סושי (30x2 מטר)</ItemName>
      <ManufactureName>החברה הדרומית לשיווק בעמ</ManufactureName>
      <ManufactureCountry />
      <ManufactureItemDescription />
      <UnitQty>יח`</UnitQty>
      <Quantity>1</Quantity>
      <UnitMeasure />
      <BisWeighted>0</BisWeighted>
      <QtyInPackage>1</QtyInPackage>
      <ItemPrice>10.90</ItemPrice>
      <UnitOfMeasurePrice>10.90</UnitOfMeasurePrice>
      <AllowDiscount>1</AllowDiscount>
      <itemStatus>1</itemStatus>
      <LastUpdateDate />
      <LastUpdateTime />
    </Product>
    <Product>
      <PriceUpdateDate>2018/04/24 09:12</PriceUpdateDate>
      <ItemCode>7290000286921</ItemCode>
      <ItemType>1</ItemType>
      <ItemName>קל רסס וכבס סנו (750 מל)</ItemName>
      <ManufactureName>החברה הדרומית לשיווק בעמ</ManufactureName>
      <ManufactureCountry />
      <ManufactureItemDescription />
      <UnitQty>יח`</UnitQty>
      <Quantity>6</Quantity>
      <UnitMeasure>100 מ"ל</UnitMeasure>
      <BisWeighted>0</BisWeighted>
      <QtyInPackage>1</QtyInPackage>
      <ItemPrice>19.90</ItemPrice>
      <UnitOfMeasurePrice>3.32</UnitOfMeasurePrice>
      <AllowDiscount>1</AllowDiscount>
      <itemStatus>1</itemStatus>
      <LastUpdateDate />
      <LastUpdateTime />
    </Product>
    <Product>
      <PriceUpdateDate>2018/04/24 09:12</PriceUpdateDate>
      <ItemCode>7290000287102</ItemCode>
      <ItemType>1</ItemType>
      <ItemName>שמפו שטיחים ספריי סנו (600 מל)</ItemName>
      <ManufactureName>החברה הדרומית לשיווק בעמ</ManufactureName>
      <ManufactureCountry />
      <ManufactureItemDescription />
      <UnitQty>יח`</UnitQty>
      <Quantity>6</Quantity>
      <UnitMeasure>100 מ"ל</UnitMeasure>
      <BisWeighted>0</BisWeighted>
      <QtyInPackage>1</QtyInPackage>
      <ItemPrice>23.90</ItemPrice>
      <UnitOfMeasurePrice>3.98</UnitOfMeasurePrice>
      <AllowDiscount>1</AllowDiscount>
      <itemStatus>1</itemStatus>
      <LastUpdateDate />
      <LastUpdateTime />
    </Product>
    <Product>
      <PriceUpdateDate>2018/04/24 09:12</PriceUpdateDate>
      <ItemCode>7290000287195</ItemCode>
      <ItemType>1</ItemType>
      <ItemName>תרסיס רהיט סנו (300 מל)</ItemName>
      <ManufactureName>החברה הדרומית לשיווק בעמ</ManufactureName>
      <ManufactureCountry />
      <ManufactureItemDescription />
      <UnitQty>יח`</UnitQty>
      <Quantity>3.05</Quantity>
      <UnitMeasure>100 מ"ל</UnitMeasure>
      <BisWeighted>0</BisWeighted>
      <QtyInPackage>1</QtyInPackage>
      <ItemPrice>16.90</ItemPrice>
      <UnitOfMeasurePrice>5.54</UnitOfMeasurePrice>
      <AllowDiscount>1</AllowDiscount>
      <itemStatus>1</itemStatus>
      <LastUpdateDate />
      <LastUpdateTime />
    </Product>
    <Product>
      <PriceUpdateDate>2018/04/24 09:12</PriceUpdateDate>
      <ItemCode>7290000287355</ItemCode>
      <ItemType>1</ItemType>
      <ItemName>סופר פוליש נוזל לרצפה סנו (1 ליטר)</ItemName>
      <ManufactureName>החברה הדרומית לשיווק בעמ</ManufactureName>
      <ManufactureCountry />
      <ManufactureItemDescription />
      <UnitQty>יח`</UnitQty>
      <Quantity>1</Quantity>
      <UnitMeasure>1 ליטר</UnitMeasure>
      <BisWeighted>0</BisWeighted>
      <QtyInPackage>1</QtyInPackage>
      <ItemPrice>33.90</ItemPrice>
      <UnitOfMeasurePrice>33.90</UnitOfMeasurePrice>
      <AllowDiscount>1</AllowDiscount>
      <itemStatus>1</itemStatus>
      <LastUpdateDate />
      <LastUpdateTime />
    </Product>
    <Product>
      <PriceUpdateDate>2018/04/24 09:12</PriceUpdateDate>
      <ItemCode>7290000287409</ItemCode>
      <ItemType>1</ItemType>
      <ItemName>סנובון תות לאסלה סנו (55x3 גרם)</ItemName>
      <ManufactureName>החברה הדרומית לשיווק בעמ</ManufactureName>
      <ManufactureCountry />
      <ManufactureItemDescription />
      <UnitQty>יח`</UnitQty>
      <Quantity>1.65</Quantity>
      <UnitMeasure>100 גרם</UnitMeasure>
      <BisWeighted>0</BisWeighted>
      <QtyInPackage>1</QtyInPackage>
      <ItemPrice>11.90</ItemPrice>
      <UnitOfMeasurePrice>7.21</UnitOfMeasurePrice>
      <AllowDiscount>1</AllowDiscount>
      <itemStatus>1</itemStatus>
      <LastUpdateDate />
      <LastUpdateTime />
    </Product>
    <Product>
      <PriceUpdateDate>2018/04/24 09:12</PriceUpdateDate>
      <ItemCode>7290000287430</ItemCode>
      <ItemType>1</ItemType>
      <ItemName>סנובון לאסלה לימון סנו (55x3 גרם)</ItemName>
      <ManufactureName>החברה הדרומית לשיווק בעמ</ManufactureName>
      <ManufactureCountry />
      <ManufactureItemDescription />
      <UnitQty>יח`</UnitQty>
      <Quantity>1.65</Quantity>
      <UnitMeasure>100 גרם</UnitMeasure>
      <BisWeighted>0</BisWeighted>
      <QtyInPackage>1</QtyInPackage>
      <ItemPrice>11.90</ItemPrice>
      <UnitOfMeasurePrice>7.21</UnitOfMeasurePrice>
      <AllowDiscount>1</AllowDiscount>
      <itemStatus>1</itemStatus>
      <LastUpdateDate />
      <LastUpdateTime />
    </Product>
    <Product>
      <PriceUpdateDate>2018/04/24 09:12</PriceUpdateDate>
      <ItemCode>7290000287492</ItemCode>
      <ItemType>1</ItemType>
      <ItemName>סנובון נוזלי 750 מל</ItemName>
      <ManufactureName>החברה הדרומית לשיווק בעמ</ManufactureName>
      <ManufactureCountry />
      <ManufactureItemDescription />
      <UnitQty>יח`</UnitQty>
      <Quantity>7.50</Quantity>
      <UnitMeasure>100 מ"ל</UnitMeasure>
      <BisWeighted>0</BisWeighted>
      <QtyInPackage>1</QtyInPackage>
      <ItemPrice>9.90</ItemPrice>
      <UnitOfMeasurePrice>1.32</UnitOfMeasurePrice>
      <AllowDiscount>0</AllowDiscount>
      <itemStatus>1</itemStatus>
      <LastUpdateDate />
      <LastUpdateTime />
    </Product>
    <Product>
      <PriceUpdateDate>2018/07/25 13:24</PriceUpdateDate>
      <ItemCode>7290000287621</ItemCode>
      <ItemType>1</ItemType>
      <ItemName>אנטי קאלק לאסלה 750 מל</ItemName>
      <ManufactureName>החברה הדרומית לשיווק בעמ</ManufactureName>
      <ManufactureCountry />
      <ManufactureItemDescription />
      <UnitQty>יח`</UnitQty>
      <Quantity>7.50</Quantity>
      <UnitMeasure>100 מ"ל</UnitMeasure>
      <BisWeighted>0</BisWeighted>
      <QtyInPackage>1</QtyInPackage>
      <ItemPrice>15.90</ItemPrice>
      <UnitOfMeasurePrice>2.12</UnitOfMeasurePrice>
      <AllowDiscount>0</AllowDiscount>
      <itemStatus>1</itemStatus>
      <LastUpdateDate />
      <LastUpdateTime />
    </Product>
    <Product>
      <PriceUpdateDate>2018/04/24 09:12</PriceUpdateDate>
      <ItemCode>7290000288024</ItemCode>
      <ItemType>1</ItemType>
      <ItemName>אקונומיקה ז`אוול לימון סנו (4 ליטר)</ItemName>
      <ManufactureName>החברה הדרומית לשיווק בעמ</ManufactureName>
      <ManufactureCountry />
      <ManufactureItemDescription />
      <UnitQty>יח`</UnitQty>
      <Quantity>40</Quantity>
      <UnitMeasure>100 מ"ל</UnitMeasure>
      <BisWeighted>0</BisWeighted>
      <QtyInPackage>1</QtyInPackage>
      <ItemPrice>15.90</ItemPrice>
      <UnitOfMeasurePrice>0.40</UnitOfMeasurePrice>
      <AllowDiscount>0</AllowDiscount>
      <itemStatus>1</itemStatus>
      <LastUpdateDate />
      <LastUpdateTime />
    </Product>
    <Product>
      <PriceUpdateDate>2018/04/24 11:28</PriceUpdateDate>
      <ItemCode>7290000288048</ItemCode>
      <ItemType>1</ItemType>
      <ItemName>ז`אוול מרסס לניקוי כללי לבנדר סנו (1 ליט</ItemName>
      <ManufactureName>החברה הדרומית לשיווק בעמ</ManufactureName>
      <ManufactureCountry />
      <ManufactureItemDescription />
      <UnitQty>יח`</UnitQty>
      <Quantity>1</Quantity>
      <UnitMeasure>1 ליטר</UnitMeasure>
      <BisWeighted>0</BisWeighted>
      <QtyInPackage>1</QtyInPackage>
      <ItemPrice>19.90</ItemPrice>
      <UnitOfMeasurePrice>19.90</UnitOfMeasurePrice>
      <AllowDiscount>1</AllowDiscount>
      <itemStatus>1</itemStatus>
      <LastUpdateDate />
      <LastUpdateTime />
    </Product>
    <Product>
      <PriceUpdateDate>2019/04/11 10:04</PriceUpdateDate>
      <ItemCode>7290000288352</ItemCode>
      <ItemType>1</ItemType>
      <ItemName>קוטל חרקים קיי 300 סנו (630 מל)</ItemName>
      <ManufactureName>החברה הדרומית לשיווק בעמ</ManufactureName>
      <ManufactureCountry />
      <ManufactureItemDescription />
      <UnitQty>יח`</UnitQty>
      <Quantity>6.30</Quantity>
      <UnitMeasure>100 מ"ל</UnitMeasure>
      <BisWeighted>0</BisWeighted>
      <QtyInPackage>1</QtyInPackage>
      <ItemPrice>21.90</ItemPrice>
      <UnitOfMeasurePrice>3.48</UnitOfMeasurePrice>
      <AllowDiscount>1</AllowDiscount>
      <itemStatus>1</itemStatus>
      <LastUpdateDate />
      <LastUpdateTime />
    </Product>
    <Product>
      <PriceUpdateDate>2018/08/02 10:17</PriceUpdateDate>
      <ItemCode>7290000289069</ItemCode>
      <ItemType>1</ItemType>
      <ItemName>סנו ז`אוול מרסס 1 ליטר</ItemName>
      <ManufactureName>החברה הדרומית לשיווק בעמ</ManufactureName>
      <ManufactureCountry />
      <ManufactureItemDescription />
      <UnitQty>יח`</UnitQty>
      <Quantity>1</Quantity>
      <UnitMeasure>1 ליטר</UnitMeasure>
      <BisWeighted>0</BisWeighted>
      <QtyInPackage>1</QtyInPackage>
      <ItemPrice>19.90</ItemPrice>
      <UnitOfMeasurePrice>19.90</UnitOfMeasurePrice>
      <AllowDiscount>1</AllowDiscount>
      <itemStatus>1</itemStatus>
      <LastUpdateDate />
      <LastUpdateTime />
    </Product>
    <Product>
      <PriceUpdateDate>2020/03/08 18:31</PriceUpdateDate>
      <ItemCode>7290000289236</ItemCode>
      <ItemType>1</ItemType>
      <ItemName>סנו k3 פיתיון ג`ל קוטל  נמלים- סנו</ItemName>
      <ManufactureName>החברה הדרומית לשיווק בעמ</ManufactureName>
      <ManufactureCountry />
      <ManufactureItemDescription />
      <UnitQty>יח`</UnitQty>
      <Quantity>1</Quantity>
      <UnitMeasure />
      <BisWeighted>0</BisWeighted>
      <QtyInPackage>1</QtyInPackage>
      <ItemPrice>49.90</ItemPrice>
      <UnitOfMeasurePrice>49.90</UnitOfMeasurePrice>
      <AllowDiscount>0</AllowDiscount>
      <itemStatus>1</itemStatus>
      <LastUpdateDate />
      <LastUpdateTime />
    </Product>
    <Product>
      <PriceUpdateDate>2019/10/28 15:00</PriceUpdateDate>
      <ItemCode>7290000289380</ItemCode>
      <ItemType>1</ItemType>
      <ItemName>ז`אוול מונטבלאן ג`ל לאסלות סנו (750 מל)</ItemName>
      <ManufactureName>החברה הדרומית לשיווק בעמ</ManufactureName>
      <ManufactureCountry />
      <ManufactureItemDescription />
      <UnitQty>יח`</UnitQty>
      <Quantity>7.50</Quantity>
      <UnitMeasure>100 מ"ל</UnitMeasure>
      <BisWeighted>0</BisWeighted>
      <QtyInPackage>1</QtyInPackage>
      <ItemPrice>9.90</ItemPrice>
      <UnitOfMeasurePrice>1.32</UnitOfMeasurePrice>
      <AllowDiscount>0</AllowDiscount>
      <itemStatus>1</itemStatus>
      <LastUpdateDate />
      <LastUpdateTime />
    </Product>
    <Product>
      <PriceUpdateDate>2018/08/02 10:17</PriceUpdateDate>
      <ItemCode>7290000289472</ItemCode>
      <ItemType>1</ItemType>
      <ItemName>סושי שקיות אשפה גדולות 50 יח`</ItemName>
      <ManufactureName>החברה הדרומית לשיווק בעמ</ManufactureName>
      <ManufactureCountry />
      <ManufactureItemDescription />
      <UnitQty>יח`</UnitQty>
      <Quantity>1</Quantity>
      <UnitMeasure />
      <BisWeighted>0</BisWeighted>
      <QtyInPackage>1</QtyInPackage>
      <ItemPrice>19.90</ItemPrice>
      <UnitOfMeasurePrice>19.90</UnitOfMeasurePrice>
      <AllowDiscount>0</AllowDiscount>
      <itemStatus>1</itemStatus>
      <LastUpdateDate />
      <LastUpdateTime />
    </Product>
    <Product>
      <PriceUpdateDate>2018/04/24 09:13</PriceUpdateDate>
      <ItemCode>7290000289496</ItemCode>
      <ItemType>1</ItemType>
      <ItemName>קרם לניקוי כללי לימון סנו (750 מל)</ItemName>
      <ManufactureName>החברה הדרומית לשיווק בעמ</ManufactureName>
      <ManufactureCountry />
      <ManufactureItemDescription />
      <UnitQty>יח`</UnitQty>
      <Quantity>7.50</Quantity>
      <UnitMeasure>100 מ"ל</UnitMeasure>
      <BisWeighted>0</BisWeighted>
      <QtyInPackage>1</QtyInPackage>
      <ItemPrice>11.90</ItemPrice>
      <UnitOfMeasurePrice>1.59</UnitOfMeasurePrice>
      <AllowDiscount>0</AllowDiscount>
      <itemStatus>1</itemStatus>
      <LastUpdateDate />
      <LastUpdateTime />
    </Product>
    <Product>
      <PriceUpdateDate>2019/01/07 10:57</PriceUpdateDate>
      <ItemCode>7290000289595</ItemCode>
      <ItemType>1</ItemType>
      <ItemName>מש.שיניים אורביטול ילדים</ItemName>
      <ManufactureName>החברה הדרומית לשיווק בעמ</ManufactureName>
      <ManufactureCountry />
      <ManufactureItemDescription />
      <UnitQty>יח`</UnitQty>
      <Quantity>1.45</Quantity>
      <UnitMeasure>100 גרם</UnitMeasure>
      <BisWeighted>0</BisWeighted>
      <QtyInPackage>1</QtyInPackage>
      <ItemPrice>9.90</ItemPrice>
      <UnitOfMeasurePrice>6.83</UnitOfMeasurePrice>
      <AllowDiscount>0</AllowDiscount>
      <itemStatus>1</itemStatus>
      <LastUpdateDate />
      <LastUpdateTime />
    </Product>
    <Product>
      <PriceUpdateDate>2018/08/02 10:17</PriceUpdateDate>
      <ItemCode>7290000289748</ItemCode>
      <ItemType>1</ItemType>
      <ItemName>מסיר שומנים פורטה פלוס סנו (750 מל)</ItemName>
      <ManufactureName>החברה הדרומית לשיווק בעמ</ManufactureName>
      <ManufactureCountry />
      <ManufactureItemDescription />
      <UnitQty>יח`</UnitQty>
      <Quantity>7.50</Quantity>
      <UnitMeasure>100 מ"ל</UnitMeasure>
      <BisWeighted>0</BisWeighted>
      <QtyInPackage>1</QtyInPackage>
      <ItemPrice>16.90</ItemPrice>
      <UnitOfMeasurePrice>2.25</UnitOfMeasurePrice>
      <AllowDiscount>1</AllowDiscount>
      <itemStatus>1</itemStatus>
      <LastUpdateDate />
      <LastUpdateTime />
    </Product>
    <Product>
      <PriceUpdateDate>2019/04/05 09:37</PriceUpdateDate>
      <ItemCode>7290000292007</ItemCode>
      <ItemType>1</ItemType>
      <ItemName>סנו k3 פיתיון ג`ל קוטל חרקים 10  גר`סנו</ItemName>
      <ManufactureName>החברה הדרומית לשיווק בעמ</ManufactureName>
      <ManufactureCountry />
      <ManufactureItemDescription />
      <UnitQty>יח`</UnitQty>
      <Quantity>1</Quantity>
      <UnitMeasure />
      <BisWeighted>0</BisWeighted>
      <QtyInPackage>1</QtyInPackage>
      <ItemPrice>49.90</ItemPrice>
      <UnitOfMeasurePrice>49.90</UnitOfMeasurePrice>
      <AllowDiscount>0</AllowDiscount>
      <itemStatus>1</itemStatus>
      <LastUpdateDate />
      <LastUpdateTime />
    </Product>
    <Product>
      <PriceUpdateDate>2018/07/23 10:22</PriceUpdateDate>
      <ItemCode>7290000292502</ItemCode>
      <ItemType>1</ItemType>
      <ItemName>קוטל נמלים קיי 800 סנו (300  מל)</ItemName>
      <ManufactureName>החברה הדרומית לשיווק בעמ</ManufactureName>
      <ManufactureCountry />
      <ManufactureItemDescription />
      <UnitQty>יח`</UnitQty>
      <Quantity>3</Quantity>
      <UnitMeasure>100 מ"ל</UnitMeasure>
      <BisWeighted>0</BisWeighted>
      <QtyInPackage>1</QtyInPackage>
      <ItemPrice>16.90</ItemPrice>
      <UnitOfMeasurePrice>5.63</UnitOfMeasurePrice>
      <AllowDiscount>0</AllowDiscount>
      <itemStatus>1</itemStatus>
      <LastUpdateDate />
      <LastUpdateTime />
    </Product>
    <Product>
      <PriceUpdateDate>2018/04/24 09:13</PriceUpdateDate>
      <ItemCode>7290000292557</ItemCode>
      <ItemType>1</ItemType>
      <ItemName>סנומט דוחה יתושים מילוי סנו) (45</ItemName>
      <ManufactureName>החברה הדרומית לשיווק בעמ</ManufactureName>
      <ManufactureCountry />
      <ManufactureItemDescription />
      <UnitQty>יח`</UnitQty>
      <Quantity>1</Quantity>
      <UnitMeasure />
      <BisWeighted>0</BisWeighted>
      <QtyInPackage>1</QtyInPackage>
      <ItemPrice>21.90</ItemPrice>
      <UnitOfMeasurePrice>21.90</UnitOfMeasurePrice>
      <AllowDiscount>0</AllowDiscount>
      <itemStatus>1</itemStatus>
      <LastUpdateDate />
      <LastUpdateTime />
    </Product>
    <Product>
      <PriceUpdateDate>2018/08/02 10:17</PriceUpdateDate>
      <ItemCode>7290000292687</ItemCode>
      <ItemType>1</ItemType>
      <ItemName>סנובון לאסלה קלאסיק כחול סנו (55x3 גרם)</ItemName>
      <ManufactureName>החברה הדרומית לשיווק בעמ</ManufactureName>
      <ManufactureCountry />
      <ManufactureItemDescription />
      <UnitQty>יח`</UnitQty>
      <Quantity>1.65</Quantity>
      <UnitMeasure>100 גרם</UnitMeasure>
      <BisWeighted>0</BisWeighted>
      <QtyInPackage>1</QtyInPackage>
      <ItemPrice>18.90</ItemPrice>
      <UnitOfMeasurePrice>11.45</UnitOfMeasurePrice>
      <AllowDiscount>1</AllowDiscount>
      <itemStatus>1</itemStatus>
      <LastUpdateDate />
      <LastUpdateTime />
    </Product>
    <Product>
      <PriceUpdateDate>2019/01/30 09:36</PriceUpdateDate>
      <ItemCode>7290000293073</ItemCode>
      <ItemType>1</ItemType>
      <ItemName>סנו מקסימה 4 ליטר לבן</ItemName>
      <ManufactureName>החברה הדרומית לשיווק בעמ</ManufactureName>
      <ManufactureCountry />
      <ManufactureItemDescription />
      <UnitQty>יח`</UnitQty>
      <Quantity>4</Quantity>
      <UnitMeasure>1 ליטר</UnitMeasure>
      <BisWeighted>0</BisWeighted>
      <QtyInPackage>1</QtyInPackage>
      <ItemPrice>19.90</ItemPrice>
      <UnitOfMeasurePrice>4.98</UnitOfMeasurePrice>
      <AllowDiscount>0</AllowDiscount>
      <itemStatus>1</itemStatus>
      <LastUpdateDate />
      <LastUpdateTime />
    </Product>
    <Product>
      <PriceUpdateDate>2018/05/27 12:47</PriceUpdateDate>
      <ItemCode>7290000293820</ItemCode>
      <ItemType>1</ItemType>
      <ItemName>ג`ל רחצה לגבר אקטיב בלוק קרמה (700 מל)</ItemName>
      <ManufactureName>החברה הדרומית לשיווק בעמ</ManufactureName>
      <ManufactureCountry />
      <ManufactureItemDescription />
      <UnitQty>יח`</UnitQty>
      <Quantity>7</Quantity>
      <UnitMeasure>100 מ"ל</UnitMeasure>
      <BisWeighted>0</BisWeighted>
      <QtyInPackage>1</QtyInPackage>
      <ItemPrice>20.90</ItemPrice>
      <UnitOfMeasurePrice>2.99</UnitOfMeasurePrice>
      <AllowDiscount>0</AllowDiscount>
      <itemStatus>1</itemStatus>
      <LastUpdateDate />
      <LastUpdateTime />
    </Product>
    <Product>
      <PriceUpdateDate>2019/01/30 09:36</PriceUpdateDate>
      <ItemCode>7290000293943</ItemCode>
      <ItemType>1</ItemType>
      <ItemName>אנטי קלאק מרסס ברזים/ כיורים</ItemName>
      <ManufactureName>החברה הדרומית לשיווק בעמ</ManufactureName>
      <ManufactureCountry />
      <ManufactureItemDescription />
      <UnitQty>יח`</UnitQty>
      <Quantity>1</Quantity>
      <UnitMeasure>1 ליטר</UnitMeasure>
      <BisWeighted>0</BisWeighted>
      <QtyInPackage>1</QtyInPackage>
      <ItemPrice>16.90</ItemPrice>
      <UnitOfMeasurePrice>16.90</UnitOfMeasurePrice>
      <AllowDiscount>0</AllowDiscount>
      <itemStatus>1</itemStatus>
      <LastUpdateDate />
      <LastUpdateTime />
    </Product>
    <Product>
      <PriceUpdateDate>2018/04/24 09:13</PriceUpdateDate>
      <ItemCode>7290000294780</ItemCode>
      <ItemType>1</ItemType>
      <ItemName>אקונומיקה ז`אוול סמיכה סנו (4 ליטר)</ItemName>
      <ManufactureName>החברה הדרומית לשיווק בעמ</ManufactureName>
      <ManufactureCountry />
      <ManufactureItemDescription />
      <UnitQty>יח`</UnitQty>
      <Quantity>40</Quantity>
      <UnitMeasure>100 מ"ל</UnitMeasure>
      <BisWeighted>0</BisWeighted>
      <QtyInPackage>1</QtyInPackage>
      <ItemPrice>15.90</ItemPrice>
      <UnitOfMeasurePrice>0.40</UnitOfMeasurePrice>
      <AllowDiscount>0</AllowDiscount>
      <itemStatus>1</itemStatus>
      <LastUpdateDate />
      <LastUpdateTime />
    </Product>
    <Product>
      <PriceUpdateDate>2018/04/24 09:13</PriceUpdateDate>
      <ItemCode>7290000295299</ItemCode>
      <ItemType>1</ItemType>
      <ItemName>כרית יפנית לכלים אקטיב סנו סושי (4)</ItemName>
      <ManufactureName>החברה הדרומית לשיווק בעמ</ManufactureName>
      <ManufactureCountry />
      <ManufactureItemDescription />
      <UnitQty>יח`</UnitQty>
      <Quantity>1</Quantity>
      <UnitMeasure />
      <BisWeighted>0</BisWeighted>
      <QtyInPackage>1</QtyInPackage>
      <ItemPrice>11.90</ItemPrice>
      <UnitOfMeasurePrice>11.90</UnitOfMeasurePrice>
      <AllowDiscount>1</AllowDiscount>
      <itemStatus>1</itemStatus>
      <LastUpdateDate />
      <LastUpdateTime />
    </Product>
    <Product>
      <PriceUpdateDate>2018/04/24 09:13</PriceUpdateDate>
      <ItemCode>7290000295336</ItemCode>
      <ItemType>1</ItemType>
      <ItemName>סנו מקסימה 1.25 קג`</ItemName>
      <ManufactureName>החברה הדרומית לשיווק בעמ</ManufactureName>
      <ManufactureCountry />
      <ManufactureItemDescription />
      <UnitQty>יח`</UnitQty>
      <Quantity>1.25</Quantity>
      <UnitMeasure>ק"ג</UnitMeasure>
      <BisWeighted>0</BisWeighted>
      <QtyInPackage>1</QtyInPackage>
      <ItemPrice>13.90</ItemPrice>
      <UnitOfMeasurePrice>11.12</UnitOfMeasurePrice>
      <AllowDiscount>0</AllowDiscount>
      <itemStatus>1</itemStatus>
      <LastUpdateDate />
      <LastUpdateTime />
    </Product>
    <Product>
      <PriceUpdateDate>2018/07/08 11:12</PriceUpdateDate>
      <ItemCode>7290000295367</ItemCode>
      <ItemType>1</ItemType>
      <ItemName>סנו מקסימה 2.5 קג`</ItemName>
      <ManufactureName>החברה הדרומית לשיווק בעמ</ManufactureName>
      <ManufactureCountry />
      <ManufactureItemDescription />
      <UnitQty>יח`</UnitQty>
      <Quantity>2.50</Quantity>
      <UnitMeasure>ק"ג</UnitMeasure>
      <BisWeighted>0</BisWeighted>
      <QtyInPackage>1</QtyInPackage>
      <ItemPrice>24.90</ItemPrice>
      <UnitOfMeasurePrice>9.96</UnitOfMeasurePrice>
      <AllowDiscount>0</AllowDiscount>
      <itemStatus>1</itemStatus>
      <LastUpdateDate />
      <LastUpdateTime />
    </Product>
    <Product>
      <PriceUpdateDate>2018/08/02 10:17</PriceUpdateDate>
      <ItemCode>7290000295404</ItemCode>
      <ItemType>1</ItemType>
      <ItemName>שקיות אשפה לפח 65x54 סנו סושי (60)</ItemName>
      <ManufactureName>החברה הדרומית לשיווק בעמ</ManufactureName>
      <ManufactureCountry />
      <ManufactureItemDescription />
      <UnitQty>יח`</UnitQty>
      <Quantity>1</Quantity>
      <UnitMeasure />
      <BisWeighted>0</BisWeighted>
      <QtyInPackage>1</QtyInPackage>
      <ItemPrice>22.90</ItemPrice>
      <UnitOfMeasurePrice>22.90</UnitOfMeasurePrice>
      <AllowDiscount>1</AllowDiscount>
      <itemStatus>1</itemStatus>
      <LastUpdateDate />
      <LastUpdateTime />
    </Product>
    <Product>
      <PriceUpdateDate>2018/08/02 10:17</PriceUpdateDate>
      <ItemCode>7290000295503</ItemCode>
      <ItemType>1</ItemType>
      <ItemName>שקיות סנדביצ`ים סנו סושי (150x2)</ItemName>
      <ManufactureName>החברה הדרומית לשיווק בעמ</ManufactureName>
      <ManufactureCountry />
      <ManufactureItemDescription />
      <UnitQty>יח`</UnitQty>
      <Quantity>1</Quantity>
      <UnitMeasure />
      <BisWeighted>0</BisWeighted>
      <QtyInPackage>1</QtyInPackage>
      <ItemPrice>13.90</ItemPrice>
      <UnitOfMeasurePrice>13.90</UnitOfMeasurePrice>
      <AllowDiscount>0</AllowDiscount>
      <itemStatus>1</itemStatus>
      <LastUpdateDate />
      <LastUpdateTime />
    </Product>
    <Product>
      <PriceUpdateDate>2018/08/02 10:17</PriceUpdateDate>
      <ItemCode>7290000295558</ItemCode>
      <ItemType>1</ItemType>
      <ItemName>סושי רדיד אלומיניום צמד</ItemName>
      <ManufactureName>החברה הדרומית לשיווק בעמ</ManufactureName>
      <ManufactureCountry />
      <ManufactureItemDescription />
      <UnitQty>יח`</UnitQty>
      <Quantity>1</Quantity>
      <UnitMeasure />
      <BisWeighted>0</BisWeighted>
      <QtyInPackage>1</QtyInPackage>
      <ItemPrice>12.90</ItemPrice>
      <UnitOfMeasurePrice>12.90</UnitOfMeasurePrice>
      <AllowDiscount>1</AllowDiscount>
      <itemStatus>1</itemStatus>
      <LastUpdateDate />
      <LastUpdateTime />
    </Product>
    <Product>
      <PriceUpdateDate>2019/01/07 10:57</PriceUpdateDate>
      <ItemCode>7290000295565</ItemCode>
      <ItemType>1</ItemType>
      <ItemName>סנו סושי - רדיד אלומיניום צמד 7.5*45</ItemName>
      <ManufactureName>החברה הדרומית לשיווק בעמ</ManufactureName>
      <ManufactureCountry />
      <ManufactureItemDescription />
      <UnitQty>יח`</UnitQty>
      <Quantity>1</Quantity>
      <UnitMeasure />
      <BisWeighted>0</BisWeighted>
      <QtyInPackage>1</QtyInPackage>
      <ItemPrice>16.90</ItemPrice>
      <UnitOfMeasurePrice>16.90</UnitOfMeasurePrice>
      <AllowDiscount>0</AllowDiscount>
      <itemStatus>1</itemStatus>
      <LastUpdateDate />
      <LastUpdateTime />
    </Product>
    <Product>
      <PriceUpdateDate>2018/04/24 11:30</PriceUpdateDate>
      <ItemCode>7290000295824</ItemCode>
      <ItemType>1</ItemType>
      <ItemName>רדיד אלומיניום 100 מטר</ItemName>
      <ManufactureName>החברה הדרומית לשיווק בעמ</ManufactureName>
      <ManufactureCountry />
      <ManufactureItemDescription />
      <UnitQty>יח`</UnitQty>
      <Quantity>1</Quantity>
      <UnitMeasure />
      <BisWeighted>0</BisWeighted>
      <QtyInPackage>1</QtyInPackage>
      <ItemPrice>54.90</ItemPrice>
      <UnitOfMeasurePrice>54.90</UnitOfMeasurePrice>
      <AllowDiscount>0</AllowDiscount>
      <itemStatus>1</itemStatus>
      <LastUpdateDate />
      <LastUpdateTime />
    </Product>
    <Product>
      <PriceUpdateDate>2018/04/24 11:33</PriceUpdateDate>
      <ItemCode>7290000300900</ItemCode>
      <ItemType>1</ItemType>
      <ItemName>טבעול-שניצל תירס 750 גרם</ItemName>
      <ManufactureName>קבוצת אסם סחר שות. מוגבלת</ManufactureName>
      <ManufactureCountry />
      <ManufactureItemDescription />
      <UnitQty>יח`</UnitQty>
      <Quantity>7.50</Quantity>
      <UnitMeasure>100 גרם</UnitMeasure>
      <BisWeighted>0</BisWeighted>
      <QtyInPackage>1</QtyInPackage>
      <ItemPrice>24.90</ItemPrice>
      <UnitOfMeasurePrice>3.32</UnitOfMeasurePrice>
      <AllowDiscount>0</AllowDiscount>
      <itemStatus>1</itemStatus>
      <LastUpdateDate />
      <LastUpdateTime />
    </Product>
    <Product>
      <PriceUpdateDate>2018/07/08 11:12</PriceUpdateDate>
      <ItemCode>7290000301778</ItemCode>
      <ItemType>1</ItemType>
      <ItemName>חטיפי כרובית בציפוי פריך טבעול (500 גרם)</ItemName>
      <ManufactureName>קבוצת אסם סחר שות. מוגבלת</ManufactureName>
      <ManufactureCountry />
      <ManufactureItemDescription />
      <UnitQty>יח`</UnitQty>
      <Quantity>5</Quantity>
      <UnitMeasure>100 גרם</UnitMeasure>
      <BisWeighted>0</BisWeighted>
      <QtyInPackage>1</QtyInPackage>
      <ItemPrice>31.90</ItemPrice>
      <UnitOfMeasurePrice>6.38</UnitOfMeasurePrice>
      <AllowDiscount>1</AllowDiscount>
      <itemStatus>1</itemStatus>
      <LastUpdateDate />
      <LastUpdateTime />
    </Product>
    <Product>
      <PriceUpdateDate>2018/07/25 08:51</PriceUpdateDate>
      <ItemCode>7290000304663</ItemCode>
      <ItemType>1</ItemType>
      <ItemName>סלט טונה פיקנטי נון (160 גרם)</ItemName>
      <ManufactureName>סטארקיסט דיפלומט היינץ</ManufactureName>
      <ManufactureCountry />
      <ManufactureItemDescription />
      <UnitQty>יח`</UnitQty>
      <Quantity>1.60</Quantity>
      <UnitMeasure>100 גרם</UnitMeasure>
      <BisWeighted>0</BisWeighted>
      <QtyInPackage>1</QtyInPackage>
      <ItemPrice>6.90</ItemPrice>
      <UnitOfMeasurePrice>4.31</UnitOfMeasurePrice>
      <AllowDiscount>0</AllowDiscount>
      <itemStatus>1</itemStatus>
      <LastUpdateDate />
      <LastUpdateTime />
    </Product>
    <Product>
      <PriceUpdateDate>2018/10/10 13:23</PriceUpdateDate>
      <ItemCode>7290000305486</ItemCode>
      <ItemType>1</ItemType>
      <ItemName>רביעיות סלט טונה 160  גר`יונה</ItemName>
      <ManufactureName>סטארקיסט דיפלומט היינץ</ManufactureName>
      <ManufactureCountry />
      <ManufactureItemDescription />
      <UnitQty>יח`</UnitQty>
      <Quantity>6.40</Quantity>
      <UnitMeasure>100 גרם</UnitMeasure>
      <BisWeighted>0</BisWeighted>
      <QtyInPackage>1</QtyInPackage>
      <ItemPrice>17.90</ItemPrice>
      <UnitOfMeasurePrice>2.80</UnitOfMeasurePrice>
      <AllowDiscount>0</AllowDiscount>
      <itemStatus>1</itemStatus>
      <LastUpdateDate />
      <LastUpdateTime />
    </Product>
    <Product>
      <PriceUpdateDate>2018/04/24 10:48</PriceUpdateDate>
      <ItemCode>7290000311081</ItemCode>
      <ItemType>1</ItemType>
      <ItemName>וופלים מקמח חיטה מלאה מן</ItemName>
      <ManufactureName>רוקחמן בעמ</ManufactureName>
      <ManufactureCountry />
      <ManufactureItemDescription />
      <UnitQty>יח`</UnitQty>
      <Quantity>5</Quantity>
      <UnitMeasure>100 גרם</UnitMeasure>
      <BisWeighted>0</BisWeighted>
      <QtyInPackage>1</QtyInPackage>
      <ItemPrice>5.90</ItemPrice>
      <UnitOfMeasurePrice>1.18</UnitOfMeasurePrice>
      <AllowDiscount>0</AllowDiscount>
      <itemStatus>1</itemStatus>
      <LastUpdateDate />
      <LastUpdateTime />
    </Product>
    <Product>
      <PriceUpdateDate>2018/04/24 10:48</PriceUpdateDate>
      <ItemCode>7290000311104</ItemCode>
      <ItemType>1</ItemType>
      <ItemName>עוגיות מן דגנים</ItemName>
      <ManufactureName>רוקחמן בעמ</ManufactureName>
      <ManufactureCountry />
      <ManufactureItemDescription />
      <UnitQty>יח`</UnitQty>
      <Quantity>2.50</Quantity>
      <UnitMeasure>100 גרם</UnitMeasure>
      <BisWeighted>0</BisWeighted>
      <QtyInPackage>1</QtyInPackage>
      <ItemPrice>7.90</ItemPrice>
      <UnitOfMeasurePrice>3.16</UnitOfMeasurePrice>
      <AllowDiscount>0</AllowDiscount>
      <itemStatus>1</itemStatus>
      <LastUpdateDate />
      <LastUpdateTime />
    </Product>
    <Product>
      <PriceUpdateDate>2018/04/24 10:48</PriceUpdateDate>
      <ItemCode>7290000311203</ItemCode>
      <ItemType>1</ItemType>
      <ItemName>וופל שוקולד מן (200 גרם)</ItemName>
      <ManufactureName>רוקחמן בעמ</ManufactureName>
      <ManufactureCountry />
      <ManufactureItemDescription />
      <UnitQty>יח`</UnitQty>
      <Quantity>2</Quantity>
      <UnitMeasure>100 גרם</UnitMeasure>
      <BisWeighted>0</BisWeighted>
      <QtyInPackage>1</QtyInPackage>
      <ItemPrice>4.90</ItemPrice>
      <UnitOfMeasurePrice>2.45</UnitOfMeasurePrice>
      <AllowDiscount>0</AllowDiscount>
      <itemStatus>1</itemStatus>
      <LastUpdateDate />
      <LastUpdateTime />
    </Product>
    <Product>
      <PriceUpdateDate>2018/04/24 10:49</PriceUpdateDate>
      <ItemCode>7290000311210</ItemCode>
      <ItemType>1</ItemType>
      <ItemName>וופלים לימון מן (200 גרם)</ItemName>
      <ManufactureName>רוקחמן בעמ</ManufactureName>
      <ManufactureCountry />
      <ManufactureItemDescription />
      <UnitQty>יח`</UnitQty>
      <Quantity>2</Quantity>
      <UnitMeasure>100 גרם</UnitMeasure>
      <BisWeighted>0</BisWeighted>
      <QtyInPackage>1</QtyInPackage>
      <ItemPrice>4.90</ItemPrice>
      <UnitOfMeasurePrice>2.45</UnitOfMeasurePrice>
      <AllowDiscount>0</AllowDiscount>
      <itemStatus>1</itemStatus>
      <LastUpdateDate />
      <LastUpdateTime />
    </Product>
    <Product>
      <PriceUpdateDate>2018/04/24 10:51</PriceUpdateDate>
      <ItemCode>7290000311227</ItemCode>
      <ItemType>1</ItemType>
      <ItemName>וופלים 200 גר` קפה מן</ItemName>
      <ManufactureName>רוקחמן בעמ</ManufactureName>
      <ManufactureCountry />
      <ManufactureItemDescription />
      <UnitQty>יח`</UnitQty>
      <Quantity>2</Quantity>
      <UnitMeasure>100 גרם</UnitMeasure>
      <BisWeighted>0</BisWeighted>
      <QtyInPackage>1</QtyInPackage>
      <ItemPrice>4.90</ItemPrice>
      <UnitOfMeasurePrice>2.45</UnitOfMeasurePrice>
      <AllowDiscount>0</AllowDiscount>
      <itemStatus>1</itemStatus>
      <LastUpdateDate />
      <LastUpdateTime />
    </Product>
    <Product>
      <PriceUpdateDate>2018/04/24 10:51</PriceUpdateDate>
      <ItemCode>7290000311234</ItemCode>
      <ItemType>1</ItemType>
      <ItemName>וופל 200 גר` וניל מן</ItemName>
      <ManufactureName>רוקחמן בעמ</ManufactureName>
      <ManufactureCountry />
      <ManufactureItemDescription />
      <UnitQty>יח`</UnitQty>
      <Quantity>2</Quantity>
      <UnitMeasure>100 גרם</UnitMeasure>
      <BisWeighted>0</BisWeighted>
      <QtyInPackage>1</QtyInPackage>
      <ItemPrice>4.90</ItemPrice>
      <UnitOfMeasurePrice>2.45</UnitOfMeasurePrice>
      <AllowDiscount>0</AllowDiscount>
      <itemStatus>1</itemStatus>
      <LastUpdateDate />
      <LastUpdateTime />
    </Product>
    <Product>
      <PriceUpdateDate>2018/07/23 10:35</PriceUpdateDate>
      <ItemCode>7290000311272</ItemCode>
      <ItemType>1</ItemType>
      <ItemName>וופל 180 גר` חלבה מן</ItemName>
      <ManufactureName>רוקחמן בעמ</ManufactureName>
      <ManufactureCountry />
      <ManufactureItemDescription />
      <UnitQty>יח`</UnitQty>
      <Quantity>1.80</Quantity>
      <UnitMeasure>100 גרם</UnitMeasure>
      <BisWeighted>0</BisWeighted>
      <QtyInPackage>1</QtyInPackage>
      <ItemPrice>4.90</ItemPrice>
      <UnitOfMeasurePrice>2.72</UnitOfMeasurePrice>
      <AllowDiscount>0</AllowDiscount>
      <itemStatus>1</itemStatus>
      <LastUpdateDate />
      <LastUpdateTime />
    </Product>
    <Product>
      <PriceUpdateDate>2018/04/24 10:51</PriceUpdateDate>
      <ItemCode>7290000311319</ItemCode>
      <ItemType>1</ItemType>
      <ItemName>וופלים מצופים מן (1 קג)</ItemName>
      <ManufactureName>רוקחמן בעמ</ManufactureName>
      <ManufactureCountry />
      <ManufactureItemDescription />
      <UnitQty>יח`</UnitQty>
      <Quantity>1</Quantity>
      <UnitMeasure>ק"ג</UnitMeasure>
      <BisWeighted>0</BisWeighted>
      <QtyInPackage>1</QtyInPackage>
      <ItemPrice>22.90</ItemPrice>
      <UnitOfMeasurePrice>22.90</UnitOfMeasurePrice>
      <AllowDiscount>0</AllowDiscount>
      <itemStatus>1</itemStatus>
      <LastUpdateDate />
      <LastUpdateTime />
    </Product>
    <Product>
      <PriceUpdateDate>2018/04/24 10:51</PriceUpdateDate>
      <ItemCode>7290000311425</ItemCode>
      <ItemType>1</ItemType>
      <ItemName>ופלים מצופים מן (22x10 גרם)</ItemName>
      <ManufactureName>רוקחמן בעמ</ManufactureName>
      <ManufactureCountry />
      <ManufactureItemDescription />
      <UnitQty>יח`</UnitQty>
      <Quantity>2</Quantity>
      <UnitMeasure>100 גרם</UnitMeasure>
      <BisWeighted>0</BisWeighted>
      <QtyInPackage>1</QtyInPackage>
      <ItemPrice>7.90</ItemPrice>
      <UnitOfMeasurePrice>3.95</UnitOfMeasurePrice>
      <AllowDiscount>1</AllowDiscount>
      <itemStatus>1</itemStatus>
      <LastUpdateDate />
      <LastUpdateTime />
    </Product>
    <Product>
      <PriceUpdateDate>2018/04/24 10:51</PriceUpdateDate>
      <ItemCode>7290000311500</ItemCode>
      <ItemType>1</ItemType>
      <ItemName>וופל שוקולד מן (500 גרם)</ItemName>
      <ManufactureName>רוקחמן בעמ</ManufactureName>
      <ManufactureCountry />
      <ManufactureItemDescription />
      <UnitQty>יח`</UnitQty>
      <Quantity>5</Quantity>
      <UnitMeasure>100 גרם</UnitMeasure>
      <BisWeighted>0</BisWeighted>
      <QtyInPackage>1</QtyInPackage>
      <ItemPrice>8.90</ItemPrice>
      <UnitOfMeasurePrice>1.78</UnitOfMeasurePrice>
      <AllowDiscount>0</AllowDiscount>
      <itemStatus>1</itemStatus>
      <LastUpdateDate />
      <LastUpdateTime />
    </Product>
    <Product>
      <PriceUpdateDate>2018/04/24 10:51</PriceUpdateDate>
      <ItemCode>7290000311708</ItemCode>
      <ItemType>1</ItemType>
      <ItemName>עוגיות חיטה מלאה מן (300 גרם)</ItemName>
      <ManufactureName>רוקחמן בעמ</ManufactureName>
      <ManufactureCountry />
      <ManufactureItemDescription />
      <UnitQty>יח`</UnitQty>
      <Quantity>3</Quantity>
      <UnitMeasure>100 גרם</UnitMeasure>
      <BisWeighted>0</BisWeighted>
      <QtyInPackage>1</QtyInPackage>
      <ItemPrice>6.90</ItemPrice>
      <UnitOfMeasurePrice>2.30</UnitOfMeasurePrice>
      <AllowDiscount>0</AllowDiscount>
      <itemStatus>1</itemStatus>
      <LastUpdateDate />
      <LastUpdateTime />
    </Product>
    <Product>
      <PriceUpdateDate>2018/04/24 10:51</PriceUpdateDate>
      <ItemCode>7290000311715</ItemCode>
      <ItemType>1</ItemType>
      <ItemName>עוגיות כוכבים בטעם שוקולד מן (300 גרם)</ItemName>
      <ManufactureName>רוקחמן בעמ</ManufactureName>
      <ManufactureCountry />
      <ManufactureItemDescription />
      <UnitQty>יח`</UnitQty>
      <Quantity>3</Quantity>
      <UnitMeasure>100 גרם</UnitMeasure>
      <BisWeighted>0</BisWeighted>
      <QtyInPackage>1</QtyInPackage>
      <ItemPrice>6.90</ItemPrice>
      <UnitOfMeasurePrice>2.30</UnitOfMeasurePrice>
      <AllowDiscount>0</AllowDiscount>
      <itemStatus>1</itemStatus>
      <LastUpdateDate />
      <LastUpdateTime />
    </Product>
    <Product>
      <PriceUpdateDate>2018/04/24 13:00</PriceUpdateDate>
      <ItemCode>7290000311722</ItemCode>
      <ItemType>1</ItemType>
      <ItemName>עוגיות בטעם וניל 300 גר` מן</ItemName>
      <ManufactureName>רוקחמן בעמ</ManufactureName>
      <ManufactureCountry />
      <ManufactureItemDescription />
      <UnitQty>יח`</UnitQty>
      <Quantity>3</Quantity>
      <UnitMeasure>100 גרם</UnitMeasure>
      <BisWeighted>0</BisWeighted>
      <QtyInPackage>1</QtyInPackage>
      <ItemPrice>6.90</ItemPrice>
      <UnitOfMeasurePrice>2.30</UnitOfMeasurePrice>
      <AllowDiscount>0</AllowDiscount>
      <itemStatus>1</itemStatus>
      <LastUpdateDate />
      <LastUpdateTime />
    </Product>
    <Product>
      <PriceUpdateDate>2018/04/24 12:26</PriceUpdateDate>
      <ItemCode>7290000311845</ItemCode>
      <ItemType>1</ItemType>
      <ItemName>עוגיות חיטה מלאה ללא תוספת סוכר</ItemName>
      <ManufactureName>רוקחמן בעמ</ManufactureName>
      <ManufactureCountry />
      <ManufactureItemDescription />
      <UnitQty>יח`</UnitQty>
      <Quantity>2</Quantity>
      <UnitMeasure>100 גרם</UnitMeasure>
      <BisWeighted>0</BisWeighted>
      <QtyInPackage>1</QtyInPackage>
      <ItemPrice>8.90</ItemPrice>
      <UnitOfMeasurePrice>4.45</UnitOfMeasurePrice>
      <AllowDiscount>0</AllowDiscount>
      <itemStatus>1</itemStatus>
      <LastUpdateDate />
      <LastUpdateTime />
    </Product>
    <Product>
      <PriceUpdateDate>2018/04/24 12:26</PriceUpdateDate>
      <ItemCode>7290000311869</ItemCode>
      <ItemType>1</ItemType>
      <ItemName>ופלים ללא תוספת סוכר בטעם שוקולד</ItemName>
      <ManufactureName>רוקחמן בעמ</ManufactureName>
      <ManufactureCountry />
      <ManufactureItemDescription />
      <UnitQty>יח`</UnitQty>
      <Quantity>1.80</Quantity>
      <UnitMeasure>100 גרם</UnitMeasure>
      <BisWeighted>0</BisWeighted>
      <QtyInPackage>1</QtyInPackage>
      <ItemPrice>7.90</ItemPrice>
      <UnitOfMeasurePrice>4.39</UnitOfMeasurePrice>
      <AllowDiscount>0</AllowDiscount>
      <itemStatus>1</itemStatus>
      <LastUpdateDate />
      <LastUpdateTime />
    </Product>
    <Product>
      <PriceUpdateDate>2018/04/24 12:26</PriceUpdateDate>
      <ItemCode>7290000311883</ItemCode>
      <ItemType>1</ItemType>
      <ItemName>עוגיות גרנולה ללא תוספת סוכר</ItemName>
      <ManufactureName>רוקחמן בעמ</ManufactureName>
      <ManufactureCountry />
      <ManufactureItemDescription />
      <UnitQty>יח`</UnitQty>
      <Quantity>2</Quantity>
      <UnitMeasure>100 גרם</UnitMeasure>
      <BisWeighted>0</BisWeighted>
      <QtyInPackage>1</QtyInPackage>
      <ItemPrice>8.90</ItemPrice>
      <UnitOfMeasurePrice>4.45</UnitOfMeasurePrice>
      <AllowDiscount>0</AllowDiscount>
      <itemStatus>1</itemStatus>
      <LastUpdateDate />
      <LastUpdateTime />
    </Product>
    <Product>
      <PriceUpdateDate>2018/04/24 09:56</PriceUpdateDate>
      <ItemCode>7290000313160</ItemCode>
      <ItemType>1</ItemType>
      <ItemName>חברים זהבה 3 דובים שוקו</ItemName>
      <ManufactureName>קבוצת אסם סחר שות. מוגבלת</ManufactureName>
      <ManufactureCountry />
      <ManufactureItemDescription />
      <UnitQty>יח`</UnitQty>
      <Quantity>2.50</Quantity>
      <UnitMeasure>100 גרם</UnitMeasure>
      <BisWeighted>0</BisWeighted>
      <QtyInPackage>1</QtyInPackage>
      <ItemPrice>7.90</ItemPrice>
      <UnitOfMeasurePrice>3.16</UnitOfMeasurePrice>
      <AllowDiscount>0</AllowDiscount>
      <itemStatus>1</itemStatus>
      <LastUpdateDate />
      <LastUpdateTime />
    </Product>
    <Product>
      <PriceUpdateDate>2018/07/25 09:06</PriceUpdateDate>
      <ItemCode>7290000313283</ItemCode>
      <ItemType>1</ItemType>
      <ItemName>נודלס אטריות ביצים שטוחות אסם (300 גרם)</ItemName>
      <ManufactureName>קבוצת אסם סחר שות. מוגבלת</ManufactureName>
      <ManufactureCountry />
      <ManufactureItemDescription />
      <UnitQty>יח`</UnitQty>
      <Quantity>3</Quantity>
      <UnitMeasure>100 גרם</UnitMeasure>
      <BisWeighted>0</BisWeighted>
      <QtyInPackage>1</QtyInPackage>
      <ItemPrice>9.90</ItemPrice>
      <UnitOfMeasurePrice>3.30</UnitOfMeasurePrice>
      <AllowDiscount>0</AllowDiscount>
      <itemStatus>1</itemStatus>
      <LastUpdateDate />
      <LastUpdateTime />
    </Product>
    <Product>
      <PriceUpdateDate>2018/07/25 09:06</PriceUpdateDate>
      <ItemCode>7290000313290</ItemCode>
      <ItemType>1</ItemType>
      <ItemName>נודלס אטריות מסולסלות אסם (50x4 גרם)</ItemName>
      <ManufactureName>קבוצת אסם סחר שות. מוגבלת</ManufactureName>
      <ManufactureCountry />
      <ManufactureItemDescription />
      <UnitQty>יח`</UnitQty>
      <Quantity>2</Quantity>
      <UnitMeasure>100 גרם</UnitMeasure>
      <BisWeighted>0</BisWeighted>
      <QtyInPackage>1</QtyInPackage>
      <ItemPrice>9.90</ItemPrice>
      <UnitOfMeasurePrice>4.95</UnitOfMeasurePrice>
      <AllowDiscount>0</AllowDiscount>
      <itemStatus>1</itemStatus>
      <LastUpdateDate />
      <LastUpdateTime />
    </Product>
    <Product>
      <PriceUpdateDate>2018/04/24 09:27</PriceUpdateDate>
      <ItemCode>7290000315126</ItemCode>
      <ItemType>1</ItemType>
      <ItemName>ציר עוף קנור (300 גרם)</ItemName>
      <ManufactureName>יוניליוור ישראל שיווק בעמ</ManufactureName>
      <ManufactureCountry />
      <ManufactureItemDescription />
      <UnitQty>יח`</UnitQty>
      <Quantity>3</Quantity>
      <UnitMeasure>100 גרם</UnitMeasure>
      <BisWeighted>0</BisWeighted>
      <QtyInPackage>1</QtyInPackage>
      <ItemPrice>25.90</ItemPrice>
      <UnitOfMeasurePrice>8.63</UnitOfMeasurePrice>
      <AllowDiscount>0</AllowDiscount>
      <itemStatus>1</itemStatus>
      <LastUpdateDate />
      <LastUpdateTime />
    </Product>
    <Product>
      <PriceUpdateDate>2018/04/24 13:20</PriceUpdateDate>
      <ItemCode>7290000318127</ItemCode>
      <ItemType>1</ItemType>
      <ItemName>נקניקיות ביס יחיעם (380 גרם)</ItemName>
      <ManufactureName>מעדני יחיעם (1993) בעמ</ManufactureName>
      <ManufactureCountry />
      <ManufactureItemDescription />
      <UnitQty>יח`</UnitQty>
      <Quantity>3.80</Quantity>
      <UnitMeasure>100 גרם</UnitMeasure>
      <BisWeighted>0</BisWeighted>
      <QtyInPackage>1</QtyInPackage>
      <ItemPrice>10.90</ItemPrice>
      <UnitOfMeasurePrice>2.87</UnitOfMeasurePrice>
      <AllowDiscount>0</AllowDiscount>
      <itemStatus>1</itemStatus>
      <LastUpdateDate />
      <LastUpdateTime />
    </Product>
    <Product>
      <PriceUpdateDate>2019/01/07 10:57</PriceUpdateDate>
      <ItemCode>7290000319124</ItemCode>
      <ItemType>1</ItemType>
      <ItemName>סלמי סרוולט יחיעם (250 גרם)</ItemName>
      <ManufactureName>מעדני יחיעם (1993) בעמ</ManufactureName>
      <ManufactureCountry />
      <ManufactureItemDescription />
      <UnitQty>יח`</UnitQty>
      <Quantity>2.50</Quantity>
      <UnitMeasure>100 גרם</UnitMeasure>
      <BisWeighted>0</BisWeighted>
      <QtyInPackage>1</QtyInPackage>
      <ItemPrice>34.90</ItemPrice>
      <UnitOfMeasurePrice>13.96</UnitOfMeasurePrice>
      <AllowDiscount>0</AllowDiscount>
      <itemStatus>1</itemStatus>
      <LastUpdateDate />
      <LastUpdateTime />
    </Product>
    <Product>
      <PriceUpdateDate>2018/04/24 13:09</PriceUpdateDate>
      <ItemCode>7290000319292</ItemCode>
      <ItemType>1</ItemType>
      <ItemName>נקניקיות וינר 1 קג</ItemName>
      <ManufactureName>מעדני יחיעם (1993) בעמ</ManufactureName>
      <ManufactureCountry />
      <ManufactureItemDescription />
      <UnitQty>יח`</UnitQty>
      <Quantity>10</Quantity>
      <UnitMeasure>100 גרם</UnitMeasure>
      <BisWeighted>0</BisWeighted>
      <QtyInPackage>1</QtyInPackage>
      <ItemPrice>19.90</ItemPrice>
      <UnitOfMeasurePrice>1.99</UnitOfMeasurePrice>
      <AllowDiscount>0</AllowDiscount>
      <itemStatus>1</itemStatus>
      <LastUpdateDate />
      <LastUpdateTime />
    </Product>
    <Product>
      <PriceUpdateDate>2018/07/08 11:12</PriceUpdateDate>
      <ItemCode>7290000334165</ItemCode>
      <ItemType>1</ItemType>
      <ItemName>צ`יפס מובחר תפוגן (700 גרם)</ItemName>
      <ManufactureName>קבוצת אסם סחר שות. מוגבלת</ManufactureName>
      <ManufactureCountry />
      <ManufactureItemDescription />
      <UnitQty>יח`</UnitQty>
      <Quantity>7</Quantity>
      <UnitMeasure>100 גרם</UnitMeasure>
      <BisWeighted>0</BisWeighted>
      <QtyInPackage>1</QtyInPackage>
      <ItemPrice>14.90</ItemPrice>
      <UnitOfMeasurePrice>2.13</UnitOfMeasurePrice>
      <AllowDiscount>0</AllowDiscount>
      <itemStatus>1</itemStatus>
      <LastUpdateDate />
      <LastUpdateTime />
    </Product>
    <Product>
      <PriceUpdateDate>2018/07/25 09:06</PriceUpdateDate>
      <ItemCode>7290000334684</ItemCode>
      <ItemType>1</ItemType>
      <ItemName>טבעות בצל תפוגן (700 גרם)</ItemName>
      <ManufactureName>קבוצת אסם סחר שות. מוגבלת</ManufactureName>
      <ManufactureCountry />
      <ManufactureItemDescription />
      <UnitQty>יח`</UnitQty>
      <Quantity>7</Quantity>
      <UnitMeasure>100 גרם</UnitMeasure>
      <BisWeighted>0</BisWeighted>
      <QtyInPackage>1</QtyInPackage>
      <ItemPrice>16.90</ItemPrice>
      <UnitOfMeasurePrice>2.41</UnitOfMeasurePrice>
      <AllowDiscount>0</AllowDiscount>
      <itemStatus>1</itemStatus>
      <LastUpdateDate />
      <LastUpdateTime />
    </Product>
    <Product>
      <PriceUpdateDate>2018/04/24 09:58</PriceUpdateDate>
      <ItemCode>7290000334745</ItemCode>
      <ItemType>1</ItemType>
      <ItemName>אמריקן צ`יפס תפוגן (1.5 קג)</ItemName>
      <ManufactureName>קבוצת אסם סחר שות. מוגבלת</ManufactureName>
      <ManufactureCountry />
      <ManufactureItemDescription />
      <UnitQty>יח`</UnitQty>
      <Quantity>1.50</Quantity>
      <UnitMeasure>ק"ג</UnitMeasure>
      <BisWeighted>0</BisWeighted>
      <QtyInPackage>1</QtyInPackage>
      <ItemPrice>27.90</ItemPrice>
      <UnitOfMeasurePrice>18.60</UnitOfMeasurePrice>
      <AllowDiscount>0</AllowDiscount>
      <itemStatus>1</itemStatus>
      <LastUpdateDate />
      <LastUpdateTime />
    </Product>
    <Product>
      <PriceUpdateDate>2018/04/24 09:58</PriceUpdateDate>
      <ItemCode>7290000334981</ItemCode>
      <ItemType>1</ItemType>
      <ItemName>אמריקן צ`יפס 1-2-3 תפוגן (750 גרם)</ItemName>
      <ManufactureName>קבוצת אסם סחר שות. מוגבלת</ManufactureName>
      <ManufactureCountry />
      <ManufactureItemDescription />
      <UnitQty>יח`</UnitQty>
      <Quantity>7.50</Quantity>
      <UnitMeasure>100 גרם</UnitMeasure>
      <BisWeighted>0</BisWeighted>
      <QtyInPackage>1</QtyInPackage>
      <ItemPrice>23.90</ItemPrice>
      <UnitOfMeasurePrice>3.19</UnitOfMeasurePrice>
      <AllowDiscount>0</AllowDiscount>
      <itemStatus>1</itemStatus>
      <LastUpdateDate />
      <LastUpdateTime />
    </Product>
    <Product>
      <PriceUpdateDate>2019/11/24 09:31</PriceUpdateDate>
      <ItemCode>7290000336053</ItemCode>
      <ItemType>1</ItemType>
      <ItemName>תרכיז טבעי סיידר הגליל (330 מל)</ItemName>
      <ManufactureName>טמפו משקאות בעמ</ManufactureName>
      <ManufactureCountry />
      <ManufactureItemDescription />
      <UnitQty>יח`</UnitQty>
      <Quantity>3.30</Quantity>
      <UnitMeasure>100 מ"ל</UnitMeasure>
      <BisWeighted>0</BisWeighted>
      <QtyInPackage>1</QtyInPackage>
      <ItemPrice>9.90</ItemPrice>
      <UnitOfMeasurePrice>2.91</UnitOfMeasurePrice>
      <AllowDiscount>0</AllowDiscount>
      <itemStatus>1</itemStatus>
      <LastUpdateDate />
      <LastUpdateTime />
    </Product>
    <Product>
      <PriceUpdateDate>2019/01/07 10:57</PriceUpdateDate>
      <ItemCode>7290000339191</ItemCode>
      <ItemType>1</ItemType>
      <ItemName>רן אבקת הלבנה</ItemName>
      <ManufactureName>יוניליוור ישראל שיווק בעמ</ManufactureName>
      <ManufactureCountry />
      <ManufactureItemDescription />
      <UnitQty>יח`</UnitQty>
      <Quantity>3.50</Quantity>
      <UnitMeasure>100 גרם</UnitMeasure>
      <BisWeighted>0</BisWeighted>
      <QtyInPackage>1</QtyInPackage>
      <ItemPrice>21.90</ItemPrice>
      <UnitOfMeasurePrice>6.26</UnitOfMeasurePrice>
      <AllowDiscount>0</AllowDiscount>
      <itemStatus>1</itemStatus>
      <LastUpdateDate />
      <LastUpdateTime />
    </Product>
    <Product>
      <PriceUpdateDate>2019/08/18 14:58</PriceUpdateDate>
      <ItemCode>7290000339566</ItemCode>
      <ItemType>1</ItemType>
      <ItemName>מרכך כביסה ורוד בדין (4 ליטר)</ItemName>
      <ManufactureName>יוניליוור ישראל שיווק בעמ</ManufactureName>
      <ManufactureCountry />
      <ManufactureItemDescription />
      <UnitQty>יח`</UnitQty>
      <Quantity>4</Quantity>
      <UnitMeasure>1 ליטר</UnitMeasure>
      <BisWeighted>0</BisWeighted>
      <QtyInPackage>1</QtyInPackage>
      <ItemPrice>19.90</ItemPrice>
      <UnitOfMeasurePrice>4.98</UnitOfMeasurePrice>
      <AllowDiscount>0</AllowDiscount>
      <itemStatus>1</itemStatus>
      <LastUpdateDate />
      <LastUpdateTime />
    </Product>
    <Product>
      <PriceUpdateDate>2019/08/18 14:58</PriceUpdateDate>
      <ItemCode>7290000342856</ItemCode>
      <ItemType>1</ItemType>
      <ItemName>מרכך כביסה כחול בדין (4 ליטר)</ItemName>
      <ManufactureName>יוניליוור ישראל שיווק בעמ</ManufactureName>
      <ManufactureCountry />
      <ManufactureItemDescription />
      <UnitQty>יח`</UnitQty>
      <Quantity>4</Quantity>
      <UnitMeasure>1 ליטר</UnitMeasure>
      <BisWeighted>0</BisWeighted>
      <QtyInPackage>1</QtyInPackage>
      <ItemPrice>19.90</ItemPrice>
      <UnitOfMeasurePrice>4.98</UnitOfMeasurePrice>
      <AllowDiscount>0</AllowDiscount>
      <itemStatus>1</itemStatus>
      <LastUpdateDate />
      <LastUpdateTime />
    </Product>
    <Product>
      <PriceUpdateDate>2018/04/24 10:06</PriceUpdateDate>
      <ItemCode>7290000345116</ItemCode>
      <ItemType>1</ItemType>
      <ItemName>תה ירוק עלים ויסוצקי (125 גרם)</ItemName>
      <ManufactureName>תה ויסוצקי (ישראל) בעמ</ManufactureName>
      <ManufactureCountry />
      <ManufactureItemDescription />
      <UnitQty>יח`</UnitQty>
      <Quantity>1.25</Quantity>
      <UnitMeasure>100 גרם</UnitMeasure>
      <BisWeighted>0</BisWeighted>
      <QtyInPackage>1</QtyInPackage>
      <ItemPrice>14.90</ItemPrice>
      <UnitOfMeasurePrice>11.92</UnitOfMeasurePrice>
      <AllowDiscount>0</AllowDiscount>
      <itemStatus>1</itemStatus>
      <LastUpdateDate />
      <LastUpdateTime />
    </Product>
    <Product>
      <PriceUpdateDate>2018/04/24 10:06</PriceUpdateDate>
      <ItemCode>7290000345147</ItemCode>
      <ItemType>1</ItemType>
      <ItemName>תה ארל גריי 200 גר`</ItemName>
      <ManufactureName>תה ויסוצקי (ישראל) בעמ</ManufactureName>
      <ManufactureCountry />
      <ManufactureItemDescription />
      <UnitQty>יח`</UnitQty>
      <Quantity>2</Quantity>
      <UnitMeasure>100 גרם</UnitMeasure>
      <BisWeighted>0</BisWeighted>
      <QtyInPackage>1</QtyInPackage>
      <ItemPrice>31.90</ItemPrice>
      <UnitOfMeasurePrice>15.95</UnitOfMeasurePrice>
      <AllowDiscount>0</AllowDiscount>
      <itemStatus>1</itemStatus>
      <LastUpdateDate />
      <LastUpdateTime />
    </Product>
    <Product>
      <PriceUpdateDate>2019/01/07 10:57</PriceUpdateDate>
      <ItemCode>7290000345260</ItemCode>
      <ItemType>1</ItemType>
      <ItemName>תה קלאסיק ויסוצקי) (25</ItemName>
      <ManufactureName>תה ויסוצקי (ישראל) בעמ</ManufactureName>
      <ManufactureCountry />
      <ManufactureItemDescription />
      <UnitQty>יח`</UnitQty>
      <Quantity>0.3750</Quantity>
      <UnitMeasure>100 גרם</UnitMeasure>
      <BisWeighted>0</BisWeighted>
      <QtyInPackage>1</QtyInPackage>
      <ItemPrice>7.30</ItemPrice>
      <UnitOfMeasurePrice>19.47</UnitOfMeasurePrice>
      <AllowDiscount>0</AllowDiscount>
      <itemStatus>1</itemStatus>
      <LastUpdateDate />
      <LastUpdateTime />
    </Product>
    <Product>
      <PriceUpdateDate>2019/04/11 10:04</PriceUpdateDate>
      <ItemCode>7290000345284</ItemCode>
      <ItemType>1</ItemType>
      <ItemName>תה קלאסיק ויסוצקי (100)</ItemName>
      <ManufactureName>תה ויסוצקי (ישראל) בעמ</ManufactureName>
      <ManufactureCountry />
      <ManufactureItemDescription />
      <UnitQty>יח`</UnitQty>
      <Quantity>1.50</Quantity>
      <UnitMeasure>100 גרם</UnitMeasure>
      <BisWeighted>0</BisWeighted>
      <QtyInPackage>1</QtyInPackage>
      <ItemPrice>16.90</ItemPrice>
      <UnitOfMeasurePrice>11.27</UnitOfMeasurePrice>
      <AllowDiscount>0</AllowDiscount>
      <itemStatus>1</itemStatus>
      <LastUpdateDate />
      <LastUpdateTime />
    </Product>
    <Product>
      <PriceUpdateDate>2018/04/24 11:30</PriceUpdateDate>
      <ItemCode>7290000345291</ItemCode>
      <ItemType>1</ItemType>
      <ItemName>תה ארל גריי ויסוצקי) (25</ItemName>
      <ManufactureName>תה ויסוצקי (ישראל) בעמ</ManufactureName>
      <ManufactureCountry />
      <ManufactureItemDescription />
      <UnitQty>יח`</UnitQty>
      <Quantity>0.3750</Quantity>
      <UnitMeasure>100 גרם</UnitMeasure>
      <BisWeighted>0</BisWeighted>
      <QtyInPackage>1</QtyInPackage>
      <ItemPrice>15.90</ItemPrice>
      <UnitOfMeasurePrice>42.40</UnitOfMeasurePrice>
      <AllowDiscount>0</AllowDiscount>
      <itemStatus>1</itemStatus>
      <LastUpdateDate />
      <LastUpdateTime />
    </Product>
    <Product>
      <PriceUpdateDate>2019/10/23 09:40</PriceUpdateDate>
      <ItemCode>7290000345307</ItemCode>
      <ItemType>1</ItemType>
      <ItemName>תה ארל גריי ויסוצקי (50)</ItemName>
      <ManufactureName>תה ויסוצקי (ישראל) בעמ</ManufactureName>
      <ManufactureCountry />
      <ManufactureItemDescription />
      <UnitQty>יח`</UnitQty>
      <Quantity>0.75</Quantity>
      <UnitMeasure>100 גרם</UnitMeasure>
      <BisWeighted>0</BisWeighted>
      <QtyInPackage>1</QtyInPackage>
      <ItemPrice>27.90</ItemPrice>
      <UnitOfMeasurePrice>37.20</UnitOfMeasurePrice>
      <AllowDiscount>0</AllowDiscount>
      <itemStatus>1</itemStatus>
      <LastUpdateDate />
      <LastUpdateTime />
    </Product>
    <Product>
      <PriceUpdateDate>2018/04/24 10:06</PriceUpdateDate>
      <ItemCode>7290000345604</ItemCode>
      <ItemType>1</ItemType>
      <ItemName>תה לימון ויסוצקי) (25</ItemName>
      <ManufactureName>תה ויסוצקי (ישראל) בעמ</ManufactureName>
      <ManufactureCountry />
      <ManufactureItemDescription />
      <UnitQty>יח`</UnitQty>
      <Quantity>0.50</Quantity>
      <UnitMeasure>100 גרם</UnitMeasure>
      <BisWeighted>0</BisWeighted>
      <QtyInPackage>1</QtyInPackage>
      <ItemPrice>16.90</ItemPrice>
      <UnitOfMeasurePrice>33.80</UnitOfMeasurePrice>
      <AllowDiscount>0</AllowDiscount>
      <itemStatus>1</itemStatus>
      <LastUpdateDate />
      <LastUpdateTime />
    </Product>
    <Product>
      <PriceUpdateDate>2018/04/24 10:06</PriceUpdateDate>
      <ItemCode>7290000346021</ItemCode>
      <ItemType>1</ItemType>
      <ItemName>תה קמומיל בבונג ויסוצקי הגן הקסום) (50</ItemName>
      <ManufactureName>תה ויסוצקי (ישראל) בעמ</ManufactureName>
      <ManufactureCountry />
      <ManufactureItemDescription />
      <UnitQty>יח`</UnitQty>
      <Quantity>0.75</Quantity>
      <UnitMeasure>100 גרם</UnitMeasure>
      <BisWeighted>0</BisWeighted>
      <QtyInPackage>1</QtyInPackage>
      <ItemPrice>33.90</ItemPrice>
      <UnitOfMeasurePrice>45.20</UnitOfMeasurePrice>
      <AllowDiscount>0</AllowDiscount>
      <itemStatus>1</itemStatus>
      <LastUpdateDate />
      <LastUpdateTime />
    </Product>
    <Product>
      <PriceUpdateDate>2019/01/07 10:57</PriceUpdateDate>
      <ItemCode>7290000346120</ItemCode>
      <ItemType>1</ItemType>
      <ItemName>תה קסם הקינמון ויסוצקי הגן הקסום) (25</ItemName>
      <ManufactureName>תה ויסוצקי (ישראל) בעמ</ManufactureName>
      <ManufactureCountry />
      <ManufactureItemDescription />
      <UnitQty>יח`</UnitQty>
      <Quantity>0.6250</Quantity>
      <UnitMeasure>100 גרם</UnitMeasure>
      <BisWeighted>0</BisWeighted>
      <QtyInPackage>1</QtyInPackage>
      <ItemPrice>17.50</ItemPrice>
      <UnitOfMeasurePrice>28</UnitOfMeasurePrice>
      <AllowDiscount>0</AllowDiscount>
      <itemStatus>1</itemStatus>
      <LastUpdateDate />
      <LastUpdateTime />
    </Product>
    <Product>
      <PriceUpdateDate>2018/10/11 09:58</PriceUpdateDate>
      <ItemCode>7290000346137</ItemCode>
      <ItemType>1</ItemType>
      <ItemName>תה הילולי פירות ויסוצקי הגן הקסום) (25</ItemName>
      <ManufactureName>תה ויסוצקי (ישראל) בעמ</ManufactureName>
      <ManufactureCountry />
      <ManufactureItemDescription />
      <UnitQty>יח`</UnitQty>
      <Quantity>0.6250</Quantity>
      <UnitMeasure>100 גרם</UnitMeasure>
      <BisWeighted>0</BisWeighted>
      <QtyInPackage>1</QtyInPackage>
      <ItemPrice>17.50</ItemPrice>
      <UnitOfMeasurePrice>28</UnitOfMeasurePrice>
      <AllowDiscount>0</AllowDiscount>
      <itemStatus>1</itemStatus>
      <LastUpdateDate />
      <LastUpdateTime />
    </Product>
    <Product>
      <PriceUpdateDate>2018/10/11 09:58</PriceUpdateDate>
      <ItemCode>7290000346144</ItemCode>
      <ItemType>1</ItemType>
      <ItemName>תה עינוגי התפוח ויסוצקי הגן הקסום) (25</ItemName>
      <ManufactureName>תה ויסוצקי (ישראל) בעמ</ManufactureName>
      <ManufactureCountry />
      <ManufactureItemDescription />
      <UnitQty>יח`</UnitQty>
      <Quantity>0.75</Quantity>
      <UnitMeasure>100 גרם</UnitMeasure>
      <BisWeighted>0</BisWeighted>
      <QtyInPackage>1</QtyInPackage>
      <ItemPrice>17.50</ItemPrice>
      <UnitOfMeasurePrice>23.33</UnitOfMeasurePrice>
      <AllowDiscount>0</AllowDiscount>
      <itemStatus>1</itemStatus>
      <LastUpdateDate />
      <LastUpdateTime />
    </Product>
    <Product>
      <PriceUpdateDate>2019/01/07 10:57</PriceUpdateDate>
      <ItemCode>7290000346168</ItemCode>
      <ItemType>1</ItemType>
      <ItemName>תה שומר ויסוצקי הגן הקסום) (25</ItemName>
      <ManufactureName>תה ויסוצקי (ישראל) בעמ</ManufactureName>
      <ManufactureCountry />
      <ManufactureItemDescription />
      <UnitQty>יח`</UnitQty>
      <Quantity>0.3750</Quantity>
      <UnitMeasure>100 גרם</UnitMeasure>
      <BisWeighted>0</BisWeighted>
      <QtyInPackage>1</QtyInPackage>
      <ItemPrice>17.50</ItemPrice>
      <UnitOfMeasurePrice>46.67</UnitOfMeasurePrice>
      <AllowDiscount>0</AllowDiscount>
      <itemStatus>1</itemStatus>
      <LastUpdateDate />
      <LastUpdateTime />
    </Product>
    <Product>
      <PriceUpdateDate>2018/10/11 09:58</PriceUpdateDate>
      <ItemCode>7290000346205</ItemCode>
      <ItemType>1</ItemType>
      <ItemName>תה קמומיל ויסוצקי הגן הקסום) (25</ItemName>
      <ManufactureName>תה ויסוצקי (ישראל) בעמ</ManufactureName>
      <ManufactureCountry />
      <ManufactureItemDescription />
      <UnitQty>יח`</UnitQty>
      <Quantity>0.3750</Quantity>
      <UnitMeasure>100 גרם</UnitMeasure>
      <BisWeighted>0</BisWeighted>
      <QtyInPackage>1</QtyInPackage>
      <ItemPrice>17.50</ItemPrice>
      <UnitOfMeasurePrice>46.67</UnitOfMeasurePrice>
      <AllowDiscount>0</AllowDiscount>
      <itemStatus>1</itemStatus>
      <LastUpdateDate />
      <LastUpdateTime />
    </Product>
    <Product>
      <PriceUpdateDate>2019/01/30 09:36</PriceUpdateDate>
      <ItemCode>7290000347738</ItemCode>
      <ItemType>1</ItemType>
      <ItemName>תה ירוק נענע ויסוצקי (25)</ItemName>
      <ManufactureName>תה ויסוצקי (ישראל) בעמ</ManufactureName>
      <ManufactureCountry />
      <ManufactureItemDescription />
      <UnitQty>יח`</UnitQty>
      <Quantity>0.3750</Quantity>
      <UnitMeasure>100 גרם</UnitMeasure>
      <BisWeighted>0</BisWeighted>
      <QtyInPackage>1</QtyInPackage>
      <ItemPrice>24.90</ItemPrice>
      <UnitOfMeasurePrice>66.40</UnitOfMeasurePrice>
      <AllowDiscount>0</AllowDiscount>
      <itemStatus>1</itemStatus>
      <LastUpdateDate />
      <LastUpdateTime />
    </Product>
    <Product>
      <PriceUpdateDate>2019/01/30 09:36</PriceUpdateDate>
      <ItemCode>7290000347752</ItemCode>
      <ItemType>1</ItemType>
      <ItemName>תה ירוק לימונית ולואיזה ויסוצקי (25)</ItemName>
      <ManufactureName>תה ויסוצקי (ישראל) בעמ</ManufactureName>
      <ManufactureCountry />
      <ManufactureItemDescription />
      <UnitQty>יח`</UnitQty>
      <Quantity>0.3750</Quantity>
      <UnitMeasure>100 גרם</UnitMeasure>
      <BisWeighted>0</BisWeighted>
      <QtyInPackage>1</QtyInPackage>
      <ItemPrice>24.90</ItemPrice>
      <UnitOfMeasurePrice>66.40</UnitOfMeasurePrice>
      <AllowDiscount>0</AllowDiscount>
      <itemStatus>1</itemStatus>
      <LastUpdateDate />
      <LastUpdateTime />
    </Product>
    <Product>
      <PriceUpdateDate>2018/04/24 09:32</PriceUpdateDate>
      <ItemCode>7290000363899</ItemCode>
      <ItemType>1</ItemType>
      <ItemName>נקניקיות פיקנטיות 400 גר` טירת צבי</ItemName>
      <ManufactureName>תנובה קפואים</ManufactureName>
      <ManufactureCountry />
      <ManufactureItemDescription />
      <UnitQty>יח`</UnitQty>
      <Quantity>4</Quantity>
      <UnitMeasure>100 גרם</UnitMeasure>
      <BisWeighted>0</BisWeighted>
      <QtyInPackage>1</QtyInPackage>
      <ItemPrice>13.90</ItemPrice>
      <UnitOfMeasurePrice>3.48</UnitOfMeasurePrice>
      <AllowDiscount>1</AllowDiscount>
      <itemStatus>1</itemStatus>
      <LastUpdateDate />
      <LastUpdateTime />
    </Product>
    <Product>
      <PriceUpdateDate>2018/04/24 09:32</PriceUpdateDate>
      <ItemCode>7290000364261</ItemCode>
      <ItemType>1</ItemType>
      <ItemName>סלסולי כתף בקר 120 גר` טירת צבי</ItemName>
      <ManufactureName>תנובה קפואים</ManufactureName>
      <ManufactureCountry />
      <ManufactureItemDescription />
      <UnitQty>יח`</UnitQty>
      <Quantity>1.20</Quantity>
      <UnitMeasure>100 גרם</UnitMeasure>
      <BisWeighted>0</BisWeighted>
      <QtyInPackage>1</QtyInPackage>
      <ItemPrice>15.90</ItemPrice>
      <UnitOfMeasurePrice>13.25</UnitOfMeasurePrice>
      <AllowDiscount>1</AllowDiscount>
      <itemStatus>1</itemStatus>
      <LastUpdateDate />
      <LastUpdateTime />
    </Product>
    <Product>
      <PriceUpdateDate>2018/04/24 09:32</PriceUpdateDate>
      <ItemCode>7290000364278</ItemCode>
      <ItemType>1</ItemType>
      <ItemName>סלסולי סלמי איטלקי 120 גר` טירת צבי</ItemName>
      <ManufactureName>תנובה קפואים</ManufactureName>
      <ManufactureCountry />
      <ManufactureItemDescription />
      <UnitQty>יח`</UnitQty>
      <Quantity>1.20</Quantity>
      <UnitMeasure>100 גרם</UnitMeasure>
      <BisWeighted>0</BisWeighted>
      <QtyInPackage>1</QtyInPackage>
      <ItemPrice>15.90</ItemPrice>
      <UnitOfMeasurePrice>13.25</UnitOfMeasurePrice>
      <AllowDiscount>1</AllowDiscount>
      <itemStatus>1</itemStatus>
      <LastUpdateDate />
      <LastUpdateTime />
    </Product>
    <Product>
      <PriceUpdateDate>2018/04/24 11:32</PriceUpdateDate>
      <ItemCode>7290000364285</ItemCode>
      <ItemType>1</ItemType>
      <ItemName>דקניקים סלסולי הודו טירת צבי (120 גרם)</ItemName>
      <ManufactureName>תנובה קפואים</ManufactureName>
      <ManufactureCountry />
      <ManufactureItemDescription />
      <UnitQty>יח`</UnitQty>
      <Quantity>1.20</Quantity>
      <UnitMeasure>100 גרם</UnitMeasure>
      <BisWeighted>0</BisWeighted>
      <QtyInPackage>1</QtyInPackage>
      <ItemPrice>15.90</ItemPrice>
      <UnitOfMeasurePrice>13.25</UnitOfMeasurePrice>
      <AllowDiscount>1</AllowDiscount>
      <itemStatus>1</itemStatus>
      <LastUpdateDate />
      <LastUpdateTime />
    </Product>
    <Product>
      <PriceUpdateDate>2018/04/24 09:32</PriceUpdateDate>
      <ItemCode>7290000364872</ItemCode>
      <ItemType>1</ItemType>
      <ItemName>נקניקיות עוף טירת צבי (400 גרם)</ItemName>
      <ManufactureName>תנובה קפואים</ManufactureName>
      <ManufactureCountry />
      <ManufactureItemDescription />
      <UnitQty>יח`</UnitQty>
      <Quantity>4</Quantity>
      <UnitMeasure>100 גרם</UnitMeasure>
      <BisWeighted>0</BisWeighted>
      <QtyInPackage>1</QtyInPackage>
      <ItemPrice>13.90</ItemPrice>
      <UnitOfMeasurePrice>3.48</UnitOfMeasurePrice>
      <AllowDiscount>1</AllowDiscount>
      <itemStatus>1</itemStatus>
      <LastUpdateDate />
      <LastUpdateTime />
    </Product>
    <Product>
      <PriceUpdateDate>2018/04/24 09:32</PriceUpdateDate>
      <ItemCode>7290000364957</ItemCode>
      <ItemType>1</ItemType>
      <ItemName>נקנקיות מיני מיני עוף 700  גר`טירת צבי</ItemName>
      <ManufactureName>תנובה קפואים</ManufactureName>
      <ManufactureCountry />
      <ManufactureItemDescription />
      <UnitQty>יח`</UnitQty>
      <Quantity>7</Quantity>
      <UnitMeasure>100 גרם</UnitMeasure>
      <BisWeighted>0</BisWeighted>
      <QtyInPackage>1</QtyInPackage>
      <ItemPrice>27.90</ItemPrice>
      <UnitOfMeasurePrice>3.99</UnitOfMeasurePrice>
      <AllowDiscount>0</AllowDiscount>
      <itemStatus>1</itemStatus>
      <LastUpdateDate />
      <LastUpdateTime />
    </Product>
    <Product>
      <PriceUpdateDate>2018/08/05 11:28</PriceUpdateDate>
      <ItemCode>7290000367590</ItemCode>
      <ItemType>1</ItemType>
      <ItemName>צמד כפרי 800 גר` טירת צבי</ItemName>
      <ManufactureName>תנובה קפואים</ManufactureName>
      <ManufactureCountry />
      <ManufactureItemDescription />
      <UnitQty>יח`</UnitQty>
      <Quantity>8</Quantity>
      <UnitMeasure>100 גרם</UnitMeasure>
      <BisWeighted>0</BisWeighted>
      <QtyInPackage>1</QtyInPackage>
      <ItemPrice>34.90</ItemPrice>
      <UnitOfMeasurePrice>4.36</UnitOfMeasurePrice>
      <AllowDiscount>1</AllowDiscount>
      <itemStatus>1</itemStatus>
      <LastUpdateDate />
      <LastUpdateTime />
    </Product>
    <Product>
      <PriceUpdateDate>2018/04/24 10:32</PriceUpdateDate>
      <ItemCode>7290000369617</ItemCode>
      <ItemType>1</ItemType>
      <ItemName>כדורי גבינת פטה בשמנים ארומתיים</ItemName>
      <ManufactureName>הגבינות של ניצן</ManufactureName>
      <ManufactureCountry />
      <ManufactureItemDescription />
      <UnitQty>יח`</UnitQty>
      <Quantity>2.30</Quantity>
      <UnitMeasure>100 גרם</UnitMeasure>
      <BisWeighted>0</BisWeighted>
      <QtyInPackage>1</QtyInPackage>
      <ItemPrice>16.90</ItemPrice>
      <UnitOfMeasurePrice>7.35</UnitOfMeasurePrice>
      <AllowDiscount>0</AllowDiscount>
      <itemStatus>1</itemStatus>
      <LastUpdateDate />
      <LastUpdateTime />
    </Product>
    <Product>
      <PriceUpdateDate>2018/04/24 09:27</PriceUpdateDate>
      <ItemCode>7290000377209</ItemCode>
      <ItemType>1</ItemType>
      <ItemName>בוטנים מטוגנים קליית גת (200 גרם)</ItemName>
      <ManufactureName>ליימן שליסל בעמ</ManufactureName>
      <ManufactureCountry />
      <ManufactureItemDescription />
      <UnitQty>יח`</UnitQty>
      <Quantity>2</Quantity>
      <UnitMeasure>100 גרם</UnitMeasure>
      <BisWeighted>0</BisWeighted>
      <QtyInPackage>1</QtyInPackage>
      <ItemPrice>7.90</ItemPrice>
      <UnitOfMeasurePrice>3.95</UnitOfMeasurePrice>
      <AllowDiscount>0</AllowDiscount>
      <itemStatus>1</itemStatus>
      <LastUpdateDate />
      <LastUpdateTime />
    </Product>
    <Product>
      <PriceUpdateDate>2018/04/24 09:18</PriceUpdateDate>
      <ItemCode>7290000377445</ItemCode>
      <ItemType>1</ItemType>
      <ItemName>נאש צ אנס שקית 200 גר</ItemName>
      <ManufactureName>ליימן שליסל בעמ</ManufactureName>
      <ManufactureCountry />
      <ManufactureItemDescription />
      <UnitQty>יח`</UnitQty>
      <Quantity>2</Quantity>
      <UnitMeasure>100 גרם</UnitMeasure>
      <BisWeighted>0</BisWeighted>
      <QtyInPackage>1</QtyInPackage>
      <ItemPrice>8.90</ItemPrice>
      <UnitOfMeasurePrice>4.45</UnitOfMeasurePrice>
      <AllowDiscount>0</AllowDiscount>
      <itemStatus>1</itemStatus>
      <LastUpdateDate />
      <LastUpdateTime />
    </Product>
    <Product>
      <PriceUpdateDate>2019/02/03 16:26</PriceUpdateDate>
      <ItemCode>7290000379104</ItemCode>
      <ItemType>1</ItemType>
      <ItemName>לחם אחיד פרוס (750 גרם פיקוח</ItemName>
      <ManufactureName>שלמה א. אנג`ל בעמ</ManufactureName>
      <ManufactureCountry />
      <ManufactureItemDescription />
      <UnitQty>יח`</UnitQty>
      <Quantity>7.50</Quantity>
      <UnitMeasure>100 גרם</UnitMeasure>
      <BisWeighted>0</BisWeighted>
      <QtyInPackage>1</QtyInPackage>
      <ItemPrice>6.60</ItemPrice>
      <UnitOfMeasurePrice>0.88</UnitOfMeasurePrice>
      <AllowDiscount>0</AllowDiscount>
      <itemStatus>1</itemStatus>
      <LastUpdateDate />
      <LastUpdateTime />
    </Product>
    <Product>
      <PriceUpdateDate>2018/04/24 13:00</PriceUpdateDate>
      <ItemCode>7290000379128</ItemCode>
      <ItemType>1</ItemType>
      <ItemName>חלה פרוסה 500  גר`אנג`ל</ItemName>
      <ManufactureName>שלמה א. אנג`ל בעמ</ManufactureName>
      <ManufactureCountry />
      <ManufactureItemDescription />
      <UnitQty>יח`</UnitQty>
      <Quantity>5</Quantity>
      <UnitMeasure>100 גרם</UnitMeasure>
      <BisWeighted>0</BisWeighted>
      <QtyInPackage>1</QtyInPackage>
      <ItemPrice>9.10</ItemPrice>
      <UnitOfMeasurePrice>1.82</UnitOfMeasurePrice>
      <AllowDiscount>0</AllowDiscount>
      <itemStatus>1</itemStatus>
      <LastUpdateDate />
      <LastUpdateTime />
    </Product>
    <Product>
      <PriceUpdateDate>2018/04/24 13:00</PriceUpdateDate>
      <ItemCode>7290000379142</ItemCode>
      <ItemType>1</ItemType>
      <ItemName>לחם עינן אנגל 750גר</ItemName>
      <ManufactureName>שלמה א. אנג`ל בעמ</ManufactureName>
      <ManufactureCountry />
      <ManufactureItemDescription />
      <UnitQty>יח`</UnitQty>
      <Quantity>7.50</Quantity>
      <UnitMeasure>100 גרם</UnitMeasure>
      <BisWeighted>0</BisWeighted>
      <QtyInPackage>1</QtyInPackage>
      <ItemPrice>14.90</ItemPrice>
      <UnitOfMeasurePrice>1.99</UnitOfMeasurePrice>
      <AllowDiscount>0</AllowDiscount>
      <itemStatus>1</itemStatus>
      <LastUpdateDate />
      <LastUpdateTime />
    </Product>
    <Product>
      <PriceUpdateDate>2018/04/24 13:00</PriceUpdateDate>
      <ItemCode>7290000379203</ItemCode>
      <ItemType>1</ItemType>
      <ItemName>לחם עינן קל פרוס אנג`ל (500 גרם)</ItemName>
      <ManufactureName>שלמה א. אנג`ל בעמ</ManufactureName>
      <ManufactureCountry />
      <ManufactureItemDescription />
      <UnitQty>יח`</UnitQty>
      <Quantity>5</Quantity>
      <UnitMeasure>100 גרם</UnitMeasure>
      <BisWeighted>0</BisWeighted>
      <QtyInPackage>1</QtyInPackage>
      <ItemPrice>14.80</ItemPrice>
      <UnitOfMeasurePrice>2.96</UnitOfMeasurePrice>
      <AllowDiscount>1</AllowDiscount>
      <itemStatus>1</itemStatus>
      <LastUpdateDate />
      <LastUpdateTime />
    </Product>
    <Product>
      <PriceUpdateDate>2018/11/16 08:47</PriceUpdateDate>
      <ItemCode>7290000379357</ItemCode>
      <ItemType>1</ItemType>
      <ItemName>חלה קלה 500  גר`אנג`ל</ItemName>
      <ManufactureName>שלמה א. אנג`ל בעמ</ManufactureName>
      <ManufactureCountry />
      <ManufactureItemDescription />
      <UnitQty>יח`</UnitQty>
      <Quantity>5</Quantity>
      <UnitMeasure>100 גרם</UnitMeasure>
      <BisWeighted>0</BisWeighted>
      <QtyInPackage>1</QtyInPackage>
      <ItemPrice>13.80</ItemPrice>
      <UnitOfMeasurePrice>2.76</UnitOfMeasurePrice>
      <AllowDiscount>0</AllowDiscount>
      <itemStatus>1</itemStatus>
      <LastUpdateDate />
      <LastUpdateTime />
    </Product>
    <Product>
      <PriceUpdateDate>2019/02/03 16:26</PriceUpdateDate>
      <ItemCode>7290000379647</ItemCode>
      <ItemType>1</ItemType>
      <ItemName>חלה רגילה אנג`ל/דגנית (500 גרם) מובי</ItemName>
      <ManufactureName>שלמה א. אנג`ל בעמ</ManufactureName>
      <ManufactureCountry />
      <ManufactureItemDescription />
      <UnitQty>יח`</UnitQty>
      <Quantity>5</Quantity>
      <UnitMeasure>100 גרם</UnitMeasure>
      <BisWeighted>0</BisWeighted>
      <QtyInPackage>1</QtyInPackage>
      <ItemPrice>4.45</ItemPrice>
      <UnitOfMeasurePrice>0.89</UnitOfMeasurePrice>
      <AllowDiscount>0</AllowDiscount>
      <itemStatus>1</itemStatus>
      <LastUpdateDate />
      <LastUpdateTime />
    </Product>
    <Product>
      <PriceUpdateDate>2019/02/07 09:21</PriceUpdateDate>
      <ItemCode>7290000379654</ItemCode>
      <ItemType>1</ItemType>
      <ItemName>חלה קלועה</ItemName>
      <ManufactureName>שלמה א. אנג`ל בעמ</ManufactureName>
      <ManufactureCountry />
      <ManufactureItemDescription />
      <UnitQty>יח`</UnitQty>
      <Quantity>5</Quantity>
      <UnitMeasure>100 גרם</UnitMeasure>
      <BisWeighted>0</BisWeighted>
      <QtyInPackage>1</QtyInPackage>
      <ItemPrice>4.40</ItemPrice>
      <UnitOfMeasurePrice>0.88</UnitOfMeasurePrice>
      <AllowDiscount>0</AllowDiscount>
      <itemStatus>1</itemStatus>
      <LastUpdateDate />
      <LastUpdateTime />
    </Product>
    <Product>
      <PriceUpdateDate>2018/04/24 10:36</PriceUpdateDate>
      <ItemCode>7290000408316</ItemCode>
      <ItemType>1</ItemType>
      <ItemName>יוגורט ביו 3% דנונה (200 גרם)</ItemName>
      <ManufactureName>שטראוס גרופ בעמ/מצונן</ManufactureName>
      <ManufactureCountry />
      <ManufactureItemDescription />
      <UnitQty>יח`</UnitQty>
      <Quantity>2</Quantity>
      <UnitMeasure>100 מ"ל</UnitMeasure>
      <BisWeighted>0</BisWeighted>
      <QtyInPackage>1</QtyInPackage>
      <ItemPrice>3.40</ItemPrice>
      <UnitOfMeasurePrice>1.70</UnitOfMeasurePrice>
      <AllowDiscount>0</AllowDiscount>
      <itemStatus>1</itemStatus>
      <LastUpdateDate />
      <LastUpdateTime />
    </Product>
    <Product>
      <PriceUpdateDate>2018/04/24 11:28</PriceUpdateDate>
      <ItemCode>7290000408354</ItemCode>
      <ItemType>1</ItemType>
      <ItemName>דנונה פרי בר פיצפוצים</ItemName>
      <ManufactureName>שטראוס גרופ בעמ/מצונן</ManufactureName>
      <ManufactureCountry />
      <ManufactureItemDescription />
      <UnitQty>יח`</UnitQty>
      <Quantity>1.73</Quantity>
      <UnitMeasure>100 מ"ל</UnitMeasure>
      <BisWeighted>0</BisWeighted>
      <QtyInPackage>1</QtyInPackage>
      <ItemPrice>4.40</ItemPrice>
      <UnitOfMeasurePrice>2.54</UnitOfMeasurePrice>
      <AllowDiscount>0</AllowDiscount>
      <itemStatus>1</itemStatus>
      <LastUpdateDate />
      <LastUpdateTime />
    </Product>
    <Product>
      <PriceUpdateDate>2018/08/02 10:17</PriceUpdateDate>
      <ItemCode>7290000412481</ItemCode>
      <ItemType>1</ItemType>
      <ItemName>נוזל לניקוי אסלות 00 סנו (1 ליטר)</ItemName>
      <ManufactureName>החברה הדרומית לשיווק בעמ</ManufactureName>
      <ManufactureCountry />
      <ManufactureItemDescription />
      <UnitQty>יח`</UnitQty>
      <Quantity>1</Quantity>
      <UnitMeasure>1 ליטר</UnitMeasure>
      <BisWeighted>0</BisWeighted>
      <QtyInPackage>1</QtyInPackage>
      <ItemPrice>8.90</ItemPrice>
      <UnitOfMeasurePrice>8.90</UnitOfMeasurePrice>
      <AllowDiscount>1</AllowDiscount>
      <itemStatus>1</itemStatus>
      <LastUpdateDate />
      <LastUpdateTime />
    </Product>
    <Product>
      <PriceUpdateDate>2018/08/01 13:48</PriceUpdateDate>
      <ItemCode>7290000416021</ItemCode>
      <ItemType>1</ItemType>
      <ItemName>ממרח בטעם שוקולד השחר העולה (500 גרם)</ItemName>
      <ManufactureName>השחר העולה תעשית ממתקים בעמ</ManufactureName>
      <ManufactureCountry />
      <ManufactureItemDescription />
      <UnitQty>יח`</UnitQty>
      <Quantity>5</Quantity>
      <UnitMeasure>100 גרם</UnitMeasure>
      <BisWeighted>0</BisWeighted>
      <QtyInPackage>1</QtyInPackage>
      <ItemPrice>12.90</ItemPrice>
      <UnitOfMeasurePrice>2.58</UnitOfMeasurePrice>
      <AllowDiscount>0</AllowDiscount>
      <itemStatus>1</itemStatus>
      <LastUpdateDate />
      <LastUpdateTime />
    </Product>
    <Product>
      <PriceUpdateDate>2018/08/01 13:48</PriceUpdateDate>
      <ItemCode>7290000416045</ItemCode>
      <ItemType>1</ItemType>
      <ItemName>ממרח בטעם שוקולד השחר העולה (1 קג)</ItemName>
      <ManufactureName>השחר העולה תעשית ממתקים בעמ</ManufactureName>
      <ManufactureCountry />
      <ManufactureItemDescription />
      <UnitQty>יח`</UnitQty>
      <Quantity>1</Quantity>
      <UnitMeasure>ק"ג</UnitMeasure>
      <BisWeighted>0</BisWeighted>
      <QtyInPackage>1</QtyInPackage>
      <ItemPrice>23.90</ItemPrice>
      <UnitOfMeasurePrice>23.90</UnitOfMeasurePrice>
      <AllowDiscount>1</AllowDiscount>
      <itemStatus>1</itemStatus>
      <LastUpdateDate />
      <LastUpdateTime />
    </Product>
    <Product>
      <PriceUpdateDate>2018/04/24 09:27</PriceUpdateDate>
      <ItemCode>7290000416632</ItemCode>
      <ItemType>1</ItemType>
      <ItemName>ממרח פרווה 1 קג` השחר</ItemName>
      <ManufactureName>השחר העולה תעשית ממתקים בעמ</ManufactureName>
      <ManufactureCountry />
      <ManufactureItemDescription />
      <UnitQty>יח`</UnitQty>
      <Quantity>1</Quantity>
      <UnitMeasure>ק"ג</UnitMeasure>
      <BisWeighted>0</BisWeighted>
      <QtyInPackage>1</QtyInPackage>
      <ItemPrice>22.90</ItemPrice>
      <UnitOfMeasurePrice>22.90</UnitOfMeasurePrice>
      <AllowDiscount>1</AllowDiscount>
      <itemStatus>1</itemStatus>
      <LastUpdateDate />
      <LastUpdateTime />
    </Product>
    <Product>
      <PriceUpdateDate>2018/04/24 13:14</PriceUpdateDate>
      <ItemCode>7290000416809</ItemCode>
      <ItemType>1</ItemType>
      <ItemName>ממרח חצי חצי 350 גר` השחר</ItemName>
      <ManufactureName>השחר העולה תעשית ממתקים בעמ</ManufactureName>
      <ManufactureCountry />
      <ManufactureItemDescription />
      <UnitQty>יח`</UnitQty>
      <Quantity>3.50</Quantity>
      <UnitMeasure>100 גרם</UnitMeasure>
      <BisWeighted>0</BisWeighted>
      <QtyInPackage>1</QtyInPackage>
      <ItemPrice>11.90</ItemPrice>
      <UnitOfMeasurePrice>3.40</UnitOfMeasurePrice>
      <AllowDiscount>1</AllowDiscount>
      <itemStatus>1</itemStatus>
      <LastUpdateDate />
      <LastUpdateTime />
    </Product>
    <Product>
      <PriceUpdateDate>2018/04/24 09:27</PriceUpdateDate>
      <ItemCode>7290000416854</ItemCode>
      <ItemType>1</ItemType>
      <ItemName>אבקת קקאו השחר העולה (150 גרם)</ItemName>
      <ManufactureName>השחר העולה תעשית ממתקים בעמ</ManufactureName>
      <ManufactureCountry />
      <ManufactureItemDescription />
      <UnitQty>יח`</UnitQty>
      <Quantity>1.50</Quantity>
      <UnitMeasure>100 גרם</UnitMeasure>
      <BisWeighted>0</BisWeighted>
      <QtyInPackage>1</QtyInPackage>
      <ItemPrice>9.90</ItemPrice>
      <UnitOfMeasurePrice>6.60</UnitOfMeasurePrice>
      <AllowDiscount>0</AllowDiscount>
      <itemStatus>1</itemStatus>
      <LastUpdateDate />
      <LastUpdateTime />
    </Product>
    <Product>
      <PriceUpdateDate>2018/04/24 12:15</PriceUpdateDate>
      <ItemCode>7290000416878</ItemCode>
      <ItemType>1</ItemType>
      <ItemName>אבקת קקאו השחר העולה (500 גרם)</ItemName>
      <ManufactureName>השחר העולה תעשית ממתקים בעמ</ManufactureName>
      <ManufactureCountry />
      <ManufactureItemDescription />
      <UnitQty>יח`</UnitQty>
      <Quantity>5</Quantity>
      <UnitMeasure>100 גרם</UnitMeasure>
      <BisWeighted>0</BisWeighted>
      <QtyInPackage>1</QtyInPackage>
      <ItemPrice>29.90</ItemPrice>
      <UnitOfMeasurePrice>5.98</UnitOfMeasurePrice>
      <AllowDiscount>1</AllowDiscount>
      <itemStatus>1</itemStatus>
      <LastUpdateDate />
      <LastUpdateTime />
    </Product>
    <Product>
      <PriceUpdateDate>2019/06/17 17:02</PriceUpdateDate>
      <ItemCode>7290000418155</ItemCode>
      <ItemType>1</ItemType>
      <ItemName>טופ פד סופר פלוס 16יח</ItemName>
      <ManufactureName>שקד תבל בעמ</ManufactureName>
      <ManufactureCountry />
      <ManufactureItemDescription />
      <UnitQty>יח`</UnitQty>
      <Quantity>1</Quantity>
      <UnitMeasure />
      <BisWeighted>0</BisWeighted>
      <QtyInPackage>1</QtyInPackage>
      <ItemPrice>5.90</ItemPrice>
      <UnitOfMeasurePrice>5.90</UnitOfMeasurePrice>
      <AllowDiscount>0</AllowDiscount>
      <itemStatus>1</itemStatus>
      <LastUpdateDate />
      <LastUpdateTime />
    </Product>
    <Product>
      <PriceUpdateDate>2018/04/24 09:58</PriceUpdateDate>
      <ItemCode>7290000419220</ItemCode>
      <ItemType>1</ItemType>
      <ItemName>קפה שחור קפה לנדוור (100x3 גרם)</ItemName>
      <ManufactureName>קבוצת אסם סחר שות. מוגבלת</ManufactureName>
      <ManufactureCountry />
      <ManufactureItemDescription />
      <UnitQty>יח`</UnitQty>
      <Quantity>3</Quantity>
      <UnitMeasure>100 גרם</UnitMeasure>
      <BisWeighted>0</BisWeighted>
      <QtyInPackage>1</QtyInPackage>
      <ItemPrice>22.90</ItemPrice>
      <UnitOfMeasurePrice>7.63</UnitOfMeasurePrice>
      <AllowDiscount>1</AllowDiscount>
      <itemStatus>1</itemStatus>
      <LastUpdateDate />
      <LastUpdateTime />
    </Product>
    <Product>
      <PriceUpdateDate>2018/04/24 10:45</PriceUpdateDate>
      <ItemCode>7290000419374</ItemCode>
      <ItemType>1</ItemType>
      <ItemName>קפה לנדוור לבוקר שלישיה</ItemName>
      <ManufactureName>קבוצת אסם סחר שות. מוגבלת</ManufactureName>
      <ManufactureCountry />
      <ManufactureItemDescription />
      <UnitQty>יח`</UnitQty>
      <Quantity>3</Quantity>
      <UnitMeasure>100 גרם</UnitMeasure>
      <BisWeighted>0</BisWeighted>
      <QtyInPackage>1</QtyInPackage>
      <ItemPrice>22.90</ItemPrice>
      <UnitOfMeasurePrice>7.63</UnitOfMeasurePrice>
      <AllowDiscount>1</AllowDiscount>
      <itemStatus>1</itemStatus>
      <LastUpdateDate />
      <LastUpdateTime />
    </Product>
    <Product>
      <PriceUpdateDate>2018/08/01 13:48</PriceUpdateDate>
      <ItemCode>7290000420325</ItemCode>
      <ItemType>1</ItemType>
      <ItemName>פופקורן פופסטאר חמישייה טבעי</ItemName>
      <ManufactureName>דנשר (1963) בעמ</ManufactureName>
      <ManufactureCountry />
      <ManufactureItemDescription />
      <UnitQty>יח`</UnitQty>
      <Quantity>5</Quantity>
      <UnitMeasure>100 גרם</UnitMeasure>
      <BisWeighted>0</BisWeighted>
      <QtyInPackage>1</QtyInPackage>
      <ItemPrice>16.90</ItemPrice>
      <UnitOfMeasurePrice>3.38</UnitOfMeasurePrice>
      <AllowDiscount>1</AllowDiscount>
      <itemStatus>1</itemStatus>
      <LastUpdateDate />
      <LastUpdateTime />
    </Product>
    <Product>
      <PriceUpdateDate>2018/04/24 10:16</PriceUpdateDate>
      <ItemCode>7290000420332</ItemCode>
      <ItemType>1</ItemType>
      <ItemName>פופקורן פופסטאר חמישייה חמאה</ItemName>
      <ManufactureName>דנשר (1963) בעמ</ManufactureName>
      <ManufactureCountry />
      <ManufactureItemDescription />
      <UnitQty>יח`</UnitQty>
      <Quantity>5</Quantity>
      <UnitMeasure>100 גרם</UnitMeasure>
      <BisWeighted>0</BisWeighted>
      <QtyInPackage>1</QtyInPackage>
      <ItemPrice>16.90</ItemPrice>
      <UnitOfMeasurePrice>3.38</UnitOfMeasurePrice>
      <AllowDiscount>1</AllowDiscount>
      <itemStatus>1</itemStatus>
      <LastUpdateDate />
      <LastUpdateTime />
    </Product>
    <Product>
      <PriceUpdateDate>2018/04/24 10:16</PriceUpdateDate>
      <ItemCode>7290000420417</ItemCode>
      <ItemType>1</ItemType>
      <ItemName>גלילונית לפח 60 יח`</ItemName>
      <ManufactureName>דנשר (1963) בעמ</ManufactureName>
      <ManufactureCountry />
      <ManufactureItemDescription />
      <UnitQty>יח`</UnitQty>
      <Quantity>1</Quantity>
      <UnitMeasure />
      <BisWeighted>0</BisWeighted>
      <QtyInPackage>1</QtyInPackage>
      <ItemPrice>19.90</ItemPrice>
      <UnitOfMeasurePrice>19.90</UnitOfMeasurePrice>
      <AllowDiscount>1</AllowDiscount>
      <itemStatus>1</itemStatus>
      <LastUpdateDate />
      <LastUpdateTime />
    </Product>
    <Product>
      <PriceUpdateDate>2018/12/11 15:46</PriceUpdateDate>
      <ItemCode>7290000432144</ItemCode>
      <ItemType>1</ItemType>
      <ItemName>נרות 72 יח</ItemName>
      <ManufactureName>פאלאס תעשיות נטו (2014) בעמ</ManufactureName>
      <ManufactureCountry />
      <ManufactureItemDescription />
      <UnitQty>יח`</UnitQty>
      <Quantity>72</Quantity>
      <UnitMeasure>יח`</UnitMeasure>
      <BisWeighted>0</BisWeighted>
      <QtyInPackage>1</QtyInPackage>
      <ItemPrice>19.90</ItemPrice>
      <UnitOfMeasurePrice>0.28</UnitOfMeasurePrice>
      <AllowDiscount>0</AllowDiscount>
      <itemStatus>1</itemStatus>
      <LastUpdateDate />
      <LastUpdateTime />
    </Product>
    <Product>
      <PriceUpdateDate>2018/04/24 10:44</PriceUpdateDate>
      <ItemCode>7290000432205</ItemCode>
      <ItemType>1</ItemType>
      <ItemName>נר זכרון 48 שעות פאלאס</ItemName>
      <ManufactureName>פאלאס תעשיות נטו (2014) בעמ</ManufactureName>
      <ManufactureCountry />
      <ManufactureItemDescription />
      <UnitQty>יח`</UnitQty>
      <Quantity>1</Quantity>
      <UnitMeasure />
      <BisWeighted>0</BisWeighted>
      <QtyInPackage>1</QtyInPackage>
      <ItemPrice>5.90</ItemPrice>
      <UnitOfMeasurePrice>5.90</UnitOfMeasurePrice>
      <AllowDiscount>0</AllowDiscount>
      <itemStatus>1</itemStatus>
      <LastUpdateDate />
      <LastUpdateTime />
    </Product>
    <Product>
      <PriceUpdateDate>2018/04/24 10:44</PriceUpdateDate>
      <ItemCode>7290000432335</ItemCode>
      <ItemType>1</ItemType>
      <ItemName>נר נשמה 72 שעות</ItemName>
      <ManufactureName>פאלאס תעשיות נטו (2014) בעמ</ManufactureName>
      <ManufactureCountry />
      <ManufactureItemDescription />
      <UnitQty>יח`</UnitQty>
      <Quantity>1</Quantity>
      <UnitMeasure />
      <BisWeighted>0</BisWeighted>
      <QtyInPackage>1</QtyInPackage>
      <ItemPrice>6.90</ItemPrice>
      <UnitOfMeasurePrice>6.90</UnitOfMeasurePrice>
      <AllowDiscount>0</AllowDiscount>
      <itemStatus>1</itemStatus>
      <LastUpdateDate />
      <LastUpdateTime />
    </Product>
    <Product>
      <PriceUpdateDate>2018/04/24 10:44</PriceUpdateDate>
      <ItemCode>7290000432359</ItemCode>
      <ItemType>1</ItemType>
      <ItemName>נר זכרון לשבוע נר ציון</ItemName>
      <ManufactureName>פאלאס תעשיות נטו (2014) בעמ</ManufactureName>
      <ManufactureCountry />
      <ManufactureItemDescription />
      <UnitQty>יח`</UnitQty>
      <Quantity>1</Quantity>
      <UnitMeasure />
      <BisWeighted>0</BisWeighted>
      <QtyInPackage>1</QtyInPackage>
      <ItemPrice>11.90</ItemPrice>
      <UnitOfMeasurePrice>11.90</UnitOfMeasurePrice>
      <AllowDiscount>0</AllowDiscount>
      <itemStatus>1</itemStatus>
      <LastUpdateDate />
      <LastUpdateTime />
    </Product>
    <Product>
      <PriceUpdateDate>2019/01/07 10:57</PriceUpdateDate>
      <ItemCode>7290000432632</ItemCode>
      <ItemType>1</ItemType>
      <ItemName>נרות שבת 4 יח 180 גרם</ItemName>
      <ManufactureName>פאלאס תעשיות נטו (2014) בעמ</ManufactureName>
      <ManufactureCountry />
      <ManufactureItemDescription />
      <UnitQty>יח`</UnitQty>
      <Quantity>1.80</Quantity>
      <UnitMeasure>100 גרם</UnitMeasure>
      <BisWeighted>0</BisWeighted>
      <QtyInPackage>1</QtyInPackage>
      <ItemPrice>4.90</ItemPrice>
      <UnitOfMeasurePrice>2.72</UnitOfMeasurePrice>
      <AllowDiscount>0</AllowDiscount>
      <itemStatus>1</itemStatus>
      <LastUpdateDate />
      <LastUpdateTime />
    </Product>
    <Product>
      <PriceUpdateDate>2018/04/24 10:44</PriceUpdateDate>
      <ItemCode>7290000432649</ItemCode>
      <ItemType>1</ItemType>
      <ItemName>נרות שבת 6 יח 180 גר</ItemName>
      <ManufactureName>פאלאס תעשיות נטו (2014) בעמ</ManufactureName>
      <ManufactureCountry />
      <ManufactureItemDescription />
      <UnitQty>יח`</UnitQty>
      <Quantity>1.80</Quantity>
      <UnitMeasure>100 גרם</UnitMeasure>
      <BisWeighted>0</BisWeighted>
      <QtyInPackage>1</QtyInPackage>
      <ItemPrice>4.90</ItemPrice>
      <UnitOfMeasurePrice>2.72</UnitOfMeasurePrice>
      <AllowDiscount>0</AllowDiscount>
      <itemStatus>1</itemStatus>
      <LastUpdateDate />
      <LastUpdateTime />
    </Product>
    <Product>
      <PriceUpdateDate>2018/04/24 10:44</PriceUpdateDate>
      <ItemCode>7290000432656</ItemCode>
      <ItemType>1</ItemType>
      <ItemName>נרות שבת 8 יח 180 גר</ItemName>
      <ManufactureName>פאלאס תעשיות נטו (2014) בעמ</ManufactureName>
      <ManufactureCountry />
      <ManufactureItemDescription />
      <UnitQty>יח`</UnitQty>
      <Quantity>1.80</Quantity>
      <UnitMeasure>100 גרם</UnitMeasure>
      <BisWeighted>0</BisWeighted>
      <QtyInPackage>1</QtyInPackage>
      <ItemPrice>4.90</ItemPrice>
      <UnitOfMeasurePrice>2.72</UnitOfMeasurePrice>
      <AllowDiscount>0</AllowDiscount>
      <itemStatus>1</itemStatus>
      <LastUpdateDate />
      <LastUpdateTime />
    </Product>
    <Product>
      <PriceUpdateDate>2019/01/07 10:57</PriceUpdateDate>
      <ItemCode>7290000432663</ItemCode>
      <ItemType>1</ItemType>
      <ItemName>נרות שבת 10 יח 180 גר</ItemName>
      <ManufactureName>פאלאס תעשיות נטו (2014) בעמ</ManufactureName>
      <ManufactureCountry />
      <ManufactureItemDescription />
      <UnitQty>יח`</UnitQty>
      <Quantity>1.80</Quantity>
      <UnitMeasure>100 גרם</UnitMeasure>
      <BisWeighted>0</BisWeighted>
      <QtyInPackage>1</QtyInPackage>
      <ItemPrice>4.90</ItemPrice>
      <UnitOfMeasurePrice>2.72</UnitOfMeasurePrice>
      <AllowDiscount>0</AllowDiscount>
      <itemStatus>1</itemStatus>
      <LastUpdateDate />
      <LastUpdateTime />
    </Product>
    <Product>
      <PriceUpdateDate>2018/04/24 10:44</PriceUpdateDate>
      <ItemCode>7290000432670</ItemCode>
      <ItemType>1</ItemType>
      <ItemName>נרות שבת 12 יח 180 גר</ItemName>
      <ManufactureName>פאלאס תעשיות נטו (2014) בעמ</ManufactureName>
      <ManufactureCountry />
      <ManufactureItemDescription />
      <UnitQty>יח`</UnitQty>
      <Quantity>1.80</Quantity>
      <UnitMeasure>100 גרם</UnitMeasure>
      <BisWeighted>0</BisWeighted>
      <QtyInPackage>1</QtyInPackage>
      <ItemPrice>4.90</ItemPrice>
      <UnitOfMeasurePrice>2.72</UnitOfMeasurePrice>
      <AllowDiscount>0</AllowDiscount>
      <itemStatus>1</itemStatus>
      <LastUpdateDate />
      <LastUpdateTime />
    </Product>
    <Product>
      <PriceUpdateDate>2019/01/07 10:57</PriceUpdateDate>
      <ItemCode>7290000432922</ItemCode>
      <ItemType>1</ItemType>
      <ItemName>נריות בפלסטיק 5 שעות 72 יח</ItemName>
      <ManufactureName>פאלאס תעשיות נטו (2014) בעמ</ManufactureName>
      <ManufactureCountry />
      <ManufactureItemDescription />
      <UnitQty>יח`</UnitQty>
      <Quantity>1</Quantity>
      <UnitMeasure />
      <BisWeighted>0</BisWeighted>
      <QtyInPackage>1</QtyInPackage>
      <ItemPrice>24.90</ItemPrice>
      <UnitOfMeasurePrice>24.90</UnitOfMeasurePrice>
      <AllowDiscount>0</AllowDiscount>
      <itemStatus>1</itemStatus>
      <LastUpdateDate />
      <LastUpdateTime />
    </Product>
    <Product>
      <PriceUpdateDate>2018/04/24 09:22</PriceUpdateDate>
      <ItemCode>7290000433684</ItemCode>
      <ItemType>1</ItemType>
      <ItemName>משקה מוגז בטעם קולה פפסי (1.5 ליטר)</ItemName>
      <ManufactureName>טמפו משקאות בעמ</ManufactureName>
      <ManufactureCountry />
      <ManufactureItemDescription />
      <UnitQty>יח`</UnitQty>
      <Quantity>15</Quantity>
      <UnitMeasure>100 מ"ל</UnitMeasure>
      <BisWeighted>0</BisWeighted>
      <QtyInPackage>1</QtyInPackage>
      <ItemPrice>5.90</ItemPrice>
      <UnitOfMeasurePrice>0.39</UnitOfMeasurePrice>
      <AllowDiscount>1</AllowDiscount>
      <itemStatus>1</itemStatus>
      <LastUpdateDate />
      <LastUpdateTime />
    </Product>
    <Product>
      <PriceUpdateDate>2018/04/24 09:22</PriceUpdateDate>
      <ItemCode>7290000433714</ItemCode>
      <ItemType>1</ItemType>
      <ItemName>משקה מוגז בטעם ליים סבן אפ (1.5 ליטר)</ItemName>
      <ManufactureName>טמפו משקאות בעמ</ManufactureName>
      <ManufactureCountry />
      <ManufactureItemDescription />
      <UnitQty>יח`</UnitQty>
      <Quantity>15</Quantity>
      <UnitMeasure>100 מ"ל</UnitMeasure>
      <BisWeighted>0</BisWeighted>
      <QtyInPackage>1</QtyInPackage>
      <ItemPrice>5.90</ItemPrice>
      <UnitOfMeasurePrice>0.39</UnitOfMeasurePrice>
      <AllowDiscount>1</AllowDiscount>
      <itemStatus>1</itemStatus>
      <LastUpdateDate />
      <LastUpdateTime />
    </Product>
    <Product>
      <PriceUpdateDate>2018/08/01 13:52</PriceUpdateDate>
      <ItemCode>7290000433745</ItemCode>
      <ItemType>1</ItemType>
      <ItemName>משקה אורנג` מירנדה (1.5 ליטר)</ItemName>
      <ManufactureName>טמפו משקאות בעמ</ManufactureName>
      <ManufactureCountry />
      <ManufactureItemDescription />
      <UnitQty>יח`</UnitQty>
      <Quantity>15</Quantity>
      <UnitMeasure>100 מ"ל</UnitMeasure>
      <BisWeighted>0</BisWeighted>
      <QtyInPackage>1</QtyInPackage>
      <ItemPrice>5.90</ItemPrice>
      <UnitOfMeasurePrice>0.39</UnitOfMeasurePrice>
      <AllowDiscount>1</AllowDiscount>
      <itemStatus>1</itemStatus>
      <LastUpdateDate />
      <LastUpdateTime />
    </Product>
    <Product>
      <PriceUpdateDate>2018/04/24 09:22</PriceUpdateDate>
      <ItemCode>7290000433899</ItemCode>
      <ItemType>1</ItemType>
      <ItemName>פפסי סבן אפ דיאט 1.5 ליטר</ItemName>
      <ManufactureName>טמפו משקאות בעמ</ManufactureName>
      <ManufactureCountry />
      <ManufactureItemDescription />
      <UnitQty>יח`</UnitQty>
      <Quantity>15</Quantity>
      <UnitMeasure>100 מ"ל</UnitMeasure>
      <BisWeighted>0</BisWeighted>
      <QtyInPackage>1</QtyInPackage>
      <ItemPrice>5.90</ItemPrice>
      <UnitOfMeasurePrice>0.39</UnitOfMeasurePrice>
      <AllowDiscount>1</AllowDiscount>
      <itemStatus>1</itemStatus>
      <LastUpdateDate />
      <LastUpdateTime />
    </Product>
    <Product>
      <PriceUpdateDate>2018/08/01 13:52</PriceUpdateDate>
      <ItemCode>7290000433974</ItemCode>
      <ItemType>1</ItemType>
      <ItemName>פפסי מקס 1.5 ליטר</ItemName>
      <ManufactureName>טמפו משקאות בעמ</ManufactureName>
      <ManufactureCountry />
      <ManufactureItemDescription />
      <UnitQty>יח`</UnitQty>
      <Quantity>15</Quantity>
      <UnitMeasure>100 מ"ל</UnitMeasure>
      <BisWeighted>0</BisWeighted>
      <QtyInPackage>1</QtyInPackage>
      <ItemPrice>5.90</ItemPrice>
      <UnitOfMeasurePrice>0.39</UnitOfMeasurePrice>
      <AllowDiscount>1</AllowDiscount>
      <itemStatus>1</itemStatus>
      <LastUpdateDate />
      <LastUpdateTime />
    </Product>
    <Product>
      <PriceUpdateDate>2019/06/02 11:35</PriceUpdateDate>
      <ItemCode>7290000442044</ItemCode>
      <ItemType>1</ItemType>
      <ItemName>פמינה 220 מל</ItemName>
      <ManufactureName>גורי ע.ע.ע בעמ</ManufactureName>
      <ManufactureCountry />
      <ManufactureItemDescription />
      <UnitQty>יח`</UnitQty>
      <Quantity>2.20</Quantity>
      <UnitMeasure>100 מ"ל</UnitMeasure>
      <BisWeighted>0</BisWeighted>
      <QtyInPackage>1</QtyInPackage>
      <ItemPrice>22.90</ItemPrice>
      <UnitOfMeasurePrice>10.41</UnitOfMeasurePrice>
      <AllowDiscount>0</AllowDiscount>
      <itemStatus>1</itemStatus>
      <LastUpdateDate />
      <LastUpdateTime />
    </Product>
    <Product>
      <PriceUpdateDate>2018/04/24 10:25</PriceUpdateDate>
      <ItemCode>7290000446523</ItemCode>
      <ItemType>1</ItemType>
      <ItemName>חמאת בוטנים מתוקה בי &amp; די (350 גרם)</ItemName>
      <ManufactureName>בטר אנד דיפרנט בעמ</ManufactureName>
      <ManufactureCountry />
      <ManufactureItemDescription />
      <UnitQty>יח`</UnitQty>
      <Quantity>3.50</Quantity>
      <UnitMeasure>100 גרם</UnitMeasure>
      <BisWeighted>0</BisWeighted>
      <QtyInPackage>1</QtyInPackage>
      <ItemPrice>12.90</ItemPrice>
      <UnitOfMeasurePrice>3.69</UnitOfMeasurePrice>
      <AllowDiscount>0</AllowDiscount>
      <itemStatus>1</itemStatus>
      <LastUpdateDate />
      <LastUpdateTime />
    </Product>
    <Product>
      <PriceUpdateDate>2018/04/24 10:25</PriceUpdateDate>
      <ItemCode>7290000446547</ItemCode>
      <ItemType>1</ItemType>
      <ItemName>חמאת בוטנים טבעית בי &amp; די (350 גרם)</ItemName>
      <ManufactureName>בטר אנד דיפרנט בעמ</ManufactureName>
      <ManufactureCountry />
      <ManufactureItemDescription />
      <UnitQty>יח`</UnitQty>
      <Quantity>3.50</Quantity>
      <UnitMeasure>100 גרם</UnitMeasure>
      <BisWeighted>0</BisWeighted>
      <QtyInPackage>1</QtyInPackage>
      <ItemPrice>12.90</ItemPrice>
      <UnitOfMeasurePrice>3.69</UnitOfMeasurePrice>
      <AllowDiscount>0</AllowDiscount>
      <itemStatus>1</itemStatus>
      <LastUpdateDate />
      <LastUpdateTime />
    </Product>
    <Product>
      <PriceUpdateDate>2018/04/24 11:42</PriceUpdateDate>
      <ItemCode>7290000446554</ItemCode>
      <ItemType>1</ItemType>
      <ItemName>חמאת בוטנים טבעית בי   די (1 קג)</ItemName>
      <ManufactureName>בטר אנד דיפרנט בעמ</ManufactureName>
      <ManufactureCountry />
      <ManufactureItemDescription />
      <UnitQty>יח`</UnitQty>
      <Quantity>5.10</Quantity>
      <UnitMeasure>100 גרם</UnitMeasure>
      <BisWeighted>0</BisWeighted>
      <QtyInPackage>1</QtyInPackage>
      <ItemPrice>25.90</ItemPrice>
      <UnitOfMeasurePrice>5.08</UnitOfMeasurePrice>
      <AllowDiscount>0</AllowDiscount>
      <itemStatus>1</itemStatus>
      <LastUpdateDate />
      <LastUpdateTime />
    </Product>
    <Product>
      <PriceUpdateDate>2018/04/24 10:25</PriceUpdateDate>
      <ItemCode>7290000446745</ItemCode>
      <ItemType>1</ItemType>
      <ItemName>חמאת שקדים 100% 350 גר`</ItemName>
      <ManufactureName>בטר אנד דיפרנט בעמ</ManufactureName>
      <ManufactureCountry />
      <ManufactureItemDescription />
      <UnitQty>יח`</UnitQty>
      <Quantity>1</Quantity>
      <UnitMeasure />
      <BisWeighted>0</BisWeighted>
      <QtyInPackage>1</QtyInPackage>
      <ItemPrice>44.90</ItemPrice>
      <UnitOfMeasurePrice>44.90</UnitOfMeasurePrice>
      <AllowDiscount>0</AllowDiscount>
      <itemStatus>1</itemStatus>
      <LastUpdateDate />
      <LastUpdateTime />
    </Product>
    <Product>
      <PriceUpdateDate>2018/04/24 10:25</PriceUpdateDate>
      <ItemCode>7290000446776</ItemCode>
      <ItemType>1</ItemType>
      <ItemName>אורז תפוח קל ללא סוכר בי   די (500 גרם)</ItemName>
      <ManufactureName>בטר אנד דיפרנט בעמ</ManufactureName>
      <ManufactureCountry />
      <ManufactureItemDescription />
      <UnitQty>יח`</UnitQty>
      <Quantity>5</Quantity>
      <UnitMeasure>100 גרם</UnitMeasure>
      <BisWeighted>0</BisWeighted>
      <QtyInPackage>1</QtyInPackage>
      <ItemPrice>16</ItemPrice>
      <UnitOfMeasurePrice>3.20</UnitOfMeasurePrice>
      <AllowDiscount>0</AllowDiscount>
      <itemStatus>1</itemStatus>
      <LastUpdateDate />
      <LastUpdateTime />
    </Product>
    <Product>
      <PriceUpdateDate>2018/04/24 12:27</PriceUpdateDate>
      <ItemCode>7290000446936</ItemCode>
      <ItemType>1</ItemType>
      <ItemName>ציפוי לשניצל ללא גלוטן 300 גר`</ItemName>
      <ManufactureName>בטר אנד דיפרנט בעמ</ManufactureName>
      <ManufactureCountry />
      <ManufactureItemDescription />
      <UnitQty>יח`</UnitQty>
      <Quantity>3</Quantity>
      <UnitMeasure>100 גרם</UnitMeasure>
      <BisWeighted>0</BisWeighted>
      <QtyInPackage>1</QtyInPackage>
      <ItemPrice>7.90</ItemPrice>
      <UnitOfMeasurePrice>2.63</UnitOfMeasurePrice>
      <AllowDiscount>0</AllowDiscount>
      <itemStatus>1</itemStatus>
      <LastUpdateDate />
      <LastUpdateTime />
    </Product>
    <Product>
      <PriceUpdateDate>2019/01/07 10:57</PriceUpdateDate>
      <ItemCode>7290000453019</ItemCode>
      <ItemType>1</ItemType>
      <ItemName>שמרים טריים שמרית (50 גרם)</ItemName>
      <ManufactureName>שטראוס גרופ בעמ/מצונן</ManufactureName>
      <ManufactureCountry />
      <ManufactureItemDescription />
      <UnitQty>יח`</UnitQty>
      <Quantity>0.50</Quantity>
      <UnitMeasure>100 גרם</UnitMeasure>
      <BisWeighted>0</BisWeighted>
      <QtyInPackage>1</QtyInPackage>
      <ItemPrice>4.50</ItemPrice>
      <UnitOfMeasurePrice>9</UnitOfMeasurePrice>
      <AllowDiscount>0</AllowDiscount>
      <itemStatus>1</itemStatus>
      <LastUpdateDate />
      <LastUpdateTime />
    </Product>
    <Product>
      <PriceUpdateDate>2019/09/15 13:16</PriceUpdateDate>
      <ItemCode>7290000453408</ItemCode>
      <ItemType>1</ItemType>
      <ItemName>בצק פיצה דק מצונן ומוכן לאפייה 415 גר` ש</ItemName>
      <ManufactureName>שטראוס גרופ בעמ/מצונן</ManufactureName>
      <ManufactureCountry />
      <ManufactureItemDescription />
      <UnitQty>יח`</UnitQty>
      <Quantity>4.15</Quantity>
      <UnitMeasure>100 גרם</UnitMeasure>
      <BisWeighted>0</BisWeighted>
      <QtyInPackage>1</QtyInPackage>
      <ItemPrice>16.90</ItemPrice>
      <UnitOfMeasurePrice>4.07</UnitOfMeasurePrice>
      <AllowDiscount>0</AllowDiscount>
      <itemStatus>1</itemStatus>
      <LastUpdateDate />
      <LastUpdateTime />
    </Product>
    <Product>
      <PriceUpdateDate>2019/09/15 13:16</PriceUpdateDate>
      <ItemCode>7290000453415</ItemCode>
      <ItemType>1</ItemType>
      <ItemName>בצק עלים מצונן ומוכן לאפייה 300 גר` שימר</ItemName>
      <ManufactureName>שטראוס גרופ בעמ/מצונן</ManufactureName>
      <ManufactureCountry />
      <ManufactureItemDescription />
      <UnitQty>יח`</UnitQty>
      <Quantity>3</Quantity>
      <UnitMeasure>100 גרם</UnitMeasure>
      <BisWeighted>0</BisWeighted>
      <QtyInPackage>1</QtyInPackage>
      <ItemPrice>15.90</ItemPrice>
      <UnitOfMeasurePrice>5.30</UnitOfMeasurePrice>
      <AllowDiscount>0</AllowDiscount>
      <itemStatus>1</itemStatus>
      <LastUpdateDate />
      <LastUpdateTime />
    </Product>
    <Product>
      <PriceUpdateDate>2018/04/24 12:42</PriceUpdateDate>
      <ItemCode>7290000453880</ItemCode>
      <ItemType>1</ItemType>
      <ItemName>מרגרינה ללא מלח לאפיה ובישול -שמרית</ItemName>
      <ManufactureName>שטראוס גרופ בעמ/מצונן</ManufactureName>
      <ManufactureCountry />
      <ManufactureItemDescription />
      <UnitQty>יח`</UnitQty>
      <Quantity>2</Quantity>
      <UnitMeasure>100 גרם</UnitMeasure>
      <BisWeighted>0</BisWeighted>
      <QtyInPackage>1</QtyInPackage>
      <ItemPrice>4.90</ItemPrice>
      <UnitOfMeasurePrice>2.45</UnitOfMeasurePrice>
      <AllowDiscount>0</AllowDiscount>
      <itemStatus>1</itemStatus>
      <LastUpdateDate />
      <LastUpdateTime />
    </Product>
    <Product>
      <PriceUpdateDate>2018/04/24 12:42</PriceUpdateDate>
      <ItemCode>7290000453897</ItemCode>
      <ItemType>1</ItemType>
      <ItemName>מרגרינה בטעם חמאה -שמרית</ItemName>
      <ManufactureName>שטראוס גרופ בעמ/מצונן</ManufactureName>
      <ManufactureCountry />
      <ManufactureItemDescription />
      <UnitQty>יח`</UnitQty>
      <Quantity>2</Quantity>
      <UnitMeasure>100 גרם</UnitMeasure>
      <BisWeighted>0</BisWeighted>
      <QtyInPackage>1</QtyInPackage>
      <ItemPrice>4.90</ItemPrice>
      <UnitOfMeasurePrice>2.45</UnitOfMeasurePrice>
      <AllowDiscount>0</AllowDiscount>
      <itemStatus>1</itemStatus>
      <LastUpdateDate />
      <LastUpdateTime />
    </Product>
    <Product>
      <PriceUpdateDate>2018/07/08 11:12</PriceUpdateDate>
      <ItemCode>7290000461625</ItemCode>
      <ItemType>1</ItemType>
      <ItemName>בייגלה שמונה שמונה 400 גר`</ItemName>
      <ManufactureName>יוניליוור ישראל שיווק בעמ</ManufactureName>
      <ManufactureCountry />
      <ManufactureItemDescription />
      <UnitQty>יח`</UnitQty>
      <Quantity>4</Quantity>
      <UnitMeasure>100 גרם</UnitMeasure>
      <BisWeighted>0</BisWeighted>
      <QtyInPackage>1</QtyInPackage>
      <ItemPrice>10.90</ItemPrice>
      <UnitOfMeasurePrice>2.73</UnitOfMeasurePrice>
      <AllowDiscount>1</AllowDiscount>
      <itemStatus>1</itemStatus>
      <LastUpdateDate />
      <LastUpdateTime />
    </Product>
    <Product>
      <PriceUpdateDate>2018/07/08 11:12</PriceUpdateDate>
      <ItemCode>7290000461656</ItemCode>
      <ItemType>1</ItemType>
      <ItemName>בייגלה אחד אחד 400 גר`</ItemName>
      <ManufactureName>יוניליוור ישראל שיווק בעמ</ManufactureName>
      <ManufactureCountry />
      <ManufactureItemDescription />
      <UnitQty>יח`</UnitQty>
      <Quantity>4</Quantity>
      <UnitMeasure>100 גרם</UnitMeasure>
      <BisWeighted>0</BisWeighted>
      <QtyInPackage>1</QtyInPackage>
      <ItemPrice>10.90</ItemPrice>
      <UnitOfMeasurePrice>2.73</UnitOfMeasurePrice>
      <AllowDiscount>1</AllowDiscount>
      <itemStatus>1</itemStatus>
      <LastUpdateDate />
      <LastUpdateTime />
    </Product>
    <Product>
      <PriceUpdateDate>2018/07/08 11:12</PriceUpdateDate>
      <ItemCode>7290000461700</ItemCode>
      <ItemType>1</ItemType>
      <ItemName>גדול גדול 400</ItemName>
      <ManufactureName>יוניליוור ישראל שיווק בעמ</ManufactureName>
      <ManufactureCountry />
      <ManufactureItemDescription />
      <UnitQty>יח`</UnitQty>
      <Quantity>4</Quantity>
      <UnitMeasure>100 גרם</UnitMeasure>
      <BisWeighted>0</BisWeighted>
      <QtyInPackage>1</QtyInPackage>
      <ItemPrice>12.90</ItemPrice>
      <UnitOfMeasurePrice>3.23</UnitOfMeasurePrice>
      <AllowDiscount>0</AllowDiscount>
      <itemStatus>1</itemStatus>
      <LastUpdateDate />
      <LastUpdateTime />
    </Product>
    <Product>
      <PriceUpdateDate>2018/04/24 10:32</PriceUpdateDate>
      <ItemCode>7290000461724</ItemCode>
      <ItemType>1</ItemType>
      <ItemName>גדול גדול שומשום</ItemName>
      <ManufactureName>יוניליוור ישראל שיווק בעמ</ManufactureName>
      <ManufactureCountry />
      <ManufactureItemDescription />
      <UnitQty>יח`</UnitQty>
      <Quantity>4</Quantity>
      <UnitMeasure>100 גרם</UnitMeasure>
      <BisWeighted>0</BisWeighted>
      <QtyInPackage>1</QtyInPackage>
      <ItemPrice>12.90</ItemPrice>
      <UnitOfMeasurePrice>3.23</UnitOfMeasurePrice>
      <AllowDiscount>0</AllowDiscount>
      <itemStatus>1</itemStatus>
      <LastUpdateDate />
      <LastUpdateTime />
    </Product>
    <Product>
      <PriceUpdateDate>2018/04/24 09:59</PriceUpdateDate>
      <ItemCode>7290000463223</ItemCode>
      <ItemType>1</ItemType>
      <ItemName>זיתים מנס. ירוק ג.מ. 17-19 שום</ItemName>
      <ManufactureName>קבוצת אסם סחר שות. מוגבלת</ManufactureName>
      <ManufactureCountry />
      <ManufactureItemDescription />
      <UnitQty>יח`</UnitQty>
      <Quantity>5.60</Quantity>
      <UnitMeasure>100 גרם</UnitMeasure>
      <BisWeighted>0</BisWeighted>
      <QtyInPackage>1</QtyInPackage>
      <ItemPrice>10.90</ItemPrice>
      <UnitOfMeasurePrice>1.95</UnitOfMeasurePrice>
      <AllowDiscount>0</AllowDiscount>
      <itemStatus>1</itemStatus>
      <LastUpdateDate />
      <LastUpdateTime />
    </Product>
    <Product>
      <PriceUpdateDate>2019/01/07 10:57</PriceUpdateDate>
      <ItemCode>7290000463377</ItemCode>
      <ItemType>1</ItemType>
      <ItemName>זיתים חרוזית ירוק A2</ItemName>
      <ManufactureName>קבוצת אסם סחר שות. מוגבלת</ManufactureName>
      <ManufactureCountry />
      <ManufactureItemDescription />
      <UnitQty>יח`</UnitQty>
      <Quantity>5.60</Quantity>
      <UnitMeasure>100 גרם</UnitMeasure>
      <BisWeighted>0</BisWeighted>
      <QtyInPackage>1</QtyInPackage>
      <ItemPrice>9.90</ItemPrice>
      <UnitOfMeasurePrice>1.77</UnitOfMeasurePrice>
      <AllowDiscount>0</AllowDiscount>
      <itemStatus>1</itemStatus>
      <LastUpdateDate />
      <LastUpdateTime />
    </Product>
    <Product>
      <PriceUpdateDate>2018/04/24 09:59</PriceUpdateDate>
      <ItemCode>7290000463889</ItemCode>
      <ItemType>1</ItemType>
      <ItemName>חרוזית בעשבי תיבול בית השיטה (560 גרם)</ItemName>
      <ManufactureName>קבוצת אסם סחר שות. מוגבלת</ManufactureName>
      <ManufactureCountry />
      <ManufactureItemDescription />
      <UnitQty>יח`</UnitQty>
      <Quantity>5.60</Quantity>
      <UnitMeasure>100 גרם</UnitMeasure>
      <BisWeighted>0</BisWeighted>
      <QtyInPackage>1</QtyInPackage>
      <ItemPrice>10.90</ItemPrice>
      <UnitOfMeasurePrice>1.95</UnitOfMeasurePrice>
      <AllowDiscount>0</AllowDiscount>
      <itemStatus>1</itemStatus>
      <LastUpdateDate />
      <LastUpdateTime />
    </Product>
    <Product>
      <PriceUpdateDate>2018/04/24 09:59</PriceUpdateDate>
      <ItemCode>7290000464435</ItemCode>
      <ItemType>1</ItemType>
      <ItemName>חרוזית מושחר A2</ItemName>
      <ManufactureName>קבוצת אסם סחר שות. מוגבלת</ManufactureName>
      <ManufactureCountry />
      <ManufactureItemDescription />
      <UnitQty>יח`</UnitQty>
      <Quantity>5.60</Quantity>
      <UnitMeasure>100 גרם</UnitMeasure>
      <BisWeighted>0</BisWeighted>
      <QtyInPackage>1</QtyInPackage>
      <ItemPrice>10.90</ItemPrice>
      <UnitOfMeasurePrice>1.95</UnitOfMeasurePrice>
      <AllowDiscount>0</AllowDiscount>
      <itemStatus>1</itemStatus>
      <LastUpdateDate />
      <LastUpdateTime />
    </Product>
    <Product>
      <PriceUpdateDate>2018/08/05 11:28</PriceUpdateDate>
      <ItemCode>7290000464459</ItemCode>
      <ItemType>1</ItemType>
      <ItemName>קוקטייל זיתים בית השיטה (560 גרם)</ItemName>
      <ManufactureName>קבוצת אסם סחר שות. מוגבלת</ManufactureName>
      <ManufactureCountry />
      <ManufactureItemDescription />
      <UnitQty>יח`</UnitQty>
      <Quantity>5.60</Quantity>
      <UnitMeasure>100 גרם</UnitMeasure>
      <BisWeighted>0</BisWeighted>
      <QtyInPackage>1</QtyInPackage>
      <ItemPrice>11.90</ItemPrice>
      <UnitOfMeasurePrice>2.13</UnitOfMeasurePrice>
      <AllowDiscount>0</AllowDiscount>
      <itemStatus>1</itemStatus>
      <LastUpdateDate />
      <LastUpdateTime />
    </Product>
    <Product>
      <PriceUpdateDate>2018/04/24 10:01</PriceUpdateDate>
      <ItemCode>7290000464992</ItemCode>
      <ItemType>1</ItemType>
      <ItemName>זיתים מושחרים טבעות בית השיטה (560 גרם)</ItemName>
      <ManufactureName>קבוצת אסם סחר שות. מוגבלת</ManufactureName>
      <ManufactureCountry />
      <ManufactureItemDescription />
      <UnitQty>יח`</UnitQty>
      <Quantity>5.60</Quantity>
      <UnitMeasure>100 גרם</UnitMeasure>
      <BisWeighted>0</BisWeighted>
      <QtyInPackage>1</QtyInPackage>
      <ItemPrice>10.90</ItemPrice>
      <UnitOfMeasurePrice>1.95</UnitOfMeasurePrice>
      <AllowDiscount>0</AllowDiscount>
      <itemStatus>1</itemStatus>
      <LastUpdateDate />
      <LastUpdateTime />
    </Product>
    <Product>
      <PriceUpdateDate>2019/04/08 14:54</PriceUpdateDate>
      <ItemCode>7290000466170</ItemCode>
      <ItemType>1</ItemType>
      <ItemName>מלפפון במלח 10-12 A2</ItemName>
      <ManufactureName>קבוצת אסם סחר שות. מוגבלת</ManufactureName>
      <ManufactureCountry />
      <ManufactureItemDescription />
      <UnitQty>יח`</UnitQty>
      <Quantity>5.40</Quantity>
      <UnitMeasure>100 גרם</UnitMeasure>
      <BisWeighted>0</BisWeighted>
      <QtyInPackage>1</QtyInPackage>
      <ItemPrice>7.90</ItemPrice>
      <UnitOfMeasurePrice>1.46</UnitOfMeasurePrice>
      <AllowDiscount>0</AllowDiscount>
      <itemStatus>1</itemStatus>
      <LastUpdateDate />
      <LastUpdateTime />
    </Product>
    <Product>
      <PriceUpdateDate>2018/04/24 10:01</PriceUpdateDate>
      <ItemCode>7290000466187</ItemCode>
      <ItemType>1</ItemType>
      <ItemName>מלפפון במלח 13-17 A2</ItemName>
      <ManufactureName>קבוצת אסם סחר שות. מוגבלת</ManufactureName>
      <ManufactureCountry />
      <ManufactureItemDescription />
      <UnitQty>יח`</UnitQty>
      <Quantity>3.20</Quantity>
      <UnitMeasure>100 גרם</UnitMeasure>
      <BisWeighted>0</BisWeighted>
      <QtyInPackage>1</QtyInPackage>
      <ItemPrice>9.90</ItemPrice>
      <UnitOfMeasurePrice>3.09</UnitOfMeasurePrice>
      <AllowDiscount>0</AllowDiscount>
      <itemStatus>1</itemStatus>
      <LastUpdateDate />
      <LastUpdateTime />
    </Product>
    <Product>
      <PriceUpdateDate>2018/04/24 10:01</PriceUpdateDate>
      <ItemCode>7290000466910</ItemCode>
      <ItemType>1</ItemType>
      <ItemName>מלפפון במלח בלאדי 13-17</ItemName>
      <ManufactureName>קבוצת אסם סחר שות. מוגבלת</ManufactureName>
      <ManufactureCountry />
      <ManufactureItemDescription />
      <UnitQty>יח`</UnitQty>
      <Quantity>3.40</Quantity>
      <UnitMeasure>100 גרם</UnitMeasure>
      <BisWeighted>0</BisWeighted>
      <QtyInPackage>1</QtyInPackage>
      <ItemPrice>9.90</ItemPrice>
      <UnitOfMeasurePrice>2.91</UnitOfMeasurePrice>
      <AllowDiscount>0</AllowDiscount>
      <itemStatus>1</itemStatus>
      <LastUpdateDate />
      <LastUpdateTime />
    </Product>
    <Product>
      <PriceUpdateDate>2019/01/07 10:57</PriceUpdateDate>
      <ItemCode>7290000467177</ItemCode>
      <ItemType>1</ItemType>
      <ItemName>מלפפון בחומץ 10-12 A2</ItemName>
      <ManufactureName>קבוצת אסם סחר שות. מוגבלת</ManufactureName>
      <ManufactureCountry />
      <ManufactureItemDescription />
      <UnitQty>יח`</UnitQty>
      <Quantity>2.90</Quantity>
      <UnitMeasure>100 גרם</UnitMeasure>
      <BisWeighted>0</BisWeighted>
      <QtyInPackage>1</QtyInPackage>
      <ItemPrice>7.90</ItemPrice>
      <UnitOfMeasurePrice>2.72</UnitOfMeasurePrice>
      <AllowDiscount>0</AllowDiscount>
      <itemStatus>1</itemStatus>
      <LastUpdateDate />
      <LastUpdateTime />
    </Product>
    <Product>
      <PriceUpdateDate>2018/04/24 10:01</PriceUpdateDate>
      <ItemCode>7290000467184</ItemCode>
      <ItemType>1</ItemType>
      <ItemName>מלפפון בחומץ 13-17 A2</ItemName>
      <ManufactureName>קבוצת אסם סחר שות. מוגבלת</ManufactureName>
      <ManufactureCountry />
      <ManufactureItemDescription />
      <UnitQty>יח`</UnitQty>
      <Quantity>3.20</Quantity>
      <UnitMeasure>100 גרם</UnitMeasure>
      <BisWeighted>0</BisWeighted>
      <QtyInPackage>1</QtyInPackage>
      <ItemPrice>9.90</ItemPrice>
      <UnitOfMeasurePrice>3.09</UnitOfMeasurePrice>
      <AllowDiscount>0</AllowDiscount>
      <itemStatus>1</itemStatus>
      <LastUpdateDate />
      <LastUpdateTime />
    </Product>
    <Product>
      <PriceUpdateDate>2018/04/24 10:01</PriceUpdateDate>
      <ItemCode>7290000467191</ItemCode>
      <ItemType>1</ItemType>
      <ItemName>מלפפון בחומץ 18-25 A2</ItemName>
      <ManufactureName>קבוצת אסם סחר שות. מוגבלת</ManufactureName>
      <ManufactureCountry />
      <ManufactureItemDescription />
      <UnitQty>יח`</UnitQty>
      <Quantity>3.20</Quantity>
      <UnitMeasure>100 גרם</UnitMeasure>
      <BisWeighted>0</BisWeighted>
      <QtyInPackage>1</QtyInPackage>
      <ItemPrice>10.90</ItemPrice>
      <UnitOfMeasurePrice>3.41</UnitOfMeasurePrice>
      <AllowDiscount>0</AllowDiscount>
      <itemStatus>1</itemStatus>
      <LastUpdateDate />
      <LastUpdateTime />
    </Product>
    <Product>
      <PriceUpdateDate>2019/01/07 10:57</PriceUpdateDate>
      <ItemCode>7290000468006</ItemCode>
      <ItemType>1</ItemType>
      <ItemName>כרוב כבוש בית השיטה (560 גרם)</ItemName>
      <ManufactureName>קבוצת אסם סחר שות. מוגבלת</ManufactureName>
      <ManufactureCountry />
      <ManufactureItemDescription />
      <UnitQty>יח`</UnitQty>
      <Quantity>5.50</Quantity>
      <UnitMeasure>100 גרם</UnitMeasure>
      <BisWeighted>0</BisWeighted>
      <QtyInPackage>1</QtyInPackage>
      <ItemPrice>7.90</ItemPrice>
      <UnitOfMeasurePrice>1.44</UnitOfMeasurePrice>
      <AllowDiscount>0</AllowDiscount>
      <itemStatus>1</itemStatus>
      <LastUpdateDate />
      <LastUpdateTime />
    </Product>
    <Product>
      <PriceUpdateDate>2018/04/24 10:01</PriceUpdateDate>
      <ItemCode>7290000468167</ItemCode>
      <ItemType>1</ItemType>
      <ItemName>פלפל חריף כבוש שיפקה בית השיטה (560 גרם)</ItemName>
      <ManufactureName>קבוצת אסם סחר שות. מוגבלת</ManufactureName>
      <ManufactureCountry />
      <ManufactureItemDescription />
      <UnitQty>יח`</UnitQty>
      <Quantity>2.30</Quantity>
      <UnitMeasure>100 גרם</UnitMeasure>
      <BisWeighted>0</BisWeighted>
      <QtyInPackage>1</QtyInPackage>
      <ItemPrice>6.90</ItemPrice>
      <UnitOfMeasurePrice>3</UnitOfMeasurePrice>
      <AllowDiscount>0</AllowDiscount>
      <itemStatus>1</itemStatus>
      <LastUpdateDate />
      <LastUpdateTime />
    </Product>
    <Product>
      <PriceUpdateDate>2018/04/24 09:21</PriceUpdateDate>
      <ItemCode>7290000469638</ItemCode>
      <ItemType>1</ItemType>
      <ItemName>ספריי לגיהוץ קל מריטו (500 מל)</ItemName>
      <ManufactureName>ש.שסטוביץ בעמ</ManufactureName>
      <ManufactureCountry />
      <ManufactureItemDescription />
      <UnitQty>יח`</UnitQty>
      <Quantity>5</Quantity>
      <UnitMeasure>100 מ"ל</UnitMeasure>
      <BisWeighted>0</BisWeighted>
      <QtyInPackage>1</QtyInPackage>
      <ItemPrice>19.90</ItemPrice>
      <UnitOfMeasurePrice>3.98</UnitOfMeasurePrice>
      <AllowDiscount>0</AllowDiscount>
      <itemStatus>1</itemStatus>
      <LastUpdateDate />
      <LastUpdateTime />
    </Product>
    <Product>
      <PriceUpdateDate>2019/06/19 09:52</PriceUpdateDate>
      <ItemCode>7290000474090</ItemCode>
      <ItemType>1</ItemType>
      <ItemName>חלב 1% בקרטון טרה (1  ליטר)פ</ItemName>
      <ManufactureName>החב` המרכזית - טרה</ManufactureName>
      <ManufactureCountry />
      <ManufactureItemDescription />
      <UnitQty>יח`</UnitQty>
      <Quantity>1</Quantity>
      <UnitMeasure>1 ליטר</UnitMeasure>
      <BisWeighted>0</BisWeighted>
      <QtyInPackage>1</QtyInPackage>
      <ItemPrice>5.59</ItemPrice>
      <UnitOfMeasurePrice>5.59</UnitOfMeasurePrice>
      <AllowDiscount>0</AllowDiscount>
      <itemStatus>1</itemStatus>
      <LastUpdateDate />
      <LastUpdateTime />
    </Product>
    <Product>
      <PriceUpdateDate>2019/06/19 09:52</PriceUpdateDate>
      <ItemCode>7290000474373</ItemCode>
      <ItemType>1</ItemType>
      <ItemName>שמנת חמוצה 15% טרה (200 מל)</ItemName>
      <ManufactureName>החב` המרכזית - טרה</ManufactureName>
      <ManufactureCountry />
      <ManufactureItemDescription />
      <UnitQty>יח`</UnitQty>
      <Quantity>2</Quantity>
      <UnitMeasure>100 מ"ל</UnitMeasure>
      <BisWeighted>0</BisWeighted>
      <QtyInPackage>1</QtyInPackage>
      <ItemPrice>2.28</ItemPrice>
      <UnitOfMeasurePrice>1.14</UnitOfMeasurePrice>
      <AllowDiscount>0</AllowDiscount>
      <itemStatus>1</itemStatus>
      <LastUpdateDate />
      <LastUpdateTime />
    </Product>
    <Product>
      <PriceUpdateDate>2019/06/19 09:52</PriceUpdateDate>
      <ItemCode>7290000474502</ItemCode>
      <ItemType>1</ItemType>
      <ItemName>גבינה לבנה 5% 250 גר` פיקוח</ItemName>
      <ManufactureName>החב` המרכזית - טרה</ManufactureName>
      <ManufactureCountry />
      <ManufactureItemDescription />
      <UnitQty>יח`</UnitQty>
      <Quantity>2.50</Quantity>
      <UnitMeasure>100 גרם</UnitMeasure>
      <BisWeighted>0</BisWeighted>
      <QtyInPackage>1</QtyInPackage>
      <ItemPrice>4.75</ItemPrice>
      <UnitOfMeasurePrice>1.90</UnitOfMeasurePrice>
      <AllowDiscount>1</AllowDiscount>
      <itemStatus>1</itemStatus>
      <LastUpdateDate />
      <LastUpdateTime />
    </Product>
    <Product>
      <PriceUpdateDate>2018/10/10 15:30</PriceUpdateDate>
      <ItemCode>7290000474540</ItemCode>
      <ItemType>1</ItemType>
      <ItemName>גבינת טוב טעם</ItemName>
      <ManufactureName>החב` המרכזית - טרה</ManufactureName>
      <ManufactureCountry />
      <ManufactureItemDescription />
      <UnitQty>יח`</UnitQty>
      <Quantity>2.50</Quantity>
      <UnitMeasure>100 גרם</UnitMeasure>
      <BisWeighted>0</BisWeighted>
      <QtyInPackage>1</QtyInPackage>
      <ItemPrice>10.90</ItemPrice>
      <UnitOfMeasurePrice>4.36</UnitOfMeasurePrice>
      <AllowDiscount>1</AllowDiscount>
      <itemStatus>1</itemStatus>
      <LastUpdateDate />
      <LastUpdateTime />
    </Product>
    <Product>
      <PriceUpdateDate>2018/04/24 10:19</PriceUpdateDate>
      <ItemCode>7290000474830</ItemCode>
      <ItemType>1</ItemType>
      <ItemName>גבינה צהובה מגורדת 28% נעם (500 גרם)</ItemName>
      <ManufactureName>החב` המרכזית - טרה</ManufactureName>
      <ManufactureCountry />
      <ManufactureItemDescription />
      <UnitQty>יח`</UnitQty>
      <Quantity>5</Quantity>
      <UnitMeasure>100 גרם</UnitMeasure>
      <BisWeighted>0</BisWeighted>
      <QtyInPackage>1</QtyInPackage>
      <ItemPrice>32.90</ItemPrice>
      <UnitOfMeasurePrice>6.58</UnitOfMeasurePrice>
      <AllowDiscount>1</AllowDiscount>
      <itemStatus>1</itemStatus>
      <LastUpdateDate />
      <LastUpdateTime />
    </Product>
    <Product>
      <PriceUpdateDate>2018/04/24 09:30</PriceUpdateDate>
      <ItemCode>7290000480107</ItemCode>
      <ItemType>1</ItemType>
      <ItemName>שיבולת שועל קוואקר (500 גרם)</ItemName>
      <ManufactureName>שטראוס פריטו ליי בעמ</ManufactureName>
      <ManufactureCountry />
      <ManufactureItemDescription />
      <UnitQty>יח`</UnitQty>
      <Quantity>5</Quantity>
      <UnitMeasure>100 גרם</UnitMeasure>
      <BisWeighted>0</BisWeighted>
      <QtyInPackage>1</QtyInPackage>
      <ItemPrice>11.90</ItemPrice>
      <UnitOfMeasurePrice>2.38</UnitOfMeasurePrice>
      <AllowDiscount>1</AllowDiscount>
      <itemStatus>1</itemStatus>
      <LastUpdateDate />
      <LastUpdateTime />
    </Product>
    <Product>
      <PriceUpdateDate>2018/04/24 11:48</PriceUpdateDate>
      <ItemCode>7290000481531</ItemCode>
      <ItemType>1</ItemType>
      <ItemName>לחמניות חיטה מלאה דגנית עין בר (10)</ItemName>
      <ManufactureName>דגנית עין בר תעשיות מזון ואפיה</ManufactureName>
      <ManufactureCountry />
      <ManufactureItemDescription />
      <UnitQty>יח`</UnitQty>
      <Quantity>7.50</Quantity>
      <UnitMeasure>100 גרם</UnitMeasure>
      <BisWeighted>0</BisWeighted>
      <QtyInPackage>1</QtyInPackage>
      <ItemPrice>11.90</ItemPrice>
      <UnitOfMeasurePrice>1.59</UnitOfMeasurePrice>
      <AllowDiscount>1</AllowDiscount>
      <itemStatus>1</itemStatus>
      <LastUpdateDate />
      <LastUpdateTime />
    </Product>
    <Product>
      <PriceUpdateDate>2018/04/24 11:59</PriceUpdateDate>
      <ItemCode>7290000481883</ItemCode>
      <ItemType>1</ItemType>
      <ItemName>לחמניות אצבע דגנית עין בר (10)</ItemName>
      <ManufactureName>דגנית עין בר תעשיות מזון ואפיה</ManufactureName>
      <ManufactureCountry />
      <ManufactureItemDescription />
      <UnitQty>יח`</UnitQty>
      <Quantity>7.50</Quantity>
      <UnitMeasure>100 גרם</UnitMeasure>
      <BisWeighted>0</BisWeighted>
      <QtyInPackage>1</QtyInPackage>
      <ItemPrice>11.90</ItemPrice>
      <UnitOfMeasurePrice>1.59</UnitOfMeasurePrice>
      <AllowDiscount>1</AllowDiscount>
      <itemStatus>1</itemStatus>
      <LastUpdateDate />
      <LastUpdateTime />
    </Product>
    <Product>
      <PriceUpdateDate>2018/04/24 12:36</PriceUpdateDate>
      <ItemCode>7290000484716</ItemCode>
      <ItemType>1</ItemType>
      <ItemName>אלוף הארק 50% 700 מל</ItemName>
      <ManufactureName>יקב הגליל שיווק בעמ</ManufactureName>
      <ManufactureCountry />
      <ManufactureItemDescription />
      <UnitQty>יח`</UnitQty>
      <Quantity>7</Quantity>
      <UnitMeasure>100 מ"ל</UnitMeasure>
      <BisWeighted>0</BisWeighted>
      <QtyInPackage>1</QtyInPackage>
      <ItemPrice>66.90</ItemPrice>
      <UnitOfMeasurePrice>9.51</UnitOfMeasurePrice>
      <AllowDiscount>0</AllowDiscount>
      <itemStatus>1</itemStatus>
      <LastUpdateDate />
      <LastUpdateTime />
    </Product>
    <Product>
      <PriceUpdateDate>2019/05/26 14:18</PriceUpdateDate>
      <ItemCode>7290000484747</ItemCode>
      <ItemType>1</ItemType>
      <ItemName>עלית הארק יקב הגליל (700 מל)</ItemName>
      <ManufactureName>יקב הגליל שיווק בעמ</ManufactureName>
      <ManufactureCountry />
      <ManufactureItemDescription />
      <UnitQty>יח`</UnitQty>
      <Quantity>7.50</Quantity>
      <UnitMeasure>100 מ"ל</UnitMeasure>
      <BisWeighted>0</BisWeighted>
      <QtyInPackage>1</QtyInPackage>
      <ItemPrice>59.90</ItemPrice>
      <UnitOfMeasurePrice>7.95</UnitOfMeasurePrice>
      <AllowDiscount>0</AllowDiscount>
      <itemStatus>1</itemStatus>
      <LastUpdateDate />
      <LastUpdateTime />
    </Product>
    <Product>
      <PriceUpdateDate>2018/04/24 11:38</PriceUpdateDate>
      <ItemCode>7290000490601</ItemCode>
      <ItemType>1</ItemType>
      <ItemName>מאגדת מצופה דיאט שמינייה</ItemName>
      <ManufactureName>פלקו בעמ</ManufactureName>
      <ManufactureCountry />
      <ManufactureItemDescription />
      <UnitQty>יח`</UnitQty>
      <Quantity>4</Quantity>
      <UnitMeasure>100 גרם</UnitMeasure>
      <BisWeighted>0</BisWeighted>
      <QtyInPackage>1</QtyInPackage>
      <ItemPrice>27</ItemPrice>
      <UnitOfMeasurePrice>6.75</UnitOfMeasurePrice>
      <AllowDiscount>0</AllowDiscount>
      <itemStatus>1</itemStatus>
      <LastUpdateDate />
      <LastUpdateTime />
    </Product>
    <Product>
      <PriceUpdateDate>2018/04/24 12:33</PriceUpdateDate>
      <ItemCode>7290000490625</ItemCode>
      <ItemType>1</ItemType>
      <ItemName>מאגדת שלגונים ציפוי שוקו 8יח</ItemName>
      <ManufactureName>פלקו בעמ</ManufactureName>
      <ManufactureCountry />
      <ManufactureItemDescription />
      <UnitQty>יח`</UnitQty>
      <Quantity>1</Quantity>
      <UnitMeasure />
      <BisWeighted>0</BisWeighted>
      <QtyInPackage>1</QtyInPackage>
      <ItemPrice>24.90</ItemPrice>
      <UnitOfMeasurePrice>24.90</UnitOfMeasurePrice>
      <AllowDiscount>0</AllowDiscount>
      <itemStatus>1</itemStatus>
      <LastUpdateDate />
      <LastUpdateTime />
    </Product>
    <Product>
      <PriceUpdateDate>2018/04/24 12:14</PriceUpdateDate>
      <ItemCode>7290000490717</ItemCode>
      <ItemType>1</ItemType>
      <ItemName>מאגדת גלית 8 יח`</ItemName>
      <ManufactureName>פלקו בעמ</ManufactureName>
      <ManufactureCountry />
      <ManufactureItemDescription />
      <UnitQty>יח`</UnitQty>
      <Quantity>1</Quantity>
      <UnitMeasure />
      <BisWeighted>0</BisWeighted>
      <QtyInPackage>1</QtyInPackage>
      <ItemPrice>19.90</ItemPrice>
      <UnitOfMeasurePrice>19.90</UnitOfMeasurePrice>
      <AllowDiscount>0</AllowDiscount>
      <itemStatus>1</itemStatus>
      <LastUpdateDate />
      <LastUpdateTime />
    </Product>
    <Product>
      <PriceUpdateDate>2018/04/24 11:45</PriceUpdateDate>
      <ItemCode>7290000490762</ItemCode>
      <ItemType>1</ItemType>
      <ItemName>מאגדת מצופה דיאט שמינייה</ItemName>
      <ManufactureName>פלקו בעמ</ManufactureName>
      <ManufactureCountry />
      <ManufactureItemDescription />
      <UnitQty>יח`</UnitQty>
      <Quantity>4</Quantity>
      <UnitMeasure>100 גרם</UnitMeasure>
      <BisWeighted>0</BisWeighted>
      <QtyInPackage>1</QtyInPackage>
      <ItemPrice>27</ItemPrice>
      <UnitOfMeasurePrice>6.75</UnitOfMeasurePrice>
      <AllowDiscount>0</AllowDiscount>
      <itemStatus>1</itemStatus>
      <LastUpdateDate />
      <LastUpdateTime />
    </Product>
    <Product>
      <PriceUpdateDate>2019/01/07 10:57</PriceUpdateDate>
      <ItemCode>7290000493183</ItemCode>
      <ItemType>1</ItemType>
      <ItemName>רוטב פטריות אסם (30 גרם)</ItemName>
      <ManufactureName>קבוצת אסם סחר שות. מוגבלת</ManufactureName>
      <ManufactureCountry />
      <ManufactureItemDescription />
      <UnitQty>יח`</UnitQty>
      <Quantity>0.30</Quantity>
      <UnitMeasure>100 גרם</UnitMeasure>
      <BisWeighted>0</BisWeighted>
      <QtyInPackage>1</QtyInPackage>
      <ItemPrice>4.90</ItemPrice>
      <UnitOfMeasurePrice>16.33</UnitOfMeasurePrice>
      <AllowDiscount>0</AllowDiscount>
      <itemStatus>1</itemStatus>
      <LastUpdateDate />
      <LastUpdateTime />
    </Product>
    <Product>
      <PriceUpdateDate>2018/04/24 09:35</PriceUpdateDate>
      <ItemCode>7290000497198</ItemCode>
      <ItemType>1</ItemType>
      <ItemName>פיתות אסלי ברמן) (10</ItemName>
      <ManufactureName>י.את א. ברמן בעמ</ManufactureName>
      <ManufactureCountry />
      <ManufactureItemDescription />
      <UnitQty>יח`</UnitQty>
      <Quantity>10</Quantity>
      <UnitMeasure>100 גרם</UnitMeasure>
      <BisWeighted>0</BisWeighted>
      <QtyInPackage>1</QtyInPackage>
      <ItemPrice>9.90</ItemPrice>
      <UnitOfMeasurePrice>0.99</UnitOfMeasurePrice>
      <AllowDiscount>0</AllowDiscount>
      <itemStatus>1</itemStatus>
      <LastUpdateDate />
      <LastUpdateTime />
    </Product>
    <Product>
      <PriceUpdateDate>2018/04/24 11:26</PriceUpdateDate>
      <ItemCode>7290000497228</ItemCode>
      <ItemType>1</ItemType>
      <ItemName>לחמניות שישייה</ItemName>
      <ManufactureName>י.את א. ברמן בעמ</ManufactureName>
      <ManufactureCountry />
      <ManufactureItemDescription />
      <UnitQty>יח`</UnitQty>
      <Quantity>4.50</Quantity>
      <UnitMeasure>100 גרם</UnitMeasure>
      <BisWeighted>0</BisWeighted>
      <QtyInPackage>1</QtyInPackage>
      <ItemPrice>7.90</ItemPrice>
      <UnitOfMeasurePrice>1.76</UnitOfMeasurePrice>
      <AllowDiscount>0</AllowDiscount>
      <itemStatus>1</itemStatus>
      <LastUpdateDate />
      <LastUpdateTime />
    </Product>
    <Product>
      <PriceUpdateDate>2018/04/24 12:46</PriceUpdateDate>
      <ItemCode>7290000497273</ItemCode>
      <ItemType>1</ItemType>
      <ItemName>לחמניות אקטיב ברמן</ItemName>
      <ManufactureName>י.את א. ברמן בעמ</ManufactureName>
      <ManufactureCountry />
      <ManufactureItemDescription />
      <UnitQty>יח`</UnitQty>
      <Quantity>4.50</Quantity>
      <UnitMeasure>100 גרם</UnitMeasure>
      <BisWeighted>0</BisWeighted>
      <QtyInPackage>1</QtyInPackage>
      <ItemPrice>11.90</ItemPrice>
      <UnitOfMeasurePrice>2.64</UnitOfMeasurePrice>
      <AllowDiscount>1</AllowDiscount>
      <itemStatus>1</itemStatus>
      <LastUpdateDate />
      <LastUpdateTime />
    </Product>
    <Product>
      <PriceUpdateDate>2018/04/24 09:37</PriceUpdateDate>
      <ItemCode>7290000497570</ItemCode>
      <ItemType>1</ItemType>
      <ItemName>דגני קלות פרוס ברמן (500 גרם)</ItemName>
      <ManufactureName>י.את א. ברמן בעמ</ManufactureName>
      <ManufactureCountry />
      <ManufactureItemDescription />
      <UnitQty>יח`</UnitQty>
      <Quantity>5</Quantity>
      <UnitMeasure>100 גרם</UnitMeasure>
      <BisWeighted>0</BisWeighted>
      <QtyInPackage>1</QtyInPackage>
      <ItemPrice>12.90</ItemPrice>
      <UnitOfMeasurePrice>2.58</UnitOfMeasurePrice>
      <AllowDiscount>0</AllowDiscount>
      <itemStatus>1</itemStatus>
      <LastUpdateDate />
      <LastUpdateTime />
    </Product>
    <Product>
      <PriceUpdateDate>2019/03/24 20:17</PriceUpdateDate>
      <ItemCode>7290000498126</ItemCode>
      <ItemType>1</ItemType>
      <ItemName>לחמניה רגילה</ItemName>
      <ManufactureName>י.את א. ברמן בעמ</ManufactureName>
      <ManufactureCountry />
      <ManufactureItemDescription />
      <UnitQty>יח`</UnitQty>
      <Quantity>0.75</Quantity>
      <UnitMeasure>100 גרם</UnitMeasure>
      <BisWeighted>0</BisWeighted>
      <QtyInPackage>1</QtyInPackage>
      <ItemPrice>1.90</ItemPrice>
      <UnitOfMeasurePrice>2.53</UnitOfMeasurePrice>
      <AllowDiscount>0</AllowDiscount>
      <itemStatus>1</itemStatus>
      <LastUpdateDate />
      <LastUpdateTime />
    </Product>
    <Product>
      <PriceUpdateDate>2018/08/17 13:34</PriceUpdateDate>
      <ItemCode>7290000498256</ItemCode>
      <ItemType>1</ItemType>
      <ItemName>10 לחמניות בשקית ברמן</ItemName>
      <ManufactureName>י.את א. ברמן בעמ</ManufactureName>
      <ManufactureCountry />
      <ManufactureItemDescription />
      <UnitQty>יח`</UnitQty>
      <Quantity>7.50</Quantity>
      <UnitMeasure>100 גרם</UnitMeasure>
      <BisWeighted>0</BisWeighted>
      <QtyInPackage>1</QtyInPackage>
      <ItemPrice>9.90</ItemPrice>
      <UnitOfMeasurePrice>1.32</UnitOfMeasurePrice>
      <AllowDiscount>0</AllowDiscount>
      <itemStatus>1</itemStatus>
      <LastUpdateDate />
      <LastUpdateTime />
    </Product>
    <Product>
      <PriceUpdateDate>2018/05/28 14:16</PriceUpdateDate>
      <ItemCode>7290000498362</ItemCode>
      <ItemType>1</ItemType>
      <ItemName>לחם לבן אחיד פיקוח מוביל</ItemName>
      <ManufactureName>י.את א. ברמן בעמ</ManufactureName>
      <ManufactureCountry />
      <ManufactureItemDescription />
      <UnitQty>יח`</UnitQty>
      <Quantity>7.50</Quantity>
      <UnitMeasure>100 גרם</UnitMeasure>
      <BisWeighted>0</BisWeighted>
      <QtyInPackage>1</QtyInPackage>
      <ItemPrice>4.85</ItemPrice>
      <UnitOfMeasurePrice>0.65</UnitOfMeasurePrice>
      <AllowDiscount>0</AllowDiscount>
      <itemStatus>1</itemStatus>
      <LastUpdateDate />
      <LastUpdateTime />
    </Product>
    <Product>
      <PriceUpdateDate>2019/02/04 09:25</PriceUpdateDate>
      <ItemCode>7290000498393</ItemCode>
      <ItemType>1</ItemType>
      <ItemName>חלה רגילה (500 גרם) פיקוח</ItemName>
      <ManufactureName>י.את א. ברמן בעמ</ManufactureName>
      <ManufactureCountry />
      <ManufactureItemDescription />
      <UnitQty>יח`</UnitQty>
      <Quantity>5</Quantity>
      <UnitMeasure>100 גרם</UnitMeasure>
      <BisWeighted>0</BisWeighted>
      <QtyInPackage>1</QtyInPackage>
      <ItemPrice>4.45</ItemPrice>
      <UnitOfMeasurePrice>0.89</UnitOfMeasurePrice>
      <AllowDiscount>0</AllowDiscount>
      <itemStatus>1</itemStatus>
      <LastUpdateDate />
      <LastUpdateTime />
    </Product>
    <Product>
      <PriceUpdateDate>2018/04/24 09:28</PriceUpdateDate>
      <ItemCode>7290000498409</ItemCode>
      <ItemType>1</ItemType>
      <ItemName>חלה מתוקה</ItemName>
      <ManufactureName>י.את א. ברמן בעמ</ManufactureName>
      <ManufactureCountry />
      <ManufactureItemDescription />
      <UnitQty>יח`</UnitQty>
      <Quantity>5</Quantity>
      <UnitMeasure>100 גרם</UnitMeasure>
      <BisWeighted>0</BisWeighted>
      <QtyInPackage>1</QtyInPackage>
      <ItemPrice>8.90</ItemPrice>
      <UnitOfMeasurePrice>1.78</UnitOfMeasurePrice>
      <AllowDiscount>0</AllowDiscount>
      <itemStatus>1</itemStatus>
      <LastUpdateDate />
      <LastUpdateTime />
    </Product>
    <Product>
      <PriceUpdateDate>2018/04/24 09:47</PriceUpdateDate>
      <ItemCode>7290000504209</ItemCode>
      <ItemType>1</ItemType>
      <ItemName>סוכרזית דיאט טיפ נוזל</ItemName>
      <ManufactureName>שטראוס גרופ בעמ</ManufactureName>
      <ManufactureCountry />
      <ManufactureItemDescription />
      <UnitQty>יח`</UnitQty>
      <Quantity>2.20</Quantity>
      <UnitMeasure>100 מ"ל</UnitMeasure>
      <BisWeighted>0</BisWeighted>
      <QtyInPackage>1</QtyInPackage>
      <ItemPrice>18.90</ItemPrice>
      <UnitOfMeasurePrice>8.59</UnitOfMeasurePrice>
      <AllowDiscount>0</AllowDiscount>
      <itemStatus>1</itemStatus>
      <LastUpdateDate />
      <LastUpdateTime />
    </Product>
    <Product>
      <PriceUpdateDate>2018/08/01 13:52</PriceUpdateDate>
      <ItemCode>7290000521008</ItemCode>
      <ItemType>1</ItemType>
      <ItemName>יין אדום יבש של סגל (750 מל)</ItemName>
      <ManufactureName>טמפו משקאות בעמ</ManufactureName>
      <ManufactureCountry />
      <ManufactureItemDescription />
      <UnitQty>יח`</UnitQty>
      <Quantity>7.50</Quantity>
      <UnitMeasure>100 מ"ל</UnitMeasure>
      <BisWeighted>0</BisWeighted>
      <QtyInPackage>1</QtyInPackage>
      <ItemPrice>21</ItemPrice>
      <UnitOfMeasurePrice>2.76</UnitOfMeasurePrice>
      <AllowDiscount>1</AllowDiscount>
      <itemStatus>1</itemStatus>
      <LastUpdateDate />
      <LastUpdateTime />
    </Product>
    <Product>
      <PriceUpdateDate>2018/09/09 10:27</PriceUpdateDate>
      <ItemCode>7290000521015</ItemCode>
      <ItemType>1</ItemType>
      <ItemName>יין לבן יבש של סגל (750 מל)</ItemName>
      <ManufactureName>טמפו משקאות בעמ</ManufactureName>
      <ManufactureCountry />
      <ManufactureItemDescription />
      <UnitQty>יח`</UnitQty>
      <Quantity>7.50</Quantity>
      <UnitMeasure>100 מ"ל</UnitMeasure>
      <BisWeighted>0</BisWeighted>
      <QtyInPackage>1</QtyInPackage>
      <ItemPrice>21</ItemPrice>
      <UnitOfMeasurePrice>2.76</UnitOfMeasurePrice>
      <AllowDiscount>1</AllowDiscount>
      <itemStatus>1</itemStatus>
      <LastUpdateDate />
      <LastUpdateTime />
    </Product>
    <Product>
      <PriceUpdateDate>2018/04/24 09:24</PriceUpdateDate>
      <ItemCode>7290000521350</ItemCode>
      <ItemType>1</ItemType>
      <ItemName>קברנה סוביניון של סגל (750 מל)</ItemName>
      <ManufactureName>טמפו משקאות בעמ</ManufactureName>
      <ManufactureCountry />
      <ManufactureItemDescription />
      <UnitQty>יח`</UnitQty>
      <Quantity>7.50</Quantity>
      <UnitMeasure>100 מ"ל</UnitMeasure>
      <BisWeighted>0</BisWeighted>
      <QtyInPackage>1</QtyInPackage>
      <ItemPrice>25</ItemPrice>
      <UnitOfMeasurePrice>3.29</UnitOfMeasurePrice>
      <AllowDiscount>0</AllowDiscount>
      <itemStatus>1</itemStatus>
      <LastUpdateDate />
      <LastUpdateTime />
    </Product>
    <Product>
      <PriceUpdateDate>2018/04/24 09:24</PriceUpdateDate>
      <ItemCode>7290000521367</ItemCode>
      <ItemType>1</ItemType>
      <ItemName>זני של סגל מרלו סגל (750 מל)</ItemName>
      <ManufactureName>טמפו משקאות בעמ</ManufactureName>
      <ManufactureCountry />
      <ManufactureItemDescription />
      <UnitQty>יח`</UnitQty>
      <Quantity>7.50</Quantity>
      <UnitMeasure>100 מ"ל</UnitMeasure>
      <BisWeighted>0</BisWeighted>
      <QtyInPackage>1</QtyInPackage>
      <ItemPrice>25</ItemPrice>
      <UnitOfMeasurePrice>3.29</UnitOfMeasurePrice>
      <AllowDiscount>0</AllowDiscount>
      <itemStatus>1</itemStatus>
      <LastUpdateDate />
      <LastUpdateTime />
    </Product>
    <Product>
      <PriceUpdateDate>2018/04/24 11:31</PriceUpdateDate>
      <ItemCode>7290000521404</ItemCode>
      <ItemType>1</ItemType>
      <ItemName>מרום גליל סינגל קברנה סובניון 750 מל</ItemName>
      <ManufactureName>טמפו משקאות בעמ</ManufactureName>
      <ManufactureCountry />
      <ManufactureItemDescription />
      <UnitQty>יח`</UnitQty>
      <Quantity>7.50</Quantity>
      <UnitMeasure>100 מ"ל</UnitMeasure>
      <BisWeighted>0</BisWeighted>
      <QtyInPackage>1</QtyInPackage>
      <ItemPrice>39.90</ItemPrice>
      <UnitOfMeasurePrice>5.28</UnitOfMeasurePrice>
      <AllowDiscount>1</AllowDiscount>
      <itemStatus>1</itemStatus>
      <LastUpdateDate />
      <LastUpdateTime />
    </Product>
    <Product>
      <PriceUpdateDate>2018/04/24 10:49</PriceUpdateDate>
      <ItemCode>7290000521411</ItemCode>
      <ItemType>1</ItemType>
      <ItemName>מרום גליל סינגל מרלו 750מל</ItemName>
      <ManufactureName>טמפו משקאות בעמ</ManufactureName>
      <ManufactureCountry />
      <ManufactureItemDescription />
      <UnitQty>יח`</UnitQty>
      <Quantity>7.50</Quantity>
      <UnitMeasure>100 מ"ל</UnitMeasure>
      <BisWeighted>0</BisWeighted>
      <QtyInPackage>1</QtyInPackage>
      <ItemPrice>39.90</ItemPrice>
      <UnitOfMeasurePrice>5.28</UnitOfMeasurePrice>
      <AllowDiscount>1</AllowDiscount>
      <itemStatus>1</itemStatus>
      <LastUpdateDate />
      <LastUpdateTime />
    </Product>
    <Product>
      <PriceUpdateDate>2018/07/25 08:50</PriceUpdateDate>
      <ItemCode>7290000523125</ItemCode>
      <ItemType>1</ItemType>
      <ItemName>מלח ים יבש מלח הארץ (250 גרם)</ItemName>
      <ManufactureName>תה ויסוצקי (ישראל) בעמ</ManufactureName>
      <ManufactureCountry />
      <ManufactureItemDescription />
      <UnitQty>יח`</UnitQty>
      <Quantity>2</Quantity>
      <UnitMeasure>100 גרם</UnitMeasure>
      <BisWeighted>0</BisWeighted>
      <QtyInPackage>1</QtyInPackage>
      <ItemPrice>5.90</ItemPrice>
      <UnitOfMeasurePrice>2.95</UnitOfMeasurePrice>
      <AllowDiscount>0</AllowDiscount>
      <itemStatus>1</itemStatus>
      <LastUpdateDate />
      <LastUpdateTime />
    </Product>
    <Product>
      <PriceUpdateDate>2018/07/08 11:12</PriceUpdateDate>
      <ItemCode>7290000523224</ItemCode>
      <ItemType>1</ItemType>
      <ItemName>מלח ים יבש מלח הארץ (500 גרם)</ItemName>
      <ManufactureName>תה ויסוצקי (ישראל) בעמ</ManufactureName>
      <ManufactureCountry />
      <ManufactureItemDescription />
      <UnitQty>יח`</UnitQty>
      <Quantity>5</Quantity>
      <UnitMeasure>100 גרם</UnitMeasure>
      <BisWeighted>0</BisWeighted>
      <QtyInPackage>1</QtyInPackage>
      <ItemPrice>7.90</ItemPrice>
      <UnitOfMeasurePrice>1.58</UnitOfMeasurePrice>
      <AllowDiscount>0</AllowDiscount>
      <itemStatus>1</itemStatus>
      <LastUpdateDate />
      <LastUpdateTime />
    </Product>
    <Product>
      <PriceUpdateDate>2019/03/04 07:27</PriceUpdateDate>
      <ItemCode>7290000523514</ItemCode>
      <ItemType>1</ItemType>
      <ItemName>מלח ים יבש מופחת נתרן מלח הארץ (250 גרם)</ItemName>
      <ManufactureName>תה ויסוצקי (ישראל) בעמ</ManufactureName>
      <ManufactureCountry />
      <ManufactureItemDescription />
      <UnitQty>יח`</UnitQty>
      <Quantity>2</Quantity>
      <UnitMeasure>100 גרם</UnitMeasure>
      <BisWeighted>0</BisWeighted>
      <QtyInPackage>1</QtyInPackage>
      <ItemPrice>10.50</ItemPrice>
      <UnitOfMeasurePrice>5.25</UnitOfMeasurePrice>
      <AllowDiscount>0</AllowDiscount>
      <itemStatus>1</itemStatus>
      <LastUpdateDate />
      <LastUpdateTime />
    </Product>
    <Product>
      <PriceUpdateDate>2019/03/04 07:27</PriceUpdateDate>
      <ItemCode>7290000523521</ItemCode>
      <ItemType>1</ItemType>
      <ItemName>מלח הארץ מועשר ביוד 250 גר`</ItemName>
      <ManufactureName>תה ויסוצקי (ישראל) בעמ</ManufactureName>
      <ManufactureCountry />
      <ManufactureItemDescription />
      <UnitQty>יח`</UnitQty>
      <Quantity>2</Quantity>
      <UnitMeasure>100 גרם</UnitMeasure>
      <BisWeighted>0</BisWeighted>
      <QtyInPackage>1</QtyInPackage>
      <ItemPrice>5.90</ItemPrice>
      <UnitOfMeasurePrice>2.95</UnitOfMeasurePrice>
      <AllowDiscount>0</AllowDiscount>
      <itemStatus>1</itemStatus>
      <LastUpdateDate />
      <LastUpdateTime />
    </Product>
    <Product>
      <PriceUpdateDate>2019/03/04 07:27</PriceUpdateDate>
      <ItemCode>7290000523804</ItemCode>
      <ItemType>1</ItemType>
      <ItemName>מלח עדין מלח הארץ (1 קג)</ItemName>
      <ManufactureName>תה ויסוצקי (ישראל) בעמ</ManufactureName>
      <ManufactureCountry />
      <ManufactureItemDescription />
      <UnitQty>יח`</UnitQty>
      <Quantity>1</Quantity>
      <UnitMeasure>ק"ג</UnitMeasure>
      <BisWeighted>0</BisWeighted>
      <QtyInPackage>1</QtyInPackage>
      <ItemPrice>7.20</ItemPrice>
      <UnitOfMeasurePrice>7.20</UnitOfMeasurePrice>
      <AllowDiscount>0</AllowDiscount>
      <itemStatus>1</itemStatus>
      <LastUpdateDate />
      <LastUpdateTime />
    </Product>
    <Product>
      <PriceUpdateDate>2019/03/04 07:27</PriceUpdateDate>
      <ItemCode>7290000523811</ItemCode>
      <ItemType>1</ItemType>
      <ItemName>מלח גס מלח הארץ (1 קג)</ItemName>
      <ManufactureName>תה ויסוצקי (ישראל) בעמ</ManufactureName>
      <ManufactureCountry />
      <ManufactureItemDescription />
      <UnitQty>יח`</UnitQty>
      <Quantity>1</Quantity>
      <UnitMeasure>ק"ג</UnitMeasure>
      <BisWeighted>0</BisWeighted>
      <QtyInPackage>1</QtyInPackage>
      <ItemPrice>7.50</ItemPrice>
      <UnitOfMeasurePrice>7.50</UnitOfMeasurePrice>
      <AllowDiscount>0</AllowDiscount>
      <itemStatus>1</itemStatus>
      <LastUpdateDate />
      <LastUpdateTime />
    </Product>
    <Product>
      <PriceUpdateDate>2018/04/24 11:18</PriceUpdateDate>
      <ItemCode>7290000524122</ItemCode>
      <ItemType>1</ItemType>
      <ItemName>עוגיות מלוחות המותג (600 גרם)</ItemName>
      <ManufactureName>שיבולים מוצרי מאפה - המותג</ManufactureName>
      <ManufactureCountry />
      <ManufactureItemDescription />
      <UnitQty>יח`</UnitQty>
      <Quantity>6</Quantity>
      <UnitMeasure>100 גרם</UnitMeasure>
      <BisWeighted>0</BisWeighted>
      <QtyInPackage>1</QtyInPackage>
      <ItemPrice>11.90</ItemPrice>
      <UnitOfMeasurePrice>1.98</UnitOfMeasurePrice>
      <AllowDiscount>0</AllowDiscount>
      <itemStatus>1</itemStatus>
      <LastUpdateDate />
      <LastUpdateTime />
    </Product>
    <Product>
      <PriceUpdateDate>2019/01/07 10:57</PriceUpdateDate>
      <ItemCode>7290000525969</ItemCode>
      <ItemType>1</ItemType>
      <ItemName>מיץ תפוזים סחוט טבעי פרימור (1 ליטר)</ItemName>
      <ManufactureName>שטראוס גרופ בעמ/מצונן</ManufactureName>
      <ManufactureCountry />
      <ManufactureItemDescription />
      <UnitQty>יח`</UnitQty>
      <Quantity>1</Quantity>
      <UnitMeasure>1 ליטר</UnitMeasure>
      <BisWeighted>0</BisWeighted>
      <QtyInPackage>1</QtyInPackage>
      <ItemPrice>16.20</ItemPrice>
      <UnitOfMeasurePrice>16.20</UnitOfMeasurePrice>
      <AllowDiscount>0</AllowDiscount>
      <itemStatus>1</itemStatus>
      <LastUpdateDate />
      <LastUpdateTime />
    </Product>
    <Product>
      <PriceUpdateDate>2018/07/08 11:12</PriceUpdateDate>
      <ItemCode>7290000530086</ItemCode>
      <ItemType>1</ItemType>
      <ItemName>נקניק סלמי מעושן 7000 זוגלובק (600 גרם)</ItemName>
      <ManufactureName>זוגלובק שיווק בעמ</ManufactureName>
      <ManufactureCountry />
      <ManufactureItemDescription />
      <UnitQty>יח`</UnitQty>
      <Quantity>8</Quantity>
      <UnitMeasure>100 גרם</UnitMeasure>
      <BisWeighted>0</BisWeighted>
      <QtyInPackage>1</QtyInPackage>
      <ItemPrice>34.90</ItemPrice>
      <UnitOfMeasurePrice>4.36</UnitOfMeasurePrice>
      <AllowDiscount>0</AllowDiscount>
      <itemStatus>1</itemStatus>
      <LastUpdateDate />
      <LastUpdateTime />
    </Product>
    <Product>
      <PriceUpdateDate>2018/07/08 11:12</PriceUpdateDate>
      <ItemCode>7290000530116</ItemCode>
      <ItemType>1</ItemType>
      <ItemName>נקניק סלמי בשן זוגלובק (470 גרם)</ItemName>
      <ManufactureName>זוגלובק שיווק בעמ</ManufactureName>
      <ManufactureCountry />
      <ManufactureItemDescription />
      <UnitQty>יח`</UnitQty>
      <Quantity>7</Quantity>
      <UnitMeasure>100 גרם</UnitMeasure>
      <BisWeighted>0</BisWeighted>
      <QtyInPackage>1</QtyInPackage>
      <ItemPrice>28.90</ItemPrice>
      <UnitOfMeasurePrice>4.13</UnitOfMeasurePrice>
      <AllowDiscount>0</AllowDiscount>
      <itemStatus>1</itemStatus>
      <LastUpdateDate />
      <LastUpdateTime />
    </Product>
    <Product>
      <PriceUpdateDate>2018/08/01 13:48</PriceUpdateDate>
      <ItemCode>7290000530413</ItemCode>
      <ItemType>1</ItemType>
      <ItemName>המבורגר זהב</ItemName>
      <ManufactureName>זוגלובק שיווק בעמ</ManufactureName>
      <ManufactureCountry />
      <ManufactureItemDescription />
      <UnitQty>יח`</UnitQty>
      <Quantity>4</Quantity>
      <UnitMeasure>100 גרם</UnitMeasure>
      <BisWeighted>0</BisWeighted>
      <QtyInPackage>1</QtyInPackage>
      <ItemPrice>19.90</ItemPrice>
      <UnitOfMeasurePrice>4.98</UnitOfMeasurePrice>
      <AllowDiscount>0</AllowDiscount>
      <itemStatus>1</itemStatus>
      <LastUpdateDate />
      <LastUpdateTime />
    </Product>
    <Product>
      <PriceUpdateDate>2018/08/01 13:48</PriceUpdateDate>
      <ItemCode>7290000530703</ItemCode>
      <ItemType>1</ItemType>
      <ItemName>מארז פסטרמה חרמון+תה</ItemName>
      <ManufactureName>זוגלובק שיווק בעמ</ManufactureName>
      <ManufactureCountry />
      <ManufactureItemDescription />
      <UnitQty>יח`</UnitQty>
      <Quantity>8</Quantity>
      <UnitMeasure>100 גרם</UnitMeasure>
      <BisWeighted>0</BisWeighted>
      <QtyInPackage>1</QtyInPackage>
      <ItemPrice>33.90</ItemPrice>
      <UnitOfMeasurePrice>4.24</UnitOfMeasurePrice>
      <AllowDiscount>1</AllowDiscount>
      <itemStatus>1</itemStatus>
      <LastUpdateDate />
      <LastUpdateTime />
    </Product>
    <Product>
      <PriceUpdateDate>2018/07/08 11:12</PriceUpdateDate>
      <ItemCode>7290000531601</ItemCode>
      <ItemType>1</ItemType>
      <ItemName>סטייק בורגר</ItemName>
      <ManufactureName>זוגלובק שיווק בעמ</ManufactureName>
      <ManufactureCountry />
      <ManufactureItemDescription />
      <UnitQty>יח`</UnitQty>
      <Quantity>4</Quantity>
      <UnitMeasure>100 גרם</UnitMeasure>
      <BisWeighted>0</BisWeighted>
      <QtyInPackage>1</QtyInPackage>
      <ItemPrice>19.90</ItemPrice>
      <UnitOfMeasurePrice>4.98</UnitOfMeasurePrice>
      <AllowDiscount>0</AllowDiscount>
      <itemStatus>1</itemStatus>
      <LastUpdateDate />
      <LastUpdateTime />
    </Product>
    <Product>
      <PriceUpdateDate>2018/04/24 09:23</PriceUpdateDate>
      <ItemCode>7290000531977</ItemCode>
      <ItemType>1</ItemType>
      <ItemName>בורקס גבינה זוגלובק (16 יח` - 800 גרם)</ItemName>
      <ManufactureName>זוגלובק שיווק בעמ</ManufactureName>
      <ManufactureCountry />
      <ManufactureItemDescription />
      <UnitQty>יח`</UnitQty>
      <Quantity>8</Quantity>
      <UnitMeasure>100 גרם</UnitMeasure>
      <BisWeighted>0</BisWeighted>
      <QtyInPackage>1</QtyInPackage>
      <ItemPrice>19.90</ItemPrice>
      <UnitOfMeasurePrice>2.49</UnitOfMeasurePrice>
      <AllowDiscount>1</AllowDiscount>
      <itemStatus>1</itemStatus>
      <LastUpdateDate />
      <LastUpdateTime />
    </Product>
    <Product>
      <PriceUpdateDate>2018/08/01 13:48</PriceUpdateDate>
      <ItemCode>7290000533353</ItemCode>
      <ItemType>1</ItemType>
      <ItemName>בצק עלים זוגלובק</ItemName>
      <ManufactureName>זוגלובק שיווק בעמ</ManufactureName>
      <ManufactureCountry />
      <ManufactureItemDescription />
      <UnitQty>יח`</UnitQty>
      <Quantity>1</Quantity>
      <UnitMeasure>ק"ג</UnitMeasure>
      <BisWeighted>0</BisWeighted>
      <QtyInPackage>1</QtyInPackage>
      <ItemPrice>19.90</ItemPrice>
      <UnitOfMeasurePrice>19.90</UnitOfMeasurePrice>
      <AllowDiscount>1</AllowDiscount>
      <itemStatus>1</itemStatus>
      <LastUpdateDate />
      <LastUpdateTime />
    </Product>
    <Product>
      <PriceUpdateDate>2018/07/08 11:12</PriceUpdateDate>
      <ItemCode>7290000536743</ItemCode>
      <ItemType>1</ItemType>
      <ItemName>קריספי סטיקס תירס</ItemName>
      <ManufactureName>זוגלובק שיווק בעמ</ManufactureName>
      <ManufactureCountry />
      <ManufactureItemDescription />
      <UnitQty>יח`</UnitQty>
      <Quantity>5</Quantity>
      <UnitMeasure>100 גרם</UnitMeasure>
      <BisWeighted>0</BisWeighted>
      <QtyInPackage>1</QtyInPackage>
      <ItemPrice>19.90</ItemPrice>
      <UnitOfMeasurePrice>3.98</UnitOfMeasurePrice>
      <AllowDiscount>1</AllowDiscount>
      <itemStatus>1</itemStatus>
      <LastUpdateDate />
      <LastUpdateTime />
    </Product>
    <Product>
      <PriceUpdateDate>2018/04/24 09:23</PriceUpdateDate>
      <ItemCode>7290000537566</ItemCode>
      <ItemType>1</ItemType>
      <ItemName>נקניקיות עוף זוגלובק (400 גרם)</ItemName>
      <ManufactureName>זוגלובק שיווק בעמ</ManufactureName>
      <ManufactureCountry />
      <ManufactureItemDescription />
      <UnitQty>יח`</UnitQty>
      <Quantity>4</Quantity>
      <UnitMeasure>100 גרם</UnitMeasure>
      <BisWeighted>0</BisWeighted>
      <QtyInPackage>1</QtyInPackage>
      <ItemPrice>13.90</ItemPrice>
      <UnitOfMeasurePrice>3.48</UnitOfMeasurePrice>
      <AllowDiscount>1</AllowDiscount>
      <itemStatus>1</itemStatus>
      <LastUpdateDate />
      <LastUpdateTime />
    </Product>
    <Product>
      <PriceUpdateDate>2018/08/01 13:48</PriceUpdateDate>
      <ItemCode>7290000537603</ItemCode>
      <ItemType>1</ItemType>
      <ItemName>נקניקיות עוף זוגלובק (1 קג)</ItemName>
      <ManufactureName>זוגלובק שיווק בעמ</ManufactureName>
      <ManufactureCountry />
      <ManufactureItemDescription />
      <UnitQty>יח`</UnitQty>
      <Quantity>1</Quantity>
      <UnitMeasure>ק"ג</UnitMeasure>
      <BisWeighted>0</BisWeighted>
      <QtyInPackage>1</QtyInPackage>
      <ItemPrice>29.90</ItemPrice>
      <UnitOfMeasurePrice>29.90</UnitOfMeasurePrice>
      <AllowDiscount>1</AllowDiscount>
      <itemStatus>1</itemStatus>
      <LastUpdateDate />
      <LastUpdateTime />
    </Product>
    <Product>
      <PriceUpdateDate>2018/04/24 09:25</PriceUpdateDate>
      <ItemCode>7290000538709</ItemCode>
      <ItemType>1</ItemType>
      <ItemName>תה מעושן 200</ItemName>
      <ManufactureName>זוגלובק שיווק בעמ</ManufactureName>
      <ManufactureCountry />
      <ManufactureItemDescription />
      <UnitQty>יח`</UnitQty>
      <Quantity>2</Quantity>
      <UnitMeasure>100 גרם</UnitMeasure>
      <BisWeighted>0</BisWeighted>
      <QtyInPackage>1</QtyInPackage>
      <ItemPrice>14.90</ItemPrice>
      <UnitOfMeasurePrice>7.45</UnitOfMeasurePrice>
      <AllowDiscount>0</AllowDiscount>
      <itemStatus>1</itemStatus>
      <LastUpdateDate />
      <LastUpdateTime />
    </Product>
    <Product>
      <PriceUpdateDate>2018/07/08 11:12</PriceUpdateDate>
      <ItemCode>7290000552927</ItemCode>
      <ItemType>1</ItemType>
      <ItemName>בשר עוף קפוא טחון טיבון ויל (500 גרם)</ItemName>
      <ManufactureName>נטו מלינדה סחר בעמ</ManufactureName>
      <ManufactureCountry />
      <ManufactureItemDescription />
      <UnitQty>יח`</UnitQty>
      <Quantity>5</Quantity>
      <UnitMeasure>100 גרם</UnitMeasure>
      <BisWeighted>0</BisWeighted>
      <QtyInPackage>1</QtyInPackage>
      <ItemPrice>12.90</ItemPrice>
      <UnitOfMeasurePrice>2.58</UnitOfMeasurePrice>
      <AllowDiscount>1</AllowDiscount>
      <itemStatus>1</itemStatus>
      <LastUpdateDate />
      <LastUpdateTime />
    </Product>
    <Product>
      <PriceUpdateDate>2018/07/08 11:12</PriceUpdateDate>
      <ItemCode>7290000552934</ItemCode>
      <ItemType>1</ItemType>
      <ItemName>בשר הודו קפוא טחון טיבון ויל (500 גרם)</ItemName>
      <ManufactureName>נטו מלינדה סחר בעמ</ManufactureName>
      <ManufactureCountry />
      <ManufactureItemDescription />
      <UnitQty>יח`</UnitQty>
      <Quantity>5</Quantity>
      <UnitMeasure>100 גרם</UnitMeasure>
      <BisWeighted>0</BisWeighted>
      <QtyInPackage>1</QtyInPackage>
      <ItemPrice>12.90</ItemPrice>
      <UnitOfMeasurePrice>2.58</UnitOfMeasurePrice>
      <AllowDiscount>1</AllowDiscount>
      <itemStatus>1</itemStatus>
      <LastUpdateDate />
      <LastUpdateTime />
    </Product>
    <Product>
      <PriceUpdateDate>2018/07/25 08:51</PriceUpdateDate>
      <ItemCode>7290000552989</ItemCode>
      <ItemType>1</ItemType>
      <ItemName>בשר טחון-טיבון</ItemName>
      <ManufactureName>נטו מלינדה סחר בעמ</ManufactureName>
      <ManufactureCountry />
      <ManufactureItemDescription />
      <UnitQty>יח`</UnitQty>
      <Quantity>5</Quantity>
      <UnitMeasure>100 גרם</UnitMeasure>
      <BisWeighted>0</BisWeighted>
      <QtyInPackage>1</QtyInPackage>
      <ItemPrice>26.90</ItemPrice>
      <UnitOfMeasurePrice>5.38</UnitOfMeasurePrice>
      <AllowDiscount>0</AllowDiscount>
      <itemStatus>1</itemStatus>
      <LastUpdateDate />
      <LastUpdateTime />
    </Product>
    <Product>
      <PriceUpdateDate>2019/01/07 10:57</PriceUpdateDate>
      <ItemCode>7290000554402</ItemCode>
      <ItemType>1</ItemType>
      <ItemName>מעדן חלב מלבי גד (160 גרם)</ItemName>
      <ManufactureName>מחלבות גד שיווק 1992 בעמ</ManufactureName>
      <ManufactureCountry />
      <ManufactureItemDescription />
      <UnitQty>יח`</UnitQty>
      <Quantity>1.60</Quantity>
      <UnitMeasure>100 מ"ל</UnitMeasure>
      <BisWeighted>0</BisWeighted>
      <QtyInPackage>1</QtyInPackage>
      <ItemPrice>5.60</ItemPrice>
      <UnitOfMeasurePrice>3.50</UnitOfMeasurePrice>
      <AllowDiscount>0</AllowDiscount>
      <itemStatus>1</itemStatus>
      <LastUpdateDate />
      <LastUpdateTime />
    </Product>
    <Product>
      <PriceUpdateDate>2019/04/03 10:04</PriceUpdateDate>
      <ItemCode>7290000554457</ItemCode>
      <ItemType>1</ItemType>
      <ItemName>גבינה צפתית 5% גד (350 גרם)</ItemName>
      <ManufactureName>מחלבות גד שיווק 1992 בעמ</ManufactureName>
      <ManufactureCountry />
      <ManufactureItemDescription />
      <UnitQty>יח`</UnitQty>
      <Quantity>3.50</Quantity>
      <UnitMeasure>100 גרם</UnitMeasure>
      <BisWeighted>0</BisWeighted>
      <QtyInPackage>1</QtyInPackage>
      <ItemPrice>21.90</ItemPrice>
      <UnitOfMeasurePrice>6.26</UnitOfMeasurePrice>
      <AllowDiscount>0</AllowDiscount>
      <itemStatus>1</itemStatus>
      <LastUpdateDate />
      <LastUpdateTime />
    </Product>
    <Product>
      <PriceUpdateDate>2018/09/06 11:46</PriceUpdateDate>
      <ItemCode>7290000554471</ItemCode>
      <ItemType>1</ItemType>
      <ItemName>גבינה מוצרלה 22% גד (180 גרם)</ItemName>
      <ManufactureName>מחלבות גד שיווק 1992 בעמ</ManufactureName>
      <ManufactureCountry />
      <ManufactureItemDescription />
      <UnitQty>יח`</UnitQty>
      <Quantity>1.80</Quantity>
      <UnitMeasure>100 גרם</UnitMeasure>
      <BisWeighted>0</BisWeighted>
      <QtyInPackage>1</QtyInPackage>
      <ItemPrice>16.90</ItemPrice>
      <UnitOfMeasurePrice>9.39</UnitOfMeasurePrice>
      <AllowDiscount>0</AllowDiscount>
      <itemStatus>1</itemStatus>
      <LastUpdateDate />
      <LastUpdateTime />
    </Product>
    <Product>
      <PriceUpdateDate>2018/04/24 10:33</PriceUpdateDate>
      <ItemCode>7290000554532</ItemCode>
      <ItemType>1</ItemType>
      <ItemName>גבינה צפתית מעודנת 5% גד (200 גרם)</ItemName>
      <ManufactureName>מחלבות גד שיווק 1992 בעמ</ManufactureName>
      <ManufactureCountry />
      <ManufactureItemDescription />
      <UnitQty>יח`</UnitQty>
      <Quantity>2</Quantity>
      <UnitMeasure>100 גרם</UnitMeasure>
      <BisWeighted>0</BisWeighted>
      <QtyInPackage>1</QtyInPackage>
      <ItemPrice>14.90</ItemPrice>
      <UnitOfMeasurePrice>7.45</UnitOfMeasurePrice>
      <AllowDiscount>0</AllowDiscount>
      <itemStatus>1</itemStatus>
      <LastUpdateDate />
      <LastUpdateTime />
    </Product>
    <Product>
      <PriceUpdateDate>2019/01/30 09:36</PriceUpdateDate>
      <ItemCode>7290000554600</ItemCode>
      <ItemType>1</ItemType>
      <ItemName>מוצרלה מגורדת 22% גד (300 גרם)</ItemName>
      <ManufactureName>מחלבות גד שיווק 1992 בעמ</ManufactureName>
      <ManufactureCountry />
      <ManufactureItemDescription />
      <UnitQty>יח`</UnitQty>
      <Quantity>3</Quantity>
      <UnitMeasure>100 גרם</UnitMeasure>
      <BisWeighted>0</BisWeighted>
      <QtyInPackage>1</QtyInPackage>
      <ItemPrice>24.50</ItemPrice>
      <UnitOfMeasurePrice>8.17</UnitOfMeasurePrice>
      <AllowDiscount>0</AllowDiscount>
      <itemStatus>1</itemStatus>
      <LastUpdateDate />
      <LastUpdateTime />
    </Product>
    <Product>
      <PriceUpdateDate>2018/10/21 12:50</PriceUpdateDate>
      <ItemCode>7290000554624</ItemCode>
      <ItemType>1</ItemType>
      <ItemName>ירח מתוק-גד</ItemName>
      <ManufactureName>מחלבות גד שיווק 1992 בעמ</ManufactureName>
      <ManufactureCountry />
      <ManufactureItemDescription />
      <UnitQty>יח`</UnitQty>
      <Quantity>1.50</Quantity>
      <UnitMeasure>100 מ"ל</UnitMeasure>
      <BisWeighted>0</BisWeighted>
      <QtyInPackage>1</QtyInPackage>
      <ItemPrice>5.60</ItemPrice>
      <UnitOfMeasurePrice>3.73</UnitOfMeasurePrice>
      <AllowDiscount>0</AllowDiscount>
      <itemStatus>1</itemStatus>
      <LastUpdateDate />
      <LastUpdateTime />
    </Product>
    <Product>
      <PriceUpdateDate>2018/04/24 10:33</PriceUpdateDate>
      <ItemCode>7290000554686</ItemCode>
      <ItemType>1</ItemType>
      <ItemName>לבנה בשמן זית-גד - מדף</ItemName>
      <ManufactureName>מחלבות גד שיווק 1992 בעמ</ManufactureName>
      <ManufactureCountry />
      <ManufactureItemDescription />
      <UnitQty>יח`</UnitQty>
      <Quantity>2.50</Quantity>
      <UnitMeasure>100 גרם</UnitMeasure>
      <BisWeighted>0</BisWeighted>
      <QtyInPackage>1</QtyInPackage>
      <ItemPrice>13.90</ItemPrice>
      <UnitOfMeasurePrice>5.56</UnitOfMeasurePrice>
      <AllowDiscount>0</AllowDiscount>
      <itemStatus>1</itemStatus>
      <LastUpdateDate />
      <LastUpdateTime />
    </Product>
    <Product>
      <PriceUpdateDate>2018/10/21 12:50</PriceUpdateDate>
      <ItemCode>7290000554822</ItemCode>
      <ItemType>1</ItemType>
      <ItemName>גבינת ריקוטה 5% גד (250 גרם)</ItemName>
      <ManufactureName>מחלבות גד שיווק 1992 בעמ</ManufactureName>
      <ManufactureCountry />
      <ManufactureItemDescription />
      <UnitQty>יח`</UnitQty>
      <Quantity>2.50</Quantity>
      <UnitMeasure>100 גרם</UnitMeasure>
      <BisWeighted>0</BisWeighted>
      <QtyInPackage>1</QtyInPackage>
      <ItemPrice>14.90</ItemPrice>
      <UnitOfMeasurePrice>5.96</UnitOfMeasurePrice>
      <AllowDiscount>0</AllowDiscount>
      <itemStatus>1</itemStatus>
      <LastUpdateDate />
      <LastUpdateTime />
    </Product>
    <Product>
      <PriceUpdateDate>2018/10/21 12:50</PriceUpdateDate>
      <ItemCode>7290000554839</ItemCode>
      <ItemType>1</ItemType>
      <ItemName>גבינת מסקרפונה 40% גד (250 גרם)</ItemName>
      <ManufactureName>מחלבות גד שיווק 1992 בעמ</ManufactureName>
      <ManufactureCountry />
      <ManufactureItemDescription />
      <UnitQty>יח`</UnitQty>
      <Quantity>2.50</Quantity>
      <UnitMeasure>100 גרם</UnitMeasure>
      <BisWeighted>0</BisWeighted>
      <QtyInPackage>1</QtyInPackage>
      <ItemPrice>21.90</ItemPrice>
      <UnitOfMeasurePrice>8.76</UnitOfMeasurePrice>
      <AllowDiscount>1</AllowDiscount>
      <itemStatus>1</itemStatus>
      <LastUpdateDate />
      <LastUpdateTime />
    </Product>
    <Product>
      <PriceUpdateDate>2018/07/25 08:52</PriceUpdateDate>
      <ItemCode>7290000560533</ItemCode>
      <ItemType>1</ItemType>
      <ItemName>אדג` ג`ל גילוח 200 מל ירוק</ItemName>
      <ManufactureName>דנשר (1963) בעמ</ManufactureName>
      <ManufactureCountry />
      <ManufactureItemDescription />
      <UnitQty>יח`</UnitQty>
      <Quantity>2</Quantity>
      <UnitMeasure>100 גרם</UnitMeasure>
      <BisWeighted>0</BisWeighted>
      <QtyInPackage>1</QtyInPackage>
      <ItemPrice>19.90</ItemPrice>
      <UnitOfMeasurePrice>9.95</UnitOfMeasurePrice>
      <AllowDiscount>1</AllowDiscount>
      <itemStatus>1</itemStatus>
      <LastUpdateDate />
      <LastUpdateTime />
    </Product>
    <Product>
      <PriceUpdateDate>2018/07/08 11:12</PriceUpdateDate>
      <ItemCode>7290000560540</ItemCode>
      <ItemType>1</ItemType>
      <ItemName>ג`ל גילוח לעור רגיש אדג` (198 גרם)</ItemName>
      <ManufactureName>דנשר (1963) בעמ</ManufactureName>
      <ManufactureCountry />
      <ManufactureItemDescription />
      <UnitQty>יח`</UnitQty>
      <Quantity>2</Quantity>
      <UnitMeasure>100 גרם</UnitMeasure>
      <BisWeighted>0</BisWeighted>
      <QtyInPackage>1</QtyInPackage>
      <ItemPrice>19.90</ItemPrice>
      <UnitOfMeasurePrice>9.95</UnitOfMeasurePrice>
      <AllowDiscount>1</AllowDiscount>
      <itemStatus>1</itemStatus>
      <LastUpdateDate />
      <LastUpdateTime />
    </Product>
    <Product>
      <PriceUpdateDate>2018/07/25 08:52</PriceUpdateDate>
      <ItemCode>7290000560861</ItemCode>
      <ItemType>1</ItemType>
      <ItemName>אדג` ג`ל לבן לניקוי עור הפנים</ItemName>
      <ManufactureName>דנשר (1963) בעמ</ManufactureName>
      <ManufactureCountry />
      <ManufactureItemDescription />
      <UnitQty>יח`</UnitQty>
      <Quantity>2</Quantity>
      <UnitMeasure>100 גרם</UnitMeasure>
      <BisWeighted>0</BisWeighted>
      <QtyInPackage>1</QtyInPackage>
      <ItemPrice>19.90</ItemPrice>
      <UnitOfMeasurePrice>9.95</UnitOfMeasurePrice>
      <AllowDiscount>1</AllowDiscount>
      <itemStatus>1</itemStatus>
      <LastUpdateDate />
      <LastUpdateTime />
    </Product>
    <Product>
      <PriceUpdateDate>2018/07/23 10:23</PriceUpdateDate>
      <ItemCode>7290000561097</ItemCode>
      <ItemType>1</ItemType>
      <ItemName>תערובת פיצוחים מובחרת 150 גר` פיצוחי חממ</ItemName>
      <ManufactureName>בוטנת בעמ</ManufactureName>
      <ManufactureCountry />
      <ManufactureItemDescription />
      <UnitQty>יח`</UnitQty>
      <Quantity>1.50</Quantity>
      <UnitMeasure>100 גרם</UnitMeasure>
      <BisWeighted>0</BisWeighted>
      <QtyInPackage>1</QtyInPackage>
      <ItemPrice>15.90</ItemPrice>
      <UnitOfMeasurePrice>10.60</UnitOfMeasurePrice>
      <AllowDiscount>1</AllowDiscount>
      <itemStatus>1</itemStatus>
      <LastUpdateDate />
      <LastUpdateTime />
    </Product>
    <Product>
      <PriceUpdateDate>2018/04/24 12:57</PriceUpdateDate>
      <ItemCode>7290000561141</ItemCode>
      <ItemType>1</ItemType>
      <ItemName>מיקס אגוזים טבעי 150גר</ItemName>
      <ManufactureName>בוטנת בעמ</ManufactureName>
      <ManufactureCountry />
      <ManufactureItemDescription />
      <UnitQty>יח`</UnitQty>
      <Quantity>1.50</Quantity>
      <UnitMeasure>100 גרם</UnitMeasure>
      <BisWeighted>0</BisWeighted>
      <QtyInPackage>1</QtyInPackage>
      <ItemPrice>19.90</ItemPrice>
      <UnitOfMeasurePrice>13.27</UnitOfMeasurePrice>
      <AllowDiscount>0</AllowDiscount>
      <itemStatus>1</itemStatus>
      <LastUpdateDate />
      <LastUpdateTime />
    </Product>
    <Product>
      <PriceUpdateDate>2018/04/24 12:57</PriceUpdateDate>
      <ItemCode>7290000561158</ItemCode>
      <ItemType>1</ItemType>
      <ItemName>תערובת אגוזים וחמוציות חממה (150 גרם)</ItemName>
      <ManufactureName>בוטנת בעמ</ManufactureName>
      <ManufactureCountry />
      <ManufactureItemDescription />
      <UnitQty>יח`</UnitQty>
      <Quantity>1.50</Quantity>
      <UnitMeasure>100 גרם</UnitMeasure>
      <BisWeighted>0</BisWeighted>
      <QtyInPackage>1</QtyInPackage>
      <ItemPrice>12.90</ItemPrice>
      <UnitOfMeasurePrice>8.60</UnitOfMeasurePrice>
      <AllowDiscount>1</AllowDiscount>
      <itemStatus>1</itemStatus>
      <LastUpdateDate />
      <LastUpdateTime />
    </Product>
    <Product>
      <PriceUpdateDate>2018/07/23 10:23</PriceUpdateDate>
      <ItemCode>7290000561189</ItemCode>
      <ItemType>1</ItemType>
      <ItemName>חמוציות 200 גר` פיצוחי חממה</ItemName>
      <ManufactureName>בוטנת בעמ</ManufactureName>
      <ManufactureCountry />
      <ManufactureItemDescription />
      <UnitQty>יח`</UnitQty>
      <Quantity>2</Quantity>
      <UnitMeasure>100 גרם</UnitMeasure>
      <BisWeighted>0</BisWeighted>
      <QtyInPackage>1</QtyInPackage>
      <ItemPrice>12.90</ItemPrice>
      <UnitOfMeasurePrice>6.45</UnitOfMeasurePrice>
      <AllowDiscount>0</AllowDiscount>
      <itemStatus>1</itemStatus>
      <LastUpdateDate />
      <LastUpdateTime />
    </Product>
    <Product>
      <PriceUpdateDate>2018/04/24 10:46</PriceUpdateDate>
      <ItemCode>7290000561202</ItemCode>
      <ItemType>1</ItemType>
      <ItemName>גרעין חמניה 200 גר` חממה</ItemName>
      <ManufactureName>בוטנת בעמ</ManufactureName>
      <ManufactureCountry />
      <ManufactureItemDescription />
      <UnitQty>יח`</UnitQty>
      <Quantity>2</Quantity>
      <UnitMeasure>100 גרם</UnitMeasure>
      <BisWeighted>0</BisWeighted>
      <QtyInPackage>1</QtyInPackage>
      <ItemPrice>5.90</ItemPrice>
      <UnitOfMeasurePrice>2.95</UnitOfMeasurePrice>
      <AllowDiscount>0</AllowDiscount>
      <itemStatus>1</itemStatus>
      <LastUpdateDate />
      <LastUpdateTime />
    </Product>
    <Product>
      <PriceUpdateDate>2018/04/24 10:46</PriceUpdateDate>
      <ItemCode>7290000561240</ItemCode>
      <ItemType>1</ItemType>
      <ItemName>גרעיני דלעת קלויים פיצוחי חממה (200 גרם)</ItemName>
      <ManufactureName>בוטנת בעמ</ManufactureName>
      <ManufactureCountry />
      <ManufactureItemDescription />
      <UnitQty>יח`</UnitQty>
      <Quantity>2</Quantity>
      <UnitMeasure>100 גרם</UnitMeasure>
      <BisWeighted>0</BisWeighted>
      <QtyInPackage>1</QtyInPackage>
      <ItemPrice>7.90</ItemPrice>
      <UnitOfMeasurePrice>3.95</UnitOfMeasurePrice>
      <AllowDiscount>0</AllowDiscount>
      <itemStatus>1</itemStatus>
      <LastUpdateDate />
      <LastUpdateTime />
    </Product>
    <Product>
      <PriceUpdateDate>2018/07/23 10:23</PriceUpdateDate>
      <ItemCode>7290000561257</ItemCode>
      <ItemType>1</ItemType>
      <ItemName>גרעין דלעת קלוף 100  גר`פיצוחי חממה</ItemName>
      <ManufactureName>בוטנת בעמ</ManufactureName>
      <ManufactureCountry />
      <ManufactureItemDescription />
      <UnitQty>יח`</UnitQty>
      <Quantity>1</Quantity>
      <UnitMeasure>100 גרם</UnitMeasure>
      <BisWeighted>0</BisWeighted>
      <QtyInPackage>1</QtyInPackage>
      <ItemPrice>5.90</ItemPrice>
      <UnitOfMeasurePrice>5.90</UnitOfMeasurePrice>
      <AllowDiscount>0</AllowDiscount>
      <itemStatus>1</itemStatus>
      <LastUpdateDate />
      <LastUpdateTime />
    </Product>
    <Product>
      <PriceUpdateDate>2018/07/23 10:23</PriceUpdateDate>
      <ItemCode>7290000561271</ItemCode>
      <ItemType>1</ItemType>
      <ItemName>צימוק בהיר 200 גר` פיצוחי חממה</ItemName>
      <ManufactureName>בוטנת בעמ</ManufactureName>
      <ManufactureCountry />
      <ManufactureItemDescription />
      <UnitQty>יח`</UnitQty>
      <Quantity>2</Quantity>
      <UnitMeasure>100 גרם</UnitMeasure>
      <BisWeighted>0</BisWeighted>
      <QtyInPackage>1</QtyInPackage>
      <ItemPrice>9.90</ItemPrice>
      <UnitOfMeasurePrice>4.95</UnitOfMeasurePrice>
      <AllowDiscount>0</AllowDiscount>
      <itemStatus>1</itemStatus>
      <LastUpdateDate />
      <LastUpdateTime />
    </Product>
    <Product>
      <PriceUpdateDate>2018/07/23 10:23</PriceUpdateDate>
      <ItemCode>7290000561288</ItemCode>
      <ItemType>1</ItemType>
      <ItemName>צימוק כהה 200 גר פיצוחי חממה</ItemName>
      <ManufactureName>בוטנת בעמ</ManufactureName>
      <ManufactureCountry />
      <ManufactureItemDescription />
      <UnitQty>יח`</UnitQty>
      <Quantity>2</Quantity>
      <UnitMeasure>100 גרם</UnitMeasure>
      <BisWeighted>0</BisWeighted>
      <QtyInPackage>1</QtyInPackage>
      <ItemPrice>9.90</ItemPrice>
      <UnitOfMeasurePrice>4.95</UnitOfMeasurePrice>
      <AllowDiscount>0</AllowDiscount>
      <itemStatus>1</itemStatus>
      <LastUpdateDate />
      <LastUpdateTime />
    </Product>
    <Product>
      <PriceUpdateDate>2018/07/23 10:23</PriceUpdateDate>
      <ItemCode>7290000561295</ItemCode>
      <ItemType>1</ItemType>
      <ItemName>חמוציות ברכז תפוחים 200  גר`פיצוחי חממה</ItemName>
      <ManufactureName>בוטנת בעמ</ManufactureName>
      <ManufactureCountry />
      <ManufactureItemDescription />
      <UnitQty>יח`</UnitQty>
      <Quantity>2</Quantity>
      <UnitMeasure>100 גרם</UnitMeasure>
      <BisWeighted>0</BisWeighted>
      <QtyInPackage>1</QtyInPackage>
      <ItemPrice>14.90</ItemPrice>
      <UnitOfMeasurePrice>7.45</UnitOfMeasurePrice>
      <AllowDiscount>0</AllowDiscount>
      <itemStatus>1</itemStatus>
      <LastUpdateDate />
      <LastUpdateTime />
    </Product>
    <Product>
      <PriceUpdateDate>2018/07/23 10:23</PriceUpdateDate>
      <ItemCode>7290000561318</ItemCode>
      <ItemType>1</ItemType>
      <ItemName>תמר אמרי 300  גר`פיצוחי חממה</ItemName>
      <ManufactureName>בוטנת בעמ</ManufactureName>
      <ManufactureCountry />
      <ManufactureItemDescription />
      <UnitQty>יח`</UnitQty>
      <Quantity>3</Quantity>
      <UnitMeasure>100 גרם</UnitMeasure>
      <BisWeighted>0</BisWeighted>
      <QtyInPackage>1</QtyInPackage>
      <ItemPrice>12.90</ItemPrice>
      <UnitOfMeasurePrice>4.30</UnitOfMeasurePrice>
      <AllowDiscount>0</AllowDiscount>
      <itemStatus>1</itemStatus>
      <LastUpdateDate />
      <LastUpdateTime />
    </Product>
    <Product>
      <PriceUpdateDate>2018/04/24 10:46</PriceUpdateDate>
      <ItemCode>7290000561363</ItemCode>
      <ItemType>1</ItemType>
      <ItemName>גרעין אבטיח 200 גר`</ItemName>
      <ManufactureName>בוטנת בעמ</ManufactureName>
      <ManufactureCountry />
      <ManufactureItemDescription />
      <UnitQty>יח`</UnitQty>
      <Quantity>2</Quantity>
      <UnitMeasure>100 גרם</UnitMeasure>
      <BisWeighted>0</BisWeighted>
      <QtyInPackage>1</QtyInPackage>
      <ItemPrice>13.90</ItemPrice>
      <UnitOfMeasurePrice>6.95</UnitOfMeasurePrice>
      <AllowDiscount>0</AllowDiscount>
      <itemStatus>1</itemStatus>
      <LastUpdateDate />
      <LastUpdateTime />
    </Product>
    <Product>
      <PriceUpdateDate>2019/06/21 07:03</PriceUpdateDate>
      <ItemCode>7290000561387</ItemCode>
      <ItemType>1</ItemType>
      <ItemName>תערובת פיצוחים קלוים ללא מלח פיצוחי חממה</ItemName>
      <ManufactureName>בוטנת בעמ</ManufactureName>
      <ManufactureCountry />
      <ManufactureItemDescription />
      <UnitQty>יח`</UnitQty>
      <Quantity>1.50</Quantity>
      <UnitMeasure>100 גרם</UnitMeasure>
      <BisWeighted>0</BisWeighted>
      <QtyInPackage>1</QtyInPackage>
      <ItemPrice>19.90</ItemPrice>
      <UnitOfMeasurePrice>13.27</UnitOfMeasurePrice>
      <AllowDiscount>0</AllowDiscount>
      <itemStatus>1</itemStatus>
      <LastUpdateDate />
      <LastUpdateTime />
    </Product>
    <Product>
      <PriceUpdateDate>2018/04/24 10:46</PriceUpdateDate>
      <ItemCode>7290000561714</ItemCode>
      <ItemType>1</ItemType>
      <ItemName>צנובר פיצוחי חממה (100 גרם)</ItemName>
      <ManufactureName>בוטנת בעמ</ManufactureName>
      <ManufactureCountry />
      <ManufactureItemDescription />
      <UnitQty>יח`</UnitQty>
      <Quantity>1</Quantity>
      <UnitMeasure>100 גרם</UnitMeasure>
      <BisWeighted>0</BisWeighted>
      <QtyInPackage>1</QtyInPackage>
      <ItemPrice>26.90</ItemPrice>
      <UnitOfMeasurePrice>26.90</UnitOfMeasurePrice>
      <AllowDiscount>0</AllowDiscount>
      <itemStatus>1</itemStatus>
      <LastUpdateDate />
      <LastUpdateTime />
    </Product>
    <Product>
      <PriceUpdateDate>2018/09/16 11:15</PriceUpdateDate>
      <ItemCode>7290000561783</ItemCode>
      <ItemType>1</ItemType>
      <ItemName>גרעין חמניה קלוף 100  גר`פיצוחי חממה</ItemName>
      <ManufactureName>בוטנת בעמ</ManufactureName>
      <ManufactureCountry />
      <ManufactureItemDescription />
      <UnitQty>יח`</UnitQty>
      <Quantity>1</Quantity>
      <UnitMeasure>100 גרם</UnitMeasure>
      <BisWeighted>0</BisWeighted>
      <QtyInPackage>1</QtyInPackage>
      <ItemPrice>5.90</ItemPrice>
      <UnitOfMeasurePrice>5.90</UnitOfMeasurePrice>
      <AllowDiscount>0</AllowDiscount>
      <itemStatus>1</itemStatus>
      <LastUpdateDate />
      <LastUpdateTime />
    </Product>
    <Product>
      <PriceUpdateDate>2019/01/07 10:57</PriceUpdateDate>
      <ItemCode>7290000571300</ItemCode>
      <ItemType>1</ItemType>
      <ItemName>ג.גאודה מעושנת פרוסה 150ג</ItemName>
      <ManufactureName>תנובה - חלב</ManufactureName>
      <ManufactureCountry />
      <ManufactureItemDescription />
      <UnitQty>יח`</UnitQty>
      <Quantity>1.50</Quantity>
      <UnitMeasure>100 גרם</UnitMeasure>
      <BisWeighted>0</BisWeighted>
      <QtyInPackage>1</QtyInPackage>
      <ItemPrice>25.50</ItemPrice>
      <UnitOfMeasurePrice>17</UnitOfMeasurePrice>
      <AllowDiscount>0</AllowDiscount>
      <itemStatus>1</itemStatus>
      <LastUpdateDate />
      <LastUpdateTime />
    </Product>
    <Product>
      <PriceUpdateDate>2019/01/07 10:57</PriceUpdateDate>
      <ItemCode>7290000571386</ItemCode>
      <ItemType>1</ItemType>
      <ItemName>יוגורמה בית יצחק</ItemName>
      <ManufactureName>תנובה - חלב</ManufactureName>
      <ManufactureCountry />
      <ManufactureItemDescription />
      <UnitQty>יח`</UnitQty>
      <Quantity>8.50</Quantity>
      <UnitMeasure>100 מ"ל</UnitMeasure>
      <BisWeighted>0</BisWeighted>
      <QtyInPackage>1</QtyInPackage>
      <ItemPrice>26.90</ItemPrice>
      <UnitOfMeasurePrice>3.16</UnitOfMeasurePrice>
      <AllowDiscount>0</AllowDiscount>
      <itemStatus>1</itemStatus>
      <LastUpdateDate />
      <LastUpdateTime />
    </Product>
    <Product>
      <PriceUpdateDate>2019/01/07 10:57</PriceUpdateDate>
      <ItemCode>7290000571393</ItemCode>
      <ItemType>1</ItemType>
      <ItemName>יוגורמה 140 גר</ItemName>
      <ManufactureName>תנובה - חלב</ManufactureName>
      <ManufactureCountry />
      <ManufactureItemDescription />
      <UnitQty>יח`</UnitQty>
      <Quantity>1.40</Quantity>
      <UnitMeasure>100 מ"ל</UnitMeasure>
      <BisWeighted>0</BisWeighted>
      <QtyInPackage>1</QtyInPackage>
      <ItemPrice>6</ItemPrice>
      <UnitOfMeasurePrice>4.29</UnitOfMeasurePrice>
      <AllowDiscount>0</AllowDiscount>
      <itemStatus>1</itemStatus>
      <LastUpdateDate />
      <LastUpdateTime />
    </Product>
    <Product>
      <PriceUpdateDate>2019/01/07 10:57</PriceUpdateDate>
      <ItemCode>7290000571843</ItemCode>
      <ItemType>1</ItemType>
      <ItemName>יוגורט עיזים יוגורמה 140 גר</ItemName>
      <ManufactureName>תנובה - חלב</ManufactureName>
      <ManufactureCountry />
      <ManufactureItemDescription />
      <UnitQty>יח`</UnitQty>
      <Quantity>1.40</Quantity>
      <UnitMeasure>100 מ"ל</UnitMeasure>
      <BisWeighted>0</BisWeighted>
      <QtyInPackage>1</QtyInPackage>
      <ItemPrice>6</ItemPrice>
      <UnitOfMeasurePrice>4.29</UnitOfMeasurePrice>
      <AllowDiscount>0</AllowDiscount>
      <itemStatus>1</itemStatus>
      <LastUpdateDate />
      <LastUpdateTime />
    </Product>
    <Product>
      <PriceUpdateDate>2018/12/19 13:39</PriceUpdateDate>
      <ItemCode>7290000571881</ItemCode>
      <ItemType>1</ItemType>
      <ItemName>משרה יוגורט מחלב עזים 3.6%  שומן( 500 גר</ItemName>
      <ManufactureName>תנובה - חלב</ManufactureName>
      <ManufactureCountry />
      <ManufactureItemDescription />
      <UnitQty>יח`</UnitQty>
      <Quantity>5</Quantity>
      <UnitMeasure>100 מ"ל</UnitMeasure>
      <BisWeighted>0</BisWeighted>
      <QtyInPackage>1</QtyInPackage>
      <ItemPrice>11.90</ItemPrice>
      <UnitOfMeasurePrice>2.38</UnitOfMeasurePrice>
      <AllowDiscount>0</AllowDiscount>
      <itemStatus>1</itemStatus>
      <LastUpdateDate />
      <LastUpdateTime />
    </Product>
    <Product>
      <PriceUpdateDate>2018/04/24 09:33</PriceUpdateDate>
      <ItemCode>7290000572055</ItemCode>
      <ItemType>1</ItemType>
      <ItemName>חלבה ללא סוכר עם סיבים ואגוזים</ItemName>
      <ManufactureName>אחדות בעמ</ManufactureName>
      <ManufactureCountry />
      <ManufactureItemDescription />
      <UnitQty>יח`</UnitQty>
      <Quantity>4</Quantity>
      <UnitMeasure>100 גרם</UnitMeasure>
      <BisWeighted>0</BisWeighted>
      <QtyInPackage>1</QtyInPackage>
      <ItemPrice>14.90</ItemPrice>
      <UnitOfMeasurePrice>3.73</UnitOfMeasurePrice>
      <AllowDiscount>0</AllowDiscount>
      <itemStatus>1</itemStatus>
      <LastUpdateDate />
      <LastUpdateTime />
    </Product>
    <Product>
      <PriceUpdateDate>2018/04/24 09:35</PriceUpdateDate>
      <ItemCode>7290000572208</ItemCode>
      <ItemType>1</ItemType>
      <ItemName>חלבה וניל אחוה (100 גרם)</ItemName>
      <ManufactureName>אחדות בעמ</ManufactureName>
      <ManufactureCountry />
      <ManufactureItemDescription />
      <UnitQty>יח`</UnitQty>
      <Quantity>1</Quantity>
      <UnitMeasure>100 גרם</UnitMeasure>
      <BisWeighted>0</BisWeighted>
      <QtyInPackage>1</QtyInPackage>
      <ItemPrice>2.90</ItemPrice>
      <UnitOfMeasurePrice>2.90</UnitOfMeasurePrice>
      <AllowDiscount>0</AllowDiscount>
      <itemStatus>1</itemStatus>
      <LastUpdateDate />
      <LastUpdateTime />
    </Product>
    <Product>
      <PriceUpdateDate>2020/01/19 10:33</PriceUpdateDate>
      <ItemCode>7290000572222</ItemCode>
      <ItemType>1</ItemType>
      <ItemName>חלבה וניל אחוה (500 גרם)</ItemName>
      <ManufactureName>אחדות בעמ</ManufactureName>
      <ManufactureCountry />
      <ManufactureItemDescription />
      <UnitQty>יח`</UnitQty>
      <Quantity>5</Quantity>
      <UnitMeasure>100 גרם</UnitMeasure>
      <BisWeighted>0</BisWeighted>
      <QtyInPackage>1</QtyInPackage>
      <ItemPrice>9.90</ItemPrice>
      <UnitOfMeasurePrice>1.98</UnitOfMeasurePrice>
      <AllowDiscount>0</AllowDiscount>
      <itemStatus>1</itemStatus>
      <LastUpdateDate />
      <LastUpdateTime />
    </Product>
    <Product>
      <PriceUpdateDate>2018/04/24 09:35</PriceUpdateDate>
      <ItemCode>7290000572529</ItemCode>
      <ItemType>1</ItemType>
      <ItemName>חלבה פיסטוק אחוה (400 גרם)</ItemName>
      <ManufactureName>אחדות בעמ</ManufactureName>
      <ManufactureCountry />
      <ManufactureItemDescription />
      <UnitQty>יח`</UnitQty>
      <Quantity>4</Quantity>
      <UnitMeasure>100 גרם</UnitMeasure>
      <BisWeighted>0</BisWeighted>
      <QtyInPackage>1</QtyInPackage>
      <ItemPrice>12.90</ItemPrice>
      <UnitOfMeasurePrice>3.23</UnitOfMeasurePrice>
      <AllowDiscount>0</AllowDiscount>
      <itemStatus>1</itemStatus>
      <LastUpdateDate />
      <LastUpdateTime />
    </Product>
    <Product>
      <PriceUpdateDate>2018/04/24 11:06</PriceUpdateDate>
      <ItemCode>7290000572536</ItemCode>
      <ItemType>1</ItemType>
      <ItemName>חלבה וניל אחוה (400 גרם)</ItemName>
      <ManufactureName>אחדות בעמ</ManufactureName>
      <ManufactureCountry />
      <ManufactureItemDescription />
      <UnitQty>יח`</UnitQty>
      <Quantity>4</Quantity>
      <UnitMeasure>100 גרם</UnitMeasure>
      <BisWeighted>0</BisWeighted>
      <QtyInPackage>1</QtyInPackage>
      <ItemPrice>10.90</ItemPrice>
      <UnitOfMeasurePrice>2.73</UnitOfMeasurePrice>
      <AllowDiscount>0</AllowDiscount>
      <itemStatus>1</itemStatus>
      <LastUpdateDate />
      <LastUpdateTime />
    </Product>
    <Product>
      <PriceUpdateDate>2018/04/26 12:09</PriceUpdateDate>
      <ItemCode>7290000572611</ItemCode>
      <ItemType>1</ItemType>
      <ItemName>סירופ בטעמים 4 ליטר אחוה</ItemName>
      <ManufactureName>אחדות בעמ</ManufactureName>
      <ManufactureCountry />
      <ManufactureItemDescription />
      <UnitQty>יח`</UnitQty>
      <Quantity>4</Quantity>
      <UnitMeasure>1 ליטר</UnitMeasure>
      <BisWeighted>0</BisWeighted>
      <QtyInPackage>1</QtyInPackage>
      <ItemPrice>21.90</ItemPrice>
      <UnitOfMeasurePrice>5.48</UnitOfMeasurePrice>
      <AllowDiscount>0</AllowDiscount>
      <itemStatus>1</itemStatus>
      <LastUpdateDate />
      <LastUpdateTime />
    </Product>
    <Product>
      <PriceUpdateDate>2018/04/24 09:35</PriceUpdateDate>
      <ItemCode>7290000572628</ItemCode>
      <ItemType>1</ItemType>
      <ItemName>חלבה בקופסא ללא סוכר 11 יח`</ItemName>
      <ManufactureName>אחדות בעמ</ManufactureName>
      <ManufactureCountry />
      <ManufactureItemDescription />
      <UnitQty>יח`</UnitQty>
      <Quantity>2.76</Quantity>
      <UnitMeasure>100 גרם</UnitMeasure>
      <BisWeighted>0</BisWeighted>
      <QtyInPackage>1</QtyInPackage>
      <ItemPrice>11.90</ItemPrice>
      <UnitOfMeasurePrice>4.31</UnitOfMeasurePrice>
      <AllowDiscount>0</AllowDiscount>
      <itemStatus>1</itemStatus>
      <LastUpdateDate />
      <LastUpdateTime />
    </Product>
    <Product>
      <PriceUpdateDate>2018/04/24 09:35</PriceUpdateDate>
      <ItemCode>7290000572673</ItemCode>
      <ItemType>1</ItemType>
      <ItemName>חלבה וניל קקאו ואגוזים אחוה (25x12 גרם)</ItemName>
      <ManufactureName>אחדות בעמ</ManufactureName>
      <ManufactureCountry />
      <ManufactureItemDescription />
      <UnitQty>יח`</UnitQty>
      <Quantity>3</Quantity>
      <UnitMeasure>100 גרם</UnitMeasure>
      <BisWeighted>0</BisWeighted>
      <QtyInPackage>1</QtyInPackage>
      <ItemPrice>11.90</ItemPrice>
      <UnitOfMeasurePrice>3.97</UnitOfMeasurePrice>
      <AllowDiscount>0</AllowDiscount>
      <itemStatus>1</itemStatus>
      <LastUpdateDate />
      <LastUpdateTime />
    </Product>
    <Product>
      <PriceUpdateDate>2019/10/28 15:00</PriceUpdateDate>
      <ItemCode>7290000572802</ItemCode>
      <ItemType>1</ItemType>
      <ItemName>טחינה שומשום אורגנית 500 גר`</ItemName>
      <ManufactureName>אחדות בעמ</ManufactureName>
      <ManufactureCountry />
      <ManufactureItemDescription />
      <UnitQty>יח`</UnitQty>
      <Quantity>5</Quantity>
      <UnitMeasure>100 גרם</UnitMeasure>
      <BisWeighted>0</BisWeighted>
      <QtyInPackage>1</QtyInPackage>
      <ItemPrice>11.90</ItemPrice>
      <UnitOfMeasurePrice>2.38</UnitOfMeasurePrice>
      <AllowDiscount>0</AllowDiscount>
      <itemStatus>1</itemStatus>
      <LastUpdateDate />
      <LastUpdateTime />
    </Product>
    <Product>
      <PriceUpdateDate>2018/04/24 09:35</PriceUpdateDate>
      <ItemCode>7290000572819</ItemCode>
      <ItemType>1</ItemType>
      <ItemName>טחינה גולמית אחוה (1 קג)</ItemName>
      <ManufactureName>אחדות בעמ</ManufactureName>
      <ManufactureCountry />
      <ManufactureItemDescription />
      <UnitQty>יח`</UnitQty>
      <Quantity>1</Quantity>
      <UnitMeasure>ק"ג</UnitMeasure>
      <BisWeighted>0</BisWeighted>
      <QtyInPackage>1</QtyInPackage>
      <ItemPrice>19.90</ItemPrice>
      <UnitOfMeasurePrice>19.90</UnitOfMeasurePrice>
      <AllowDiscount>1</AllowDiscount>
      <itemStatus>1</itemStatus>
      <LastUpdateDate />
      <LastUpdateTime />
    </Product>
    <Product>
      <PriceUpdateDate>2019/11/26 07:20</PriceUpdateDate>
      <ItemCode>7290000574028</ItemCode>
      <ItemType>1</ItemType>
      <ItemName>לחם שחור מעושר פלוס 750  גר`דגנית</ItemName>
      <ManufactureName>דגנית עין בר תעשיות מזון ואפיה</ManufactureName>
      <ManufactureCountry />
      <ManufactureItemDescription />
      <UnitQty>יח`</UnitQty>
      <Quantity>7.50</Quantity>
      <UnitMeasure>100 גרם</UnitMeasure>
      <BisWeighted>0</BisWeighted>
      <QtyInPackage>1</QtyInPackage>
      <ItemPrice>7.90</ItemPrice>
      <UnitOfMeasurePrice>1.05</UnitOfMeasurePrice>
      <AllowDiscount>0</AllowDiscount>
      <itemStatus>1</itemStatus>
      <LastUpdateDate />
      <LastUpdateTime />
    </Product>
    <Product>
      <PriceUpdateDate>2019/05/23 11:19</PriceUpdateDate>
      <ItemCode>7290000574035</ItemCode>
      <ItemType>1</ItemType>
      <ItemName>לחם אחיד פרוס דגנית עין בר (750 גרם)</ItemName>
      <ManufactureName>דגנית עין בר תעשיות מזון ואפיה</ManufactureName>
      <ManufactureCountry />
      <ManufactureItemDescription />
      <UnitQty>יח`</UnitQty>
      <Quantity>7.50</Quantity>
      <UnitMeasure>100 גרם</UnitMeasure>
      <BisWeighted>0</BisWeighted>
      <QtyInPackage>1</QtyInPackage>
      <ItemPrice>5.90</ItemPrice>
      <UnitOfMeasurePrice>0.79</UnitOfMeasurePrice>
      <AllowDiscount>0</AllowDiscount>
      <itemStatus>1</itemStatus>
      <LastUpdateDate />
      <LastUpdateTime />
    </Product>
    <Product>
      <PriceUpdateDate>2018/04/24 11:59</PriceUpdateDate>
      <ItemCode>7290000574066</ItemCode>
      <ItemType>1</ItemType>
      <ItemName>לחם מלא פלוס שיפון דגנית</ItemName>
      <ManufactureName>דגנית עין בר תעשיות מזון ואפיה</ManufactureName>
      <ManufactureCountry />
      <ManufactureItemDescription />
      <UnitQty>יח`</UnitQty>
      <Quantity>7.50</Quantity>
      <UnitMeasure>100 גרם</UnitMeasure>
      <BisWeighted>0</BisWeighted>
      <QtyInPackage>1</QtyInPackage>
      <ItemPrice>13.90</ItemPrice>
      <UnitOfMeasurePrice>1.85</UnitOfMeasurePrice>
      <AllowDiscount>0</AllowDiscount>
      <itemStatus>1</itemStatus>
      <LastUpdateDate />
      <LastUpdateTime />
    </Product>
    <Product>
      <PriceUpdateDate>2019/04/08 14:53</PriceUpdateDate>
      <ItemCode>7290000574141</ItemCode>
      <ItemType>1</ItemType>
      <ItemName>לחם חיטה מלאה 750  גר`דגנית</ItemName>
      <ManufactureName>דגנית עין בר תעשיות מזון ואפיה</ManufactureName>
      <ManufactureCountry />
      <ManufactureItemDescription />
      <UnitQty>יח`</UnitQty>
      <Quantity>7.50</Quantity>
      <UnitMeasure>100 גרם</UnitMeasure>
      <BisWeighted>0</BisWeighted>
      <QtyInPackage>1</QtyInPackage>
      <ItemPrice>13.90</ItemPrice>
      <UnitOfMeasurePrice>1.85</UnitOfMeasurePrice>
      <AllowDiscount>0</AllowDiscount>
      <itemStatus>1</itemStatus>
      <LastUpdateDate />
      <LastUpdateTime />
    </Product>
    <Product>
      <PriceUpdateDate>2018/08/01 13:48</PriceUpdateDate>
      <ItemCode>7290000574172</ItemCode>
      <ItemType>1</ItemType>
      <ItemName>לחם קל חיטה מלאה 750  גר`דגנית</ItemName>
      <ManufactureName>דגנית עין בר תעשיות מזון ואפיה</ManufactureName>
      <ManufactureCountry />
      <ManufactureItemDescription />
      <UnitQty>יח`</UnitQty>
      <Quantity>7.50</Quantity>
      <UnitMeasure>100 גרם</UnitMeasure>
      <BisWeighted>0</BisWeighted>
      <QtyInPackage>1</QtyInPackage>
      <ItemPrice>14.90</ItemPrice>
      <UnitOfMeasurePrice>1.99</UnitOfMeasurePrice>
      <AllowDiscount>0</AllowDiscount>
      <itemStatus>1</itemStatus>
      <LastUpdateDate />
      <LastUpdateTime />
    </Product>
    <Product>
      <PriceUpdateDate>2018/04/24 11:59</PriceUpdateDate>
      <ItemCode>7290000574257</ItemCode>
      <ItemType>1</ItemType>
      <ItemName>לחם שחור פרוס קל 750 גר` דגנית</ItemName>
      <ManufactureName>דגנית עין בר תעשיות מזון ואפיה</ManufactureName>
      <ManufactureCountry />
      <ManufactureItemDescription />
      <UnitQty>יח`</UnitQty>
      <Quantity>7.50</Quantity>
      <UnitMeasure>100 גרם</UnitMeasure>
      <BisWeighted>0</BisWeighted>
      <QtyInPackage>1</QtyInPackage>
      <ItemPrice>14.50</ItemPrice>
      <UnitOfMeasurePrice>1.93</UnitOfMeasurePrice>
      <AllowDiscount>0</AllowDiscount>
      <itemStatus>1</itemStatus>
      <LastUpdateDate />
      <LastUpdateTime />
    </Product>
    <Product>
      <PriceUpdateDate>2018/04/24 11:59</PriceUpdateDate>
      <ItemCode>7290000574370</ItemCode>
      <ItemType>1</ItemType>
      <ItemName>לחם שיפון אמיתי קל 750  גר`דגנית</ItemName>
      <ManufactureName>דגנית עין בר תעשיות מזון ואפיה</ManufactureName>
      <ManufactureCountry />
      <ManufactureItemDescription />
      <UnitQty>יח`</UnitQty>
      <Quantity>7.50</Quantity>
      <UnitMeasure>100 גרם</UnitMeasure>
      <BisWeighted>0</BisWeighted>
      <QtyInPackage>1</QtyInPackage>
      <ItemPrice>14.90</ItemPrice>
      <UnitOfMeasurePrice>1.99</UnitOfMeasurePrice>
      <AllowDiscount>0</AllowDiscount>
      <itemStatus>1</itemStatus>
      <LastUpdateDate />
      <LastUpdateTime />
    </Product>
    <Product>
      <PriceUpdateDate>2018/04/24 12:21</PriceUpdateDate>
      <ItemCode>7290000574455</ItemCode>
      <ItemType>1</ItemType>
      <ItemName>לחם חיטה מלא +כוסמין דגנית</ItemName>
      <ManufactureName>דגנית עין בר תעשיות מזון ואפיה</ManufactureName>
      <ManufactureCountry />
      <ManufactureItemDescription />
      <UnitQty>יח`</UnitQty>
      <Quantity>7.50</Quantity>
      <UnitMeasure>100 גרם</UnitMeasure>
      <BisWeighted>0</BisWeighted>
      <QtyInPackage>1</QtyInPackage>
      <ItemPrice>13.90</ItemPrice>
      <UnitOfMeasurePrice>1.85</UnitOfMeasurePrice>
      <AllowDiscount>1</AllowDiscount>
      <itemStatus>1</itemStatus>
      <LastUpdateDate />
      <LastUpdateTime />
    </Product>
    <Product>
      <PriceUpdateDate>2018/04/24 11:59</PriceUpdateDate>
      <ItemCode>7290000574509</ItemCode>
      <ItemType>1</ItemType>
      <ItemName>לחמניות חצויות ביסים דגנית עין בר) (6</ItemName>
      <ManufactureName>דגנית עין בר תעשיות מזון ואפיה</ManufactureName>
      <ManufactureCountry />
      <ManufactureItemDescription />
      <UnitQty>יח`</UnitQty>
      <Quantity>4.50</Quantity>
      <UnitMeasure>100 גרם</UnitMeasure>
      <BisWeighted>0</BisWeighted>
      <QtyInPackage>1</QtyInPackage>
      <ItemPrice>8.90</ItemPrice>
      <UnitOfMeasurePrice>1.98</UnitOfMeasurePrice>
      <AllowDiscount>0</AllowDiscount>
      <itemStatus>1</itemStatus>
      <LastUpdateDate />
      <LastUpdateTime />
    </Product>
    <Product>
      <PriceUpdateDate>2018/04/24 12:29</PriceUpdateDate>
      <ItemCode>7290000599946</ItemCode>
      <ItemType>1</ItemType>
      <ItemName>ספוג הפלא שישייה - shiny</ItemName>
      <ManufactureName>מ.א.ייצור ויבוא מטליות בעמ</ManufactureName>
      <ManufactureCountry />
      <ManufactureItemDescription />
      <UnitQty>יח`</UnitQty>
      <Quantity>1</Quantity>
      <UnitMeasure />
      <BisWeighted>0</BisWeighted>
      <QtyInPackage>1</QtyInPackage>
      <ItemPrice>6.90</ItemPrice>
      <UnitOfMeasurePrice>6.90</UnitOfMeasurePrice>
      <AllowDiscount>0</AllowDiscount>
      <itemStatus>1</itemStatus>
      <LastUpdateDate />
      <LastUpdateTime />
    </Product>
    <Product>
      <PriceUpdateDate>2020/01/22 07:57</PriceUpdateDate>
      <ItemCode>7290000599977</ItemCode>
      <ItemType>1</ItemType>
      <ItemName>כרית יפנית תשיעיה shiny</ItemName>
      <ManufactureName>מ.א.ייצור ויבוא מטליות בעמ</ManufactureName>
      <ManufactureCountry />
      <ManufactureItemDescription />
      <UnitQty>יח`</UnitQty>
      <Quantity>0.09</Quantity>
      <UnitMeasure>100 גרם</UnitMeasure>
      <BisWeighted>0</BisWeighted>
      <QtyInPackage>1</QtyInPackage>
      <ItemPrice>9.90</ItemPrice>
      <UnitOfMeasurePrice>110</UnitOfMeasurePrice>
      <AllowDiscount>0</AllowDiscount>
      <itemStatus>1</itemStatus>
      <LastUpdateDate />
      <LastUpdateTime />
    </Product>
    <Product>
      <PriceUpdateDate>2018/04/24 10:21</PriceUpdateDate>
      <ItemCode>7290000688084</ItemCode>
      <ItemType>1</ItemType>
      <ItemName>מי עדן ספורט 1/2 ליטר</ItemName>
      <ManufactureName>יפאורה</ManufactureName>
      <ManufactureCountry />
      <ManufactureItemDescription />
      <UnitQty>יח`</UnitQty>
      <Quantity>5</Quantity>
      <UnitMeasure>100 מ"ל</UnitMeasure>
      <BisWeighted>0</BisWeighted>
      <QtyInPackage>1</QtyInPackage>
      <ItemPrice>3.50</ItemPrice>
      <UnitOfMeasurePrice>0.64</UnitOfMeasurePrice>
      <AllowDiscount>0</AllowDiscount>
      <itemStatus>1</itemStatus>
      <LastUpdateDate />
      <LastUpdateTime />
    </Product>
    <Product>
      <PriceUpdateDate>2018/04/24 11:25</PriceUpdateDate>
      <ItemCode>7290000688176</ItemCode>
      <ItemType>1</ItemType>
      <ItemName>מי עדן 250מל. בו</ItemName>
      <ManufactureName>יפאורה</ManufactureName>
      <ManufactureCountry />
      <ManufactureItemDescription />
      <UnitQty>יח`</UnitQty>
      <Quantity>2.50</Quantity>
      <UnitMeasure>100 מ"ל</UnitMeasure>
      <BisWeighted>0</BisWeighted>
      <QtyInPackage>1</QtyInPackage>
      <ItemPrice>2.50</ItemPrice>
      <UnitOfMeasurePrice>0.88</UnitOfMeasurePrice>
      <AllowDiscount>0</AllowDiscount>
      <itemStatus>1</itemStatus>
      <LastUpdateDate />
      <LastUpdateTime />
    </Product>
    <Product>
      <PriceUpdateDate>2018/04/24 10:22</PriceUpdateDate>
      <ItemCode>7290000688374</ItemCode>
      <ItemType>1</ItemType>
      <ItemName>מים מינרלים בייבי מי עדן (250x6 מל)</ItemName>
      <ManufactureName>יפאורה</ManufactureName>
      <ManufactureCountry />
      <ManufactureItemDescription />
      <UnitQty>יח`</UnitQty>
      <Quantity>1.50</Quantity>
      <UnitMeasure>1 ליטר</UnitMeasure>
      <BisWeighted>0</BisWeighted>
      <QtyInPackage>1</QtyInPackage>
      <ItemPrice>13.90</ItemPrice>
      <UnitOfMeasurePrice>8.07</UnitOfMeasurePrice>
      <AllowDiscount>0</AllowDiscount>
      <itemStatus>1</itemStatus>
      <LastUpdateDate />
      <LastUpdateTime />
    </Product>
    <Product>
      <PriceUpdateDate>2018/04/24 10:22</PriceUpdateDate>
      <ItemCode>7290000688381</ItemCode>
      <ItemType>1</ItemType>
      <ItemName>מים מינרלים פקק ספורט מי עדן (500x6 מל)</ItemName>
      <ManufactureName>יפאורה</ManufactureName>
      <ManufactureCountry />
      <ManufactureItemDescription />
      <UnitQty>יח`</UnitQty>
      <Quantity>30</Quantity>
      <UnitMeasure>100 מ"ל</UnitMeasure>
      <BisWeighted>0</BisWeighted>
      <QtyInPackage>1</QtyInPackage>
      <ItemPrice>12.90</ItemPrice>
      <UnitOfMeasurePrice>0.37</UnitOfMeasurePrice>
      <AllowDiscount>0</AllowDiscount>
      <itemStatus>1</itemStatus>
      <LastUpdateDate />
      <LastUpdateTime />
    </Product>
    <Product>
      <PriceUpdateDate>2019/04/11 10:04</PriceUpdateDate>
      <ItemCode>7290000688503</ItemCode>
      <ItemType>1</ItemType>
      <ItemName>מי עדן 0.75 ליטר ספורט שישייה</ItemName>
      <ManufactureName>יפאורה</ManufactureName>
      <ManufactureCountry />
      <ManufactureItemDescription />
      <UnitQty>יח`</UnitQty>
      <Quantity>4.50</Quantity>
      <UnitMeasure>1 ליטר</UnitMeasure>
      <BisWeighted>0</BisWeighted>
      <QtyInPackage>1</QtyInPackage>
      <ItemPrice>18.70</ItemPrice>
      <UnitOfMeasurePrice>3.76</UnitOfMeasurePrice>
      <AllowDiscount>0</AllowDiscount>
      <itemStatus>1</itemStatus>
      <LastUpdateDate />
      <LastUpdateTime />
    </Product>
    <Product>
      <PriceUpdateDate>2018/08/01 13:45</PriceUpdateDate>
      <ItemCode>7290000688732</ItemCode>
      <ItemType>1</ItemType>
      <ItemName>מים מינרלים מי עדן (1.5x6 ליטר)</ItemName>
      <ManufactureName>יפאורה</ManufactureName>
      <ManufactureCountry />
      <ManufactureItemDescription />
      <UnitQty>יח`</UnitQty>
      <Quantity>9</Quantity>
      <UnitMeasure>1 ליטר</UnitMeasure>
      <BisWeighted>0</BisWeighted>
      <QtyInPackage>1</QtyInPackage>
      <ItemPrice>11.90</ItemPrice>
      <UnitOfMeasurePrice>1.32</UnitOfMeasurePrice>
      <AllowDiscount>0</AllowDiscount>
      <itemStatus>1</itemStatus>
      <LastUpdateDate />
      <LastUpdateTime />
    </Product>
    <Product>
      <PriceUpdateDate>2018/04/24 09:21</PriceUpdateDate>
      <ItemCode>7290000692456</ItemCode>
      <ItemType>1</ItemType>
      <ItemName>נוזל לניקוי חלונות אג`קס (750x2 מל)</ItemName>
      <ManufactureName>ש.שסטוביץ בעמ</ManufactureName>
      <ManufactureCountry />
      <ManufactureItemDescription />
      <UnitQty>יח`</UnitQty>
      <Quantity>15</Quantity>
      <UnitMeasure>100 מ"ל</UnitMeasure>
      <BisWeighted>0</BisWeighted>
      <QtyInPackage>1</QtyInPackage>
      <ItemPrice>24.90</ItemPrice>
      <UnitOfMeasurePrice>1.66</UnitOfMeasurePrice>
      <AllowDiscount>0</AllowDiscount>
      <itemStatus>1</itemStatus>
      <LastUpdateDate />
      <LastUpdateTime />
    </Product>
    <Product>
      <PriceUpdateDate>2018/04/24 09:21</PriceUpdateDate>
      <ItemCode>7290000692937</ItemCode>
      <ItemType>1</ItemType>
      <ItemName>קולגייט משפחתי זוגות 100 גר` אדומה כשלפ</ItemName>
      <ManufactureName>ש.שסטוביץ בעמ</ManufactureName>
      <ManufactureCountry />
      <ManufactureItemDescription />
      <UnitQty>יח`</UnitQty>
      <Quantity>2</Quantity>
      <UnitMeasure>100 גרם</UnitMeasure>
      <BisWeighted>0</BisWeighted>
      <QtyInPackage>1</QtyInPackage>
      <ItemPrice>19.90</ItemPrice>
      <UnitOfMeasurePrice>9.95</UnitOfMeasurePrice>
      <AllowDiscount>0</AllowDiscount>
      <itemStatus>1</itemStatus>
      <LastUpdateDate />
      <LastUpdateTime />
    </Product>
    <Product>
      <PriceUpdateDate>2018/04/24 10:16</PriceUpdateDate>
      <ItemCode>7290000803067</ItemCode>
      <ItemType>1</ItemType>
      <ItemName>אלמקס משחת שיניים ילדים 75מל</ItemName>
      <ManufactureName>ש.שסטוביץ בעמ</ManufactureName>
      <ManufactureCountry />
      <ManufactureItemDescription />
      <UnitQty>יח`</UnitQty>
      <Quantity>0.75</Quantity>
      <UnitMeasure>100 גרם</UnitMeasure>
      <BisWeighted>0</BisWeighted>
      <QtyInPackage>1</QtyInPackage>
      <ItemPrice>14.90</ItemPrice>
      <UnitOfMeasurePrice>19.87</UnitOfMeasurePrice>
      <AllowDiscount>1</AllowDiscount>
      <itemStatus>1</itemStatus>
      <LastUpdateDate />
      <LastUpdateTime />
    </Product>
    <Product>
      <PriceUpdateDate>2018/04/24 09:36</PriceUpdateDate>
      <ItemCode>7290000805597</ItemCode>
      <ItemType>1</ItemType>
      <ItemName>בונזו  סניור+ 7 3 קג</ItemName>
      <ManufactureName>דיפלומט היינץ</ManufactureName>
      <ManufactureCountry />
      <ManufactureItemDescription />
      <UnitQty>יח`</UnitQty>
      <Quantity>3</Quantity>
      <UnitMeasure>ק"ג</UnitMeasure>
      <BisWeighted>0</BisWeighted>
      <QtyInPackage>1</QtyInPackage>
      <ItemPrice>44.90</ItemPrice>
      <UnitOfMeasurePrice>14.97</UnitOfMeasurePrice>
      <AllowDiscount>0</AllowDiscount>
      <itemStatus>1</itemStatus>
      <LastUpdateDate />
      <LastUpdateTime />
    </Product>
    <Product>
      <PriceUpdateDate>2018/10/24 11:45</PriceUpdateDate>
      <ItemCode>7290000805900</ItemCode>
      <ItemType>1</ItemType>
      <ItemName>לה קט עוף 2.85קג</ItemName>
      <ManufactureName>דיפלומט היינץ</ManufactureName>
      <ManufactureCountry />
      <ManufactureItemDescription />
      <UnitQty>יח`</UnitQty>
      <Quantity>2.85</Quantity>
      <UnitMeasure>ק"ג</UnitMeasure>
      <BisWeighted>0</BisWeighted>
      <QtyInPackage>1</QtyInPackage>
      <ItemPrice>69.90</ItemPrice>
      <UnitOfMeasurePrice>24.53</UnitOfMeasurePrice>
      <AllowDiscount>0</AllowDiscount>
      <itemStatus>1</itemStatus>
      <LastUpdateDate />
      <LastUpdateTime />
    </Product>
    <Product>
      <PriceUpdateDate>2018/04/24 10:53</PriceUpdateDate>
      <ItemCode>7290000841557</ItemCode>
      <ItemType>1</ItemType>
      <ItemName>סטרילי לחיטוי ושטיפה פירות וירקות</ItemName>
      <ManufactureName>סטרילי מעבדות בעמ</ManufactureName>
      <ManufactureCountry />
      <ManufactureItemDescription />
      <UnitQty>יח`</UnitQty>
      <Quantity>7</Quantity>
      <UnitMeasure>100 מ"ל</UnitMeasure>
      <BisWeighted>0</BisWeighted>
      <QtyInPackage>1</QtyInPackage>
      <ItemPrice>13</ItemPrice>
      <UnitOfMeasurePrice>1.86</UnitOfMeasurePrice>
      <AllowDiscount>0</AllowDiscount>
      <itemStatus>1</itemStatus>
      <LastUpdateDate />
      <LastUpdateTime />
    </Product>
    <Product>
      <PriceUpdateDate>2018/08/13 09:39</PriceUpdateDate>
      <ItemCode>7290000995410</ItemCode>
      <ItemType>1</ItemType>
      <ItemName>נבטים סיני</ItemName>
      <ManufactureName>א.אדמה (2007) בעמ</ManufactureName>
      <ManufactureCountry />
      <ManufactureItemDescription />
      <UnitQty>יח`</UnitQty>
      <Quantity>1</Quantity>
      <UnitMeasure />
      <BisWeighted>0</BisWeighted>
      <QtyInPackage>1</QtyInPackage>
      <ItemPrice>7.90</ItemPrice>
      <UnitOfMeasurePrice>7.90</UnitOfMeasurePrice>
      <AllowDiscount>1</AllowDiscount>
      <itemStatus>1</itemStatus>
      <LastUpdateDate />
      <LastUpdateTime />
    </Product>
    <Product>
      <PriceUpdateDate>2018/08/20 10:48</PriceUpdateDate>
      <ItemCode>7290001041130</ItemCode>
      <ItemType>1</ItemType>
      <ItemName>ממרח תמרים 450 גר`</ItemName>
      <ManufactureName>מיה תעשיות מזון מ.ת.מ. בעמ</ManufactureName>
      <ManufactureCountry />
      <ManufactureItemDescription />
      <UnitQty>יח`</UnitQty>
      <Quantity>4.50</Quantity>
      <UnitMeasure>100 גרם</UnitMeasure>
      <BisWeighted>0</BisWeighted>
      <QtyInPackage>1</QtyInPackage>
      <ItemPrice>4.90</ItemPrice>
      <UnitOfMeasurePrice>1.09</UnitOfMeasurePrice>
      <AllowDiscount>0</AllowDiscount>
      <itemStatus>1</itemStatus>
      <LastUpdateDate />
      <LastUpdateTime />
    </Product>
    <Product>
      <PriceUpdateDate>2019/09/08 10:47</PriceUpdateDate>
      <ItemCode>7290001041147</ItemCode>
      <ItemType>1</ItemType>
      <ItemName>חומוס גדול מיה (1 קג)</ItemName>
      <ManufactureName>מיה תעשיות מזון מ.ת.מ. בעמ</ManufactureName>
      <ManufactureCountry />
      <ManufactureItemDescription />
      <UnitQty>יח`</UnitQty>
      <Quantity>1</Quantity>
      <UnitMeasure>ק"ג</UnitMeasure>
      <BisWeighted>0</BisWeighted>
      <QtyInPackage>1</QtyInPackage>
      <ItemPrice>11.90</ItemPrice>
      <UnitOfMeasurePrice>11.90</UnitOfMeasurePrice>
      <AllowDiscount>0</AllowDiscount>
      <itemStatus>1</itemStatus>
      <LastUpdateDate />
      <LastUpdateTime />
    </Product>
    <Product>
      <PriceUpdateDate>2018/04/24 10:04</PriceUpdateDate>
      <ItemCode>7290001041178</ItemCode>
      <ItemType>1</ItemType>
      <ItemName>אפונה מיה (1 קג)</ItemName>
      <ManufactureName>מיה תעשיות מזון מ.ת.מ. בעמ</ManufactureName>
      <ManufactureCountry />
      <ManufactureItemDescription />
      <UnitQty>יח`</UnitQty>
      <Quantity>10</Quantity>
      <UnitMeasure>100 גרם</UnitMeasure>
      <BisWeighted>0</BisWeighted>
      <QtyInPackage>1</QtyInPackage>
      <ItemPrice>7.90</ItemPrice>
      <UnitOfMeasurePrice>0.79</UnitOfMeasurePrice>
      <AllowDiscount>0</AllowDiscount>
      <itemStatus>1</itemStatus>
      <LastUpdateDate />
      <LastUpdateTime />
    </Product>
    <Product>
      <PriceUpdateDate>2018/04/24 10:04</PriceUpdateDate>
      <ItemCode>7290001041192</ItemCode>
      <ItemType>1</ItemType>
      <ItemName>עדשים אדומות מיה (1 קג)</ItemName>
      <ManufactureName>מיה תעשיות מזון מ.ת.מ. בעמ</ManufactureName>
      <ManufactureCountry />
      <ManufactureItemDescription />
      <UnitQty>יח`</UnitQty>
      <Quantity>1</Quantity>
      <UnitMeasure>ק"ג</UnitMeasure>
      <BisWeighted>0</BisWeighted>
      <QtyInPackage>1</QtyInPackage>
      <ItemPrice>11.90</ItemPrice>
      <UnitOfMeasurePrice>11.90</UnitOfMeasurePrice>
      <AllowDiscount>0</AllowDiscount>
      <itemStatus>1</itemStatus>
      <LastUpdateDate />
      <LastUpdateTime />
    </Product>
    <Product>
      <PriceUpdateDate>2019/09/08 18:43</PriceUpdateDate>
      <ItemCode>7290001041215</ItemCode>
      <ItemType>1</ItemType>
      <ItemName>חיטה 1 קג`</ItemName>
      <ManufactureName>מיה תעשיות מזון מ.ת.מ. בעמ</ManufactureName>
      <ManufactureCountry />
      <ManufactureItemDescription />
      <UnitQty>יח`</UnitQty>
      <Quantity>10</Quantity>
      <UnitMeasure>100 גרם</UnitMeasure>
      <BisWeighted>0</BisWeighted>
      <QtyInPackage>1</QtyInPackage>
      <ItemPrice>6.90</ItemPrice>
      <UnitOfMeasurePrice>0.69</UnitOfMeasurePrice>
      <AllowDiscount>0</AllowDiscount>
      <itemStatus>1</itemStatus>
      <LastUpdateDate />
      <LastUpdateTime />
    </Product>
    <Product>
      <PriceUpdateDate>2019/09/08 10:47</PriceUpdateDate>
      <ItemCode>7290001041222</ItemCode>
      <ItemType>1</ItemType>
      <ItemName>חומוס לבן ענק מיה (1 קג)</ItemName>
      <ManufactureName>מיה תעשיות מזון מ.ת.מ. בעמ</ManufactureName>
      <ManufactureCountry />
      <ManufactureItemDescription />
      <UnitQty>יח`</UnitQty>
      <Quantity>1</Quantity>
      <UnitMeasure>ק"ג</UnitMeasure>
      <BisWeighted>0</BisWeighted>
      <QtyInPackage>1</QtyInPackage>
      <ItemPrice>19.90</ItemPrice>
      <UnitOfMeasurePrice>19.90</UnitOfMeasurePrice>
      <AllowDiscount>0</AllowDiscount>
      <itemStatus>1</itemStatus>
      <LastUpdateDate />
      <LastUpdateTime />
    </Product>
    <Product>
      <PriceUpdateDate>2018/04/24 10:04</PriceUpdateDate>
      <ItemCode>7290001041260</ItemCode>
      <ItemType>1</ItemType>
      <ItemName>שומשום מיה (400 גרם)</ItemName>
      <ManufactureName>מיה תעשיות מזון מ.ת.מ. בעמ</ManufactureName>
      <ManufactureCountry />
      <ManufactureItemDescription />
      <UnitQty>יח`</UnitQty>
      <Quantity>4</Quantity>
      <UnitMeasure>100 גרם</UnitMeasure>
      <BisWeighted>0</BisWeighted>
      <QtyInPackage>1</QtyInPackage>
      <ItemPrice>11.90</ItemPrice>
      <UnitOfMeasurePrice>2.98</UnitOfMeasurePrice>
      <AllowDiscount>1</AllowDiscount>
      <itemStatus>1</itemStatus>
      <LastUpdateDate />
      <LastUpdateTime />
    </Product>
    <Product>
      <PriceUpdateDate>2018/04/24 10:04</PriceUpdateDate>
      <ItemCode>7290001041277</ItemCode>
      <ItemType>1</ItemType>
      <ItemName>פירורי לחם 400 גר`</ItemName>
      <ManufactureName>מיה תעשיות מזון מ.ת.מ. בעמ</ManufactureName>
      <ManufactureCountry />
      <ManufactureItemDescription />
      <UnitQty>יח`</UnitQty>
      <Quantity>4</Quantity>
      <UnitMeasure>100 גרם</UnitMeasure>
      <BisWeighted>0</BisWeighted>
      <QtyInPackage>1</QtyInPackage>
      <ItemPrice>6.90</ItemPrice>
      <UnitOfMeasurePrice>1.73</UnitOfMeasurePrice>
      <AllowDiscount>0</AllowDiscount>
      <itemStatus>1</itemStatus>
      <LastUpdateDate />
      <LastUpdateTime />
    </Product>
    <Product>
      <PriceUpdateDate>2018/04/24 11:28</PriceUpdateDate>
      <ItemCode>7290001041994</ItemCode>
      <ItemType>1</ItemType>
      <ItemName>סוכר זהב דמררה 1 קג`</ItemName>
      <ManufactureName>מיה תעשיות מזון מ.ת.מ. בעמ</ManufactureName>
      <ManufactureCountry />
      <ManufactureItemDescription />
      <UnitQty>יח`</UnitQty>
      <Quantity>1</Quantity>
      <UnitMeasure>ק"ג</UnitMeasure>
      <BisWeighted>0</BisWeighted>
      <QtyInPackage>1</QtyInPackage>
      <ItemPrice>11.90</ItemPrice>
      <UnitOfMeasurePrice>11.90</UnitOfMeasurePrice>
      <AllowDiscount>0</AllowDiscount>
      <itemStatus>1</itemStatus>
      <LastUpdateDate />
      <LastUpdateTime />
    </Product>
    <Product>
      <PriceUpdateDate>2018/04/24 10:38</PriceUpdateDate>
      <ItemCode>7290001045169</ItemCode>
      <ItemType>1</ItemType>
      <ItemName>סחוט 1 ליטר פרימור</ItemName>
      <ManufactureName>שטראוס גרופ בעמ/מצונן</ManufactureName>
      <ManufactureCountry />
      <ManufactureItemDescription />
      <UnitQty>יח`</UnitQty>
      <Quantity>1</Quantity>
      <UnitMeasure>1 ליטר</UnitMeasure>
      <BisWeighted>0</BisWeighted>
      <QtyInPackage>1</QtyInPackage>
      <ItemPrice>16.20</ItemPrice>
      <UnitOfMeasurePrice>16.20</UnitOfMeasurePrice>
      <AllowDiscount>0</AllowDiscount>
      <itemStatus>1</itemStatus>
      <LastUpdateDate />
      <LastUpdateTime />
    </Product>
    <Product>
      <PriceUpdateDate>2019/04/11 10:04</PriceUpdateDate>
      <ItemCode>7290001045220</ItemCode>
      <ItemType>1</ItemType>
      <ItemName>מיץ תפוזים סחוט טבעי פרימור (2 ליטר)</ItemName>
      <ManufactureName>שטראוס גרופ בעמ/מצונן</ManufactureName>
      <ManufactureCountry />
      <ManufactureItemDescription />
      <UnitQty>יח`</UnitQty>
      <Quantity>2</Quantity>
      <UnitMeasure>1 ליטר</UnitMeasure>
      <BisWeighted>0</BisWeighted>
      <QtyInPackage>1</QtyInPackage>
      <ItemPrice>25.80</ItemPrice>
      <UnitOfMeasurePrice>12.90</UnitOfMeasurePrice>
      <AllowDiscount>0</AllowDiscount>
      <itemStatus>1</itemStatus>
      <LastUpdateDate />
      <LastUpdateTime />
    </Product>
    <Product>
      <PriceUpdateDate>2018/04/24 11:28</PriceUpdateDate>
      <ItemCode>7290001045237</ItemCode>
      <ItemType>1</ItemType>
      <ItemName>משקה קל לימונענע פרימור (2 ליטר)</ItemName>
      <ManufactureName>שטראוס גרופ בעמ/מצונן</ManufactureName>
      <ManufactureCountry />
      <ManufactureItemDescription />
      <UnitQty>יח`</UnitQty>
      <Quantity>20</Quantity>
      <UnitMeasure>100 מ"ל</UnitMeasure>
      <BisWeighted>0</BisWeighted>
      <QtyInPackage>1</QtyInPackage>
      <ItemPrice>25.80</ItemPrice>
      <UnitOfMeasurePrice>1.29</UnitOfMeasurePrice>
      <AllowDiscount>0</AllowDiscount>
      <itemStatus>1</itemStatus>
      <LastUpdateDate />
      <LastUpdateTime />
    </Product>
    <Product>
      <PriceUpdateDate>2018/04/24 10:38</PriceUpdateDate>
      <ItemCode>7290001045763</ItemCode>
      <ItemType>1</ItemType>
      <ItemName>סחוט פרימור 2 ליטר</ItemName>
      <ManufactureName>שטראוס גרופ בעמ/מצונן</ManufactureName>
      <ManufactureCountry />
      <ManufactureItemDescription />
      <UnitQty>יח`</UnitQty>
      <Quantity>2</Quantity>
      <UnitMeasure>1 ליטר</UnitMeasure>
      <BisWeighted>0</BisWeighted>
      <QtyInPackage>1</QtyInPackage>
      <ItemPrice>25.80</ItemPrice>
      <UnitOfMeasurePrice>12.90</UnitOfMeasurePrice>
      <AllowDiscount>0</AllowDiscount>
      <itemStatus>1</itemStatus>
      <LastUpdateDate />
      <LastUpdateTime />
    </Product>
    <Product>
      <PriceUpdateDate>2018/04/24 13:20</PriceUpdateDate>
      <ItemCode>7290001121054</ItemCode>
      <ItemType>1</ItemType>
      <ItemName>צמד חמד 700 גר` יחיעם</ItemName>
      <ManufactureName>מעדני יחיעם (1993) בעמ</ManufactureName>
      <ManufactureCountry />
      <ManufactureItemDescription />
      <UnitQty>יח`</UnitQty>
      <Quantity>7</Quantity>
      <UnitMeasure>100 גרם</UnitMeasure>
      <BisWeighted>0</BisWeighted>
      <QtyInPackage>1</QtyInPackage>
      <ItemPrice>25.90</ItemPrice>
      <UnitOfMeasurePrice>3.70</UnitOfMeasurePrice>
      <AllowDiscount>0</AllowDiscount>
      <itemStatus>1</itemStatus>
      <LastUpdateDate />
      <LastUpdateTime />
    </Product>
    <Product>
      <PriceUpdateDate>2018/04/24 13:03</PriceUpdateDate>
      <ItemCode>7290001121849</ItemCode>
      <ItemType>1</ItemType>
      <ItemName>פסטרמה 100% 250גר`</ItemName>
      <ManufactureName>מעדני יחיעם (1993) בעמ</ManufactureName>
      <ManufactureCountry />
      <ManufactureItemDescription />
      <UnitQty>יח`</UnitQty>
      <Quantity>2.50</Quantity>
      <UnitMeasure>100 גרם</UnitMeasure>
      <BisWeighted>0</BisWeighted>
      <QtyInPackage>1</QtyInPackage>
      <ItemPrice>24.90</ItemPrice>
      <UnitOfMeasurePrice>9.96</UnitOfMeasurePrice>
      <AllowDiscount>0</AllowDiscount>
      <itemStatus>1</itemStatus>
      <LastUpdateDate />
      <LastUpdateTime />
    </Product>
    <Product>
      <PriceUpdateDate>2018/08/01 14:34</PriceUpdateDate>
      <ItemCode>7290001123775</ItemCode>
      <ItemType>1</ItemType>
      <ItemName>שווארמה פרגיות 500 גר` טיבון ויל</ItemName>
      <ManufactureName>נטו מלינדה סחר בעמ</ManufactureName>
      <ManufactureCountry />
      <ManufactureItemDescription />
      <UnitQty>יח`</UnitQty>
      <Quantity>5</Quantity>
      <UnitMeasure>100 גרם</UnitMeasure>
      <BisWeighted>0</BisWeighted>
      <QtyInPackage>1</QtyInPackage>
      <ItemPrice>28.90</ItemPrice>
      <UnitOfMeasurePrice>5.78</UnitOfMeasurePrice>
      <AllowDiscount>0</AllowDiscount>
      <itemStatus>1</itemStatus>
      <LastUpdateDate />
      <LastUpdateTime />
    </Product>
    <Product>
      <PriceUpdateDate>2019/01/07 10:57</PriceUpdateDate>
      <ItemCode>7290001123782</ItemCode>
      <ItemType>1</ItemType>
      <ItemName>שווארמה אמיתית הודו טיבון ויל (500 גרם)</ItemName>
      <ManufactureName>נטו מלינדה סחר בעמ</ManufactureName>
      <ManufactureCountry />
      <ManufactureItemDescription />
      <UnitQty>יח`</UnitQty>
      <Quantity>5</Quantity>
      <UnitMeasure>100 גרם</UnitMeasure>
      <BisWeighted>0</BisWeighted>
      <QtyInPackage>1</QtyInPackage>
      <ItemPrice>28.90</ItemPrice>
      <UnitOfMeasurePrice>5.78</UnitOfMeasurePrice>
      <AllowDiscount>0</AllowDiscount>
      <itemStatus>1</itemStatus>
      <LastUpdateDate />
      <LastUpdateTime />
    </Product>
    <Product>
      <PriceUpdateDate>2018/07/09 14:50</PriceUpdateDate>
      <ItemCode>7290001133958</ItemCode>
      <ItemType>1</ItemType>
      <ItemName>נקניקות צוריסוס קפוא 500 גר</ItemName>
      <ManufactureName>בלדי בעמ</ManufactureName>
      <ManufactureCountry />
      <ManufactureItemDescription />
      <UnitQty>יח`</UnitQty>
      <Quantity>5</Quantity>
      <UnitMeasure>100 גרם</UnitMeasure>
      <BisWeighted>0</BisWeighted>
      <QtyInPackage>1</QtyInPackage>
      <ItemPrice>18.90</ItemPrice>
      <UnitOfMeasurePrice>3.78</UnitOfMeasurePrice>
      <AllowDiscount>0</AllowDiscount>
      <itemStatus>1</itemStatus>
      <LastUpdateDate />
      <LastUpdateTime />
    </Product>
    <Product>
      <PriceUpdateDate>2019/02/01 07:59</PriceUpdateDate>
      <ItemCode>7290001136294</ItemCode>
      <ItemType>1</ItemType>
      <ItemName>נקה 7 שמפו 750 מל</ItemName>
      <ManufactureName>החברה הדרומית לשיווק בעמ</ManufactureName>
      <ManufactureCountry />
      <ManufactureItemDescription />
      <UnitQty>יח`</UnitQty>
      <Quantity>7.50</Quantity>
      <UnitMeasure>100 מ"ל</UnitMeasure>
      <BisWeighted>0</BisWeighted>
      <QtyInPackage>1</QtyInPackage>
      <ItemPrice>10.90</ItemPrice>
      <UnitOfMeasurePrice>1.45</UnitOfMeasurePrice>
      <AllowDiscount>1</AllowDiscount>
      <itemStatus>1</itemStatus>
      <LastUpdateDate />
      <LastUpdateTime />
    </Product>
    <Product>
      <PriceUpdateDate>2018/04/24 09:50</PriceUpdateDate>
      <ItemCode>7290001136430</ItemCode>
      <ItemType>1</ItemType>
      <ItemName>נוזל כלים 1.5 ליטר נקה</ItemName>
      <ManufactureName>החברה הדרומית לשיווק בעמ</ManufactureName>
      <ManufactureCountry />
      <ManufactureItemDescription />
      <UnitQty>יח`</UnitQty>
      <Quantity>15</Quantity>
      <UnitMeasure>100 מ"ל</UnitMeasure>
      <BisWeighted>0</BisWeighted>
      <QtyInPackage>1</QtyInPackage>
      <ItemPrice>12.90</ItemPrice>
      <UnitOfMeasurePrice>0.86</UnitOfMeasurePrice>
      <AllowDiscount>0</AllowDiscount>
      <itemStatus>1</itemStatus>
      <LastUpdateDate />
      <LastUpdateTime />
    </Product>
    <Product>
      <PriceUpdateDate>2019/02/01 07:59</PriceUpdateDate>
      <ItemCode>7290001136683</ItemCode>
      <ItemType>1</ItemType>
      <ItemName>נקה 7 מרכך 750 מל ירוק</ItemName>
      <ManufactureName>החברה הדרומית לשיווק בעמ</ManufactureName>
      <ManufactureCountry />
      <ManufactureItemDescription />
      <UnitQty>יח`</UnitQty>
      <Quantity>7.50</Quantity>
      <UnitMeasure>100 מ"ל</UnitMeasure>
      <BisWeighted>0</BisWeighted>
      <QtyInPackage>1</QtyInPackage>
      <ItemPrice>10.90</ItemPrice>
      <UnitOfMeasurePrice>1.45</UnitOfMeasurePrice>
      <AllowDiscount>1</AllowDiscount>
      <itemStatus>1</itemStatus>
      <LastUpdateDate />
      <LastUpdateTime />
    </Product>
    <Product>
      <PriceUpdateDate>2018/04/24 09:50</PriceUpdateDate>
      <ItemCode>7290001136799</ItemCode>
      <ItemType>1</ItemType>
      <ItemName>ארומה סבון נוזלי 1 ליטר</ItemName>
      <ManufactureName>החברה הדרומית לשיווק בעמ</ManufactureName>
      <ManufactureCountry />
      <ManufactureItemDescription />
      <UnitQty>יח`</UnitQty>
      <Quantity>1</Quantity>
      <UnitMeasure>1 ליטר</UnitMeasure>
      <BisWeighted>0</BisWeighted>
      <QtyInPackage>1</QtyInPackage>
      <ItemPrice>12.90</ItemPrice>
      <UnitOfMeasurePrice>12.90</UnitOfMeasurePrice>
      <AllowDiscount>0</AllowDiscount>
      <itemStatus>1</itemStatus>
      <LastUpdateDate />
      <LastUpdateTime />
    </Product>
    <Product>
      <PriceUpdateDate>2018/07/08 11:12</PriceUpdateDate>
      <ItemCode>7290001136973</ItemCode>
      <ItemType>1</ItemType>
      <ItemName>סבון נוזלי ארומה קמומיל נקה  (17 ליטר)</ItemName>
      <ManufactureName>החברה הדרומית לשיווק בעמ</ManufactureName>
      <ManufactureCountry />
      <ManufactureItemDescription />
      <UnitQty>יח`</UnitQty>
      <Quantity>1</Quantity>
      <UnitMeasure>1 ליטר</UnitMeasure>
      <BisWeighted>0</BisWeighted>
      <QtyInPackage>1</QtyInPackage>
      <ItemPrice>12.90</ItemPrice>
      <UnitOfMeasurePrice>12.90</UnitOfMeasurePrice>
      <AllowDiscount>0</AllowDiscount>
      <itemStatus>1</itemStatus>
      <LastUpdateDate />
      <LastUpdateTime />
    </Product>
    <Product>
      <PriceUpdateDate>2019/01/22 10:16</PriceUpdateDate>
      <ItemCode>7290001201589</ItemCode>
      <ItemType>1</ItemType>
      <ItemName>ביצים ארוזות L מ. לסר) (12 פיקוח</ItemName>
      <ManufactureName>מ לסר בעמ - חברה לשיווק ביצים</ManufactureName>
      <ManufactureCountry />
      <ManufactureItemDescription />
      <UnitQty>יח`</UnitQty>
      <Quantity>1</Quantity>
      <UnitMeasure />
      <BisWeighted>0</BisWeighted>
      <QtyInPackage>1</QtyInPackage>
      <ItemPrice>11.30</ItemPrice>
      <UnitOfMeasurePrice>11.30</UnitOfMeasurePrice>
      <AllowDiscount>0</AllowDiscount>
      <itemStatus>1</itemStatus>
      <LastUpdateDate />
      <LastUpdateTime />
    </Product>
    <Product>
      <PriceUpdateDate>2019/01/22 10:16</PriceUpdateDate>
      <ItemCode>7290001201596</ItemCode>
      <ItemType>1</ItemType>
      <ItemName>ביצים 12 יחידות M פיקוח</ItemName>
      <ManufactureName>מ לסר בעמ - חברה לשיווק ביצים</ManufactureName>
      <ManufactureCountry />
      <ManufactureItemDescription />
      <UnitQty>יח`</UnitQty>
      <Quantity>1</Quantity>
      <UnitMeasure />
      <BisWeighted>0</BisWeighted>
      <QtyInPackage>1</QtyInPackage>
      <ItemPrice>10.40</ItemPrice>
      <UnitOfMeasurePrice>10.40</UnitOfMeasurePrice>
      <AllowDiscount>0</AllowDiscount>
      <itemStatus>1</itemStatus>
      <LastUpdateDate />
      <LastUpdateTime />
    </Product>
    <Product>
      <PriceUpdateDate>2018/04/24 12:58</PriceUpdateDate>
      <ItemCode>7290001201862</ItemCode>
      <ItemType>1</ItemType>
      <ItemName>ביצי חופש 12 L</ItemName>
      <ManufactureName>מ לסר בעמ - חברה לשיווק ביצים</ManufactureName>
      <ManufactureCountry />
      <ManufactureItemDescription />
      <UnitQty>יח`</UnitQty>
      <Quantity>1</Quantity>
      <UnitMeasure />
      <BisWeighted>0</BisWeighted>
      <QtyInPackage>1</QtyInPackage>
      <ItemPrice>16.90</ItemPrice>
      <UnitOfMeasurePrice>16.90</UnitOfMeasurePrice>
      <AllowDiscount>0</AllowDiscount>
      <itemStatus>1</itemStatus>
      <LastUpdateDate />
      <LastUpdateTime />
    </Product>
    <Product>
      <PriceUpdateDate>2019/04/16 07:00</PriceUpdateDate>
      <ItemCode>7290001216040</ItemCode>
      <ItemType>1</ItemType>
      <ItemName>טחינה רגילה 500 גר` אל ארז</ItemName>
      <ManufactureName>אגס ירוק מסחר ושירותים בעמ</ManufactureName>
      <ManufactureCountry />
      <ManufactureItemDescription />
      <UnitQty>יח`</UnitQty>
      <Quantity>5</Quantity>
      <UnitMeasure>100 גרם</UnitMeasure>
      <BisWeighted>0</BisWeighted>
      <QtyInPackage>1</QtyInPackage>
      <ItemPrice>14.90</ItemPrice>
      <UnitOfMeasurePrice>2.98</UnitOfMeasurePrice>
      <AllowDiscount>0</AllowDiscount>
      <itemStatus>1</itemStatus>
      <LastUpdateDate />
      <LastUpdateTime />
    </Product>
    <Product>
      <PriceUpdateDate>2019/12/16 09:20</PriceUpdateDate>
      <ItemCode>7290001216231</ItemCode>
      <ItemType>1</ItemType>
      <ItemName>טחינה משומשום מלא טחינה אל ארז (500 גרם)</ItemName>
      <ManufactureName>אגס ירוק מסחר ושירותים בעמ</ManufactureName>
      <ManufactureCountry />
      <ManufactureItemDescription />
      <UnitQty>יח`</UnitQty>
      <Quantity>5</Quantity>
      <UnitMeasure>100 גרם</UnitMeasure>
      <BisWeighted>0</BisWeighted>
      <QtyInPackage>1</QtyInPackage>
      <ItemPrice>15.90</ItemPrice>
      <UnitOfMeasurePrice>3.18</UnitOfMeasurePrice>
      <AllowDiscount>0</AllowDiscount>
      <itemStatus>1</itemStatus>
      <LastUpdateDate />
      <LastUpdateTime />
    </Product>
    <Product>
      <PriceUpdateDate>2019/08/09 11:31</PriceUpdateDate>
      <ItemCode>7290001245699</ItemCode>
      <ItemType>1</ItemType>
      <ItemName>אקונומיקה סמיכה 4 ליטר טאצ`</ItemName>
      <ManufactureName>סאסאטק אגשח בעמ</ManufactureName>
      <ManufactureCountry />
      <ManufactureItemDescription />
      <UnitQty>יח`</UnitQty>
      <Quantity>40</Quantity>
      <UnitMeasure>100 מ"ל</UnitMeasure>
      <BisWeighted>0</BisWeighted>
      <QtyInPackage>1</QtyInPackage>
      <ItemPrice>11.90</ItemPrice>
      <UnitOfMeasurePrice>0.30</UnitOfMeasurePrice>
      <AllowDiscount>1</AllowDiscount>
      <itemStatus>1</itemStatus>
      <LastUpdateDate />
      <LastUpdateTime />
    </Product>
    <Product>
      <PriceUpdateDate>2019/08/09 11:31</PriceUpdateDate>
      <ItemCode>7290001245705</ItemCode>
      <ItemType>1</ItemType>
      <ItemName>אקונומיקה מבושמת 4 ליטר טאצ`</ItemName>
      <ManufactureName>סאסאטק אגשח בעמ</ManufactureName>
      <ManufactureCountry />
      <ManufactureItemDescription />
      <UnitQty>יח`</UnitQty>
      <Quantity>40</Quantity>
      <UnitMeasure>100 מ"ל</UnitMeasure>
      <BisWeighted>0</BisWeighted>
      <QtyInPackage>1</QtyInPackage>
      <ItemPrice>9.90</ItemPrice>
      <UnitOfMeasurePrice>0.25</UnitOfMeasurePrice>
      <AllowDiscount>1</AllowDiscount>
      <itemStatus>1</itemStatus>
      <LastUpdateDate />
      <LastUpdateTime />
    </Product>
    <Product>
      <PriceUpdateDate>2019/08/09 11:31</PriceUpdateDate>
      <ItemCode>7290001245750</ItemCode>
      <ItemType>1</ItemType>
      <ItemName>נוזל כלים תפוח 750 מל טאצ</ItemName>
      <ManufactureName>סאסאטק אגשח בעמ</ManufactureName>
      <ManufactureCountry />
      <ManufactureItemDescription />
      <UnitQty>יח`</UnitQty>
      <Quantity>1</Quantity>
      <UnitMeasure />
      <BisWeighted>0</BisWeighted>
      <QtyInPackage>1</QtyInPackage>
      <ItemPrice>5.90</ItemPrice>
      <UnitOfMeasurePrice>5.90</UnitOfMeasurePrice>
      <AllowDiscount>0</AllowDiscount>
      <itemStatus>1</itemStatus>
      <LastUpdateDate />
      <LastUpdateTime />
    </Product>
    <Product>
      <PriceUpdateDate>2019/08/09 11:31</PriceUpdateDate>
      <ItemCode>7290001245804</ItemCode>
      <ItemType>1</ItemType>
      <ItemName>נוזל כלים לבנדר 750 מל טאצ</ItemName>
      <ManufactureName>סאסאטק אגשח בעמ</ManufactureName>
      <ManufactureCountry />
      <ManufactureItemDescription />
      <UnitQty>יח`</UnitQty>
      <Quantity>1</Quantity>
      <UnitMeasure />
      <BisWeighted>0</BisWeighted>
      <QtyInPackage>1</QtyInPackage>
      <ItemPrice>5.90</ItemPrice>
      <UnitOfMeasurePrice>5.90</UnitOfMeasurePrice>
      <AllowDiscount>0</AllowDiscount>
      <itemStatus>1</itemStatus>
      <LastUpdateDate />
      <LastUpdateTime />
    </Product>
    <Product>
      <PriceUpdateDate>2019/11/12 10:23</PriceUpdateDate>
      <ItemCode>7290001245835</ItemCode>
      <ItemType>1</ItemType>
      <ItemName>נוזל רצפות אורנים 4 ליטר טאצ</ItemName>
      <ManufactureName>סאסאטק אגשח בעמ</ManufactureName>
      <ManufactureCountry />
      <ManufactureItemDescription />
      <UnitQty>יח`</UnitQty>
      <Quantity>40</Quantity>
      <UnitMeasure>100 מ"ל</UnitMeasure>
      <BisWeighted>0</BisWeighted>
      <QtyInPackage>1</QtyInPackage>
      <ItemPrice>13.90</ItemPrice>
      <UnitOfMeasurePrice>0.35</UnitOfMeasurePrice>
      <AllowDiscount>1</AllowDiscount>
      <itemStatus>1</itemStatus>
      <LastUpdateDate />
      <LastUpdateTime />
    </Product>
    <Product>
      <PriceUpdateDate>2019/08/09 11:31</PriceUpdateDate>
      <ItemCode>7290001245958</ItemCode>
      <ItemType>1</ItemType>
      <ItemName>מרכך כביסה 4 ליטר ורוד</ItemName>
      <ManufactureName>סאסאטק אגשח בעמ</ManufactureName>
      <ManufactureCountry />
      <ManufactureItemDescription />
      <UnitQty>יח`</UnitQty>
      <Quantity>40</Quantity>
      <UnitMeasure>100 מ"ל</UnitMeasure>
      <BisWeighted>0</BisWeighted>
      <QtyInPackage>1</QtyInPackage>
      <ItemPrice>13.90</ItemPrice>
      <UnitOfMeasurePrice>0.35</UnitOfMeasurePrice>
      <AllowDiscount>1</AllowDiscount>
      <itemStatus>1</itemStatus>
      <LastUpdateDate />
      <LastUpdateTime />
    </Product>
    <Product>
      <PriceUpdateDate>2019/08/09 11:31</PriceUpdateDate>
      <ItemCode>7290001245965</ItemCode>
      <ItemType>1</ItemType>
      <ItemName>מרכך כביסה 4 ליטר כחול</ItemName>
      <ManufactureName>סאסאטק אגשח בעמ</ManufactureName>
      <ManufactureCountry />
      <ManufactureItemDescription />
      <UnitQty>יח`</UnitQty>
      <Quantity>40</Quantity>
      <UnitMeasure>100 מ"ל</UnitMeasure>
      <BisWeighted>0</BisWeighted>
      <QtyInPackage>1</QtyInPackage>
      <ItemPrice>13.90</ItemPrice>
      <UnitOfMeasurePrice>0.35</UnitOfMeasurePrice>
      <AllowDiscount>1</AllowDiscount>
      <itemStatus>1</itemStatus>
      <LastUpdateDate />
      <LastUpdateTime />
    </Product>
    <Product>
      <PriceUpdateDate>2019/08/09 11:31</PriceUpdateDate>
      <ItemCode>7290001245972</ItemCode>
      <ItemType>1</ItemType>
      <ItemName>מרכך כביסה 4 ליטר לבן</ItemName>
      <ManufactureName>סאסאטק אגשח בעמ</ManufactureName>
      <ManufactureCountry />
      <ManufactureItemDescription />
      <UnitQty>יח`</UnitQty>
      <Quantity>40</Quantity>
      <UnitMeasure>100 מ"ל</UnitMeasure>
      <BisWeighted>0</BisWeighted>
      <QtyInPackage>1</QtyInPackage>
      <ItemPrice>13.90</ItemPrice>
      <UnitOfMeasurePrice>0.35</UnitOfMeasurePrice>
      <AllowDiscount>1</AllowDiscount>
      <itemStatus>1</itemStatus>
      <LastUpdateDate />
      <LastUpdateTime />
    </Product>
    <Product>
      <PriceUpdateDate>2019/08/09 11:31</PriceUpdateDate>
      <ItemCode>7290001246085</ItemCode>
      <ItemType>1</ItemType>
      <ItemName>נוזל לניקוי חלונות 1 ליטר טאצ</ItemName>
      <ManufactureName>סאסאטק אגשח בעמ</ManufactureName>
      <ManufactureCountry />
      <ManufactureItemDescription />
      <UnitQty>יח`</UnitQty>
      <Quantity>10</Quantity>
      <UnitMeasure>100 מ"ל</UnitMeasure>
      <BisWeighted>0</BisWeighted>
      <QtyInPackage>1</QtyInPackage>
      <ItemPrice>5.90</ItemPrice>
      <UnitOfMeasurePrice>0.59</UnitOfMeasurePrice>
      <AllowDiscount>0</AllowDiscount>
      <itemStatus>1</itemStatus>
      <LastUpdateDate />
      <LastUpdateTime />
    </Product>
    <Product>
      <PriceUpdateDate>2019/11/13 12:09</PriceUpdateDate>
      <ItemCode>7290001246108</ItemCode>
      <ItemType>1</ItemType>
      <ItemName>תרסיס מסיר אבנית 750 מל טאצ`</ItemName>
      <ManufactureName>סאסאטק אגשח בעמ</ManufactureName>
      <ManufactureCountry />
      <ManufactureItemDescription />
      <UnitQty>יח`</UnitQty>
      <Quantity>7.50</Quantity>
      <UnitMeasure>100 מ"ל</UnitMeasure>
      <BisWeighted>0</BisWeighted>
      <QtyInPackage>1</QtyInPackage>
      <ItemPrice>11.90</ItemPrice>
      <UnitOfMeasurePrice>1.59</UnitOfMeasurePrice>
      <AllowDiscount>0</AllowDiscount>
      <itemStatus>1</itemStatus>
      <LastUpdateDate />
      <LastUpdateTime />
    </Product>
    <Product>
      <PriceUpdateDate>2019/11/13 12:09</PriceUpdateDate>
      <ItemCode>7290001246221</ItemCode>
      <ItemType>1</ItemType>
      <ItemName>תרסיס מטהר אוויר לימון 300 מל טאצ</ItemName>
      <ManufactureName>סאסאטק אגשח בעמ</ManufactureName>
      <ManufactureCountry />
      <ManufactureItemDescription />
      <UnitQty>יח`</UnitQty>
      <Quantity>1</Quantity>
      <UnitMeasure />
      <BisWeighted>0</BisWeighted>
      <QtyInPackage>1</QtyInPackage>
      <ItemPrice>5.90</ItemPrice>
      <UnitOfMeasurePrice>5.90</UnitOfMeasurePrice>
      <AllowDiscount>0</AllowDiscount>
      <itemStatus>1</itemStatus>
      <LastUpdateDate />
      <LastUpdateTime />
    </Product>
    <Product>
      <PriceUpdateDate>2019/11/13 12:09</PriceUpdateDate>
      <ItemCode>7290001246337</ItemCode>
      <ItemType>1</ItemType>
      <ItemName>ג`ל אסלות אורנית 750 מל טא`צ</ItemName>
      <ManufactureName>סאסאטק אגשח בעמ</ManufactureName>
      <ManufactureCountry />
      <ManufactureItemDescription />
      <UnitQty>יח`</UnitQty>
      <Quantity>1</Quantity>
      <UnitMeasure />
      <BisWeighted>0</BisWeighted>
      <QtyInPackage>1</QtyInPackage>
      <ItemPrice>8.90</ItemPrice>
      <UnitOfMeasurePrice>8.90</UnitOfMeasurePrice>
      <AllowDiscount>0</AllowDiscount>
      <itemStatus>1</itemStatus>
      <LastUpdateDate />
      <LastUpdateTime />
    </Product>
    <Product>
      <PriceUpdateDate>2019/11/12 10:23</PriceUpdateDate>
      <ItemCode>7290001246351</ItemCode>
      <ItemType>1</ItemType>
      <ItemName>נוזל רצפות לבנדר 4 ליטר טאצ</ItemName>
      <ManufactureName>סאסאטק אגשח בעמ</ManufactureName>
      <ManufactureCountry />
      <ManufactureItemDescription />
      <UnitQty>יח`</UnitQty>
      <Quantity>40</Quantity>
      <UnitMeasure>100 מ"ל</UnitMeasure>
      <BisWeighted>0</BisWeighted>
      <QtyInPackage>1</QtyInPackage>
      <ItemPrice>13.90</ItemPrice>
      <UnitOfMeasurePrice>0.35</UnitOfMeasurePrice>
      <AllowDiscount>1</AllowDiscount>
      <itemStatus>1</itemStatus>
      <LastUpdateDate />
      <LastUpdateTime />
    </Product>
    <Product>
      <PriceUpdateDate>2018/04/24 10:07</PriceUpdateDate>
      <ItemCode>7290001247051</ItemCode>
      <ItemType>1</ItemType>
      <ItemName>קריסטל 2 ליטר למון ליים</ItemName>
      <ManufactureName>יפאורה</ManufactureName>
      <ManufactureCountry />
      <ManufactureItemDescription />
      <UnitQty>יח`</UnitQty>
      <Quantity>2</Quantity>
      <UnitMeasure>1 ליטר</UnitMeasure>
      <BisWeighted>0</BisWeighted>
      <QtyInPackage>1</QtyInPackage>
      <ItemPrice>3.80</ItemPrice>
      <UnitOfMeasurePrice>1.90</UnitOfMeasurePrice>
      <AllowDiscount>0</AllowDiscount>
      <itemStatus>1</itemStatus>
      <LastUpdateDate />
      <LastUpdateTime />
    </Product>
    <Product>
      <PriceUpdateDate>2018/04/24 10:24</PriceUpdateDate>
      <ItemCode>7290001247068</ItemCode>
      <ItemType>1</ItemType>
      <ItemName>נקטר תות בננה ספרינג (1 ליטר)</ItemName>
      <ManufactureName>יפאורה</ManufactureName>
      <ManufactureCountry />
      <ManufactureItemDescription />
      <UnitQty>יח`</UnitQty>
      <Quantity>10</Quantity>
      <UnitMeasure>100 מ"ל</UnitMeasure>
      <BisWeighted>0</BisWeighted>
      <QtyInPackage>1</QtyInPackage>
      <ItemPrice>5.50</ItemPrice>
      <UnitOfMeasurePrice>0.55</UnitOfMeasurePrice>
      <AllowDiscount>1</AllowDiscount>
      <itemStatus>1</itemStatus>
      <LastUpdateDate />
      <LastUpdateTime />
    </Product>
    <Product>
      <PriceUpdateDate>2018/04/24 10:24</PriceUpdateDate>
      <ItemCode>7290001247099</ItemCode>
      <ItemType>1</ItemType>
      <ItemName>נקטר מנגו ספרינג (1 ליטר)</ItemName>
      <ManufactureName>יפאורה</ManufactureName>
      <ManufactureCountry />
      <ManufactureItemDescription />
      <UnitQty>יח`</UnitQty>
      <Quantity>10</Quantity>
      <UnitMeasure>100 מ"ל</UnitMeasure>
      <BisWeighted>0</BisWeighted>
      <QtyInPackage>1</QtyInPackage>
      <ItemPrice>5.50</ItemPrice>
      <UnitOfMeasurePrice>0.55</UnitOfMeasurePrice>
      <AllowDiscount>1</AllowDiscount>
      <itemStatus>1</itemStatus>
      <LastUpdateDate />
      <LastUpdateTime />
    </Product>
    <Product>
      <PriceUpdateDate>2018/04/24 10:24</PriceUpdateDate>
      <ItemCode>7290001247105</ItemCode>
      <ItemType>1</ItemType>
      <ItemName>נקטר אפרסקים ספרינג (1 ליטר)</ItemName>
      <ManufactureName>יפאורה</ManufactureName>
      <ManufactureCountry />
      <ManufactureItemDescription />
      <UnitQty>יח`</UnitQty>
      <Quantity>10</Quantity>
      <UnitMeasure>100 מ"ל</UnitMeasure>
      <BisWeighted>0</BisWeighted>
      <QtyInPackage>1</QtyInPackage>
      <ItemPrice>5.50</ItemPrice>
      <UnitOfMeasurePrice>0.55</UnitOfMeasurePrice>
      <AllowDiscount>1</AllowDiscount>
      <itemStatus>1</itemStatus>
      <LastUpdateDate />
      <LastUpdateTime />
    </Product>
    <Product>
      <PriceUpdateDate>2019/01/07 10:57</PriceUpdateDate>
      <ItemCode>7290001247112</ItemCode>
      <ItemType>1</ItemType>
      <ItemName>משקה קל לימונענע ספרינג (1 ליטר)</ItemName>
      <ManufactureName>יפאורה</ManufactureName>
      <ManufactureCountry />
      <ManufactureItemDescription />
      <UnitQty>יח`</UnitQty>
      <Quantity>10</Quantity>
      <UnitMeasure>100 מ"ל</UnitMeasure>
      <BisWeighted>0</BisWeighted>
      <QtyInPackage>1</QtyInPackage>
      <ItemPrice>5.50</ItemPrice>
      <UnitOfMeasurePrice>0.55</UnitOfMeasurePrice>
      <AllowDiscount>1</AllowDiscount>
      <itemStatus>1</itemStatus>
      <LastUpdateDate />
      <LastUpdateTime />
    </Product>
    <Product>
      <PriceUpdateDate>2018/04/24 10:24</PriceUpdateDate>
      <ItemCode>7290001247129</ItemCode>
      <ItemType>1</ItemType>
      <ItemName>נקטר תפוזים ספרינג (1 ליטר)</ItemName>
      <ManufactureName>יפאורה</ManufactureName>
      <ManufactureCountry />
      <ManufactureItemDescription />
      <UnitQty>יח`</UnitQty>
      <Quantity>10</Quantity>
      <UnitMeasure>100 מ"ל</UnitMeasure>
      <BisWeighted>0</BisWeighted>
      <QtyInPackage>1</QtyInPackage>
      <ItemPrice>5.50</ItemPrice>
      <UnitOfMeasurePrice>0.55</UnitOfMeasurePrice>
      <AllowDiscount>1</AllowDiscount>
      <itemStatus>1</itemStatus>
      <LastUpdateDate />
      <LastUpdateTime />
    </Product>
    <Product>
      <PriceUpdateDate>2018/04/24 11:25</PriceUpdateDate>
      <ItemCode>7290001247143</ItemCode>
      <ItemType>1</ItemType>
      <ItemName>נקטר תפוחים ספרינג (1 ליטר)</ItemName>
      <ManufactureName>יפאורה</ManufactureName>
      <ManufactureCountry />
      <ManufactureItemDescription />
      <UnitQty>יח`</UnitQty>
      <Quantity>10</Quantity>
      <UnitMeasure>100 מ"ל</UnitMeasure>
      <BisWeighted>0</BisWeighted>
      <QtyInPackage>1</QtyInPackage>
      <ItemPrice>5.50</ItemPrice>
      <UnitOfMeasurePrice>0.55</UnitOfMeasurePrice>
      <AllowDiscount>1</AllowDiscount>
      <itemStatus>1</itemStatus>
      <LastUpdateDate />
      <LastUpdateTime />
    </Product>
    <Product>
      <PriceUpdateDate>2018/04/24 10:07</PriceUpdateDate>
      <ItemCode>7290001247211</ItemCode>
      <ItemType>1</ItemType>
      <ItemName>משקה ענבים מוגז קריסטל (2 ליטר)</ItemName>
      <ManufactureName>יפאורה</ManufactureName>
      <ManufactureCountry />
      <ManufactureItemDescription />
      <UnitQty>יח`</UnitQty>
      <Quantity>2</Quantity>
      <UnitMeasure>1 ליטר</UnitMeasure>
      <BisWeighted>0</BisWeighted>
      <QtyInPackage>1</QtyInPackage>
      <ItemPrice>3.80</ItemPrice>
      <UnitOfMeasurePrice>1.90</UnitOfMeasurePrice>
      <AllowDiscount>0</AllowDiscount>
      <itemStatus>1</itemStatus>
      <LastUpdateDate />
      <LastUpdateTime />
    </Product>
    <Product>
      <PriceUpdateDate>2019/03/24 20:17</PriceUpdateDate>
      <ItemCode>7290001247952</ItemCode>
      <ItemType>1</ItemType>
      <ItemName>משקה קל ענבים תפוזינה (1.5 ליטר)</ItemName>
      <ManufactureName>יפאורה</ManufactureName>
      <ManufactureCountry />
      <ManufactureItemDescription />
      <UnitQty>יח`</UnitQty>
      <Quantity>15</Quantity>
      <UnitMeasure>100 מ"ל</UnitMeasure>
      <BisWeighted>0</BisWeighted>
      <QtyInPackage>1</QtyInPackage>
      <ItemPrice>6.50</ItemPrice>
      <UnitOfMeasurePrice>0.43</UnitOfMeasurePrice>
      <AllowDiscount>1</AllowDiscount>
      <itemStatus>1</itemStatus>
      <LastUpdateDate />
      <LastUpdateTime />
    </Product>
    <Product>
      <PriceUpdateDate>2018/04/24 11:42</PriceUpdateDate>
      <ItemCode>7290001274934</ItemCode>
      <ItemType>1</ItemType>
      <ItemName>מאגדת קרחונים דיאט שמינייה</ItemName>
      <ManufactureName>פלקו בעמ</ManufactureName>
      <ManufactureCountry />
      <ManufactureItemDescription />
      <UnitQty>יח`</UnitQty>
      <Quantity>6.40</Quantity>
      <UnitMeasure>100 גרם</UnitMeasure>
      <BisWeighted>0</BisWeighted>
      <QtyInPackage>1</QtyInPackage>
      <ItemPrice>22</ItemPrice>
      <UnitOfMeasurePrice>3.44</UnitOfMeasurePrice>
      <AllowDiscount>0</AllowDiscount>
      <itemStatus>1</itemStatus>
      <LastUpdateDate />
      <LastUpdateTime />
    </Product>
    <Product>
      <PriceUpdateDate>2018/04/24 11:42</PriceUpdateDate>
      <ItemCode>7290001274941</ItemCode>
      <ItemType>1</ItemType>
      <ItemName>מאגדת קרחונים דיאט שמינייה</ItemName>
      <ManufactureName>פלקו בעמ</ManufactureName>
      <ManufactureCountry />
      <ManufactureItemDescription />
      <UnitQty>יח`</UnitQty>
      <Quantity>6.40</Quantity>
      <UnitMeasure>100 גרם</UnitMeasure>
      <BisWeighted>0</BisWeighted>
      <QtyInPackage>1</QtyInPackage>
      <ItemPrice>22</ItemPrice>
      <UnitOfMeasurePrice>3.44</UnitOfMeasurePrice>
      <AllowDiscount>0</AllowDiscount>
      <itemStatus>1</itemStatus>
      <LastUpdateDate />
      <LastUpdateTime />
    </Product>
    <Product>
      <PriceUpdateDate>2018/04/24 09:45</PriceUpdateDate>
      <ItemCode>7290001327180</ItemCode>
      <ItemType>1</ItemType>
      <ItemName>שטראוס קרמיסימו</ItemName>
      <ManufactureName>גלידות שטראוס בעמ</ManufactureName>
      <ManufactureCountry />
      <ManufactureItemDescription />
      <UnitQty>יח`</UnitQty>
      <Quantity>1.33</Quantity>
      <UnitMeasure>1 ליטר</UnitMeasure>
      <BisWeighted>0</BisWeighted>
      <QtyInPackage>1</QtyInPackage>
      <ItemPrice>18.90</ItemPrice>
      <UnitOfMeasurePrice>14.21</UnitOfMeasurePrice>
      <AllowDiscount>1</AllowDiscount>
      <itemStatus>1</itemStatus>
      <LastUpdateDate />
      <LastUpdateTime />
    </Product>
    <Product>
      <PriceUpdateDate>2018/04/24 09:45</PriceUpdateDate>
      <ItemCode>7290001327197</ItemCode>
      <ItemType>1</ItemType>
      <ItemName>שטראוס קרמיסימו שוקולד וניל</ItemName>
      <ManufactureName>גלידות שטראוס בעמ</ManufactureName>
      <ManufactureCountry />
      <ManufactureItemDescription />
      <UnitQty>יח`</UnitQty>
      <Quantity>1.33</Quantity>
      <UnitMeasure>1 ליטר</UnitMeasure>
      <BisWeighted>0</BisWeighted>
      <QtyInPackage>1</QtyInPackage>
      <ItemPrice>18.90</ItemPrice>
      <UnitOfMeasurePrice>14.21</UnitOfMeasurePrice>
      <AllowDiscount>1</AllowDiscount>
      <itemStatus>1</itemStatus>
      <LastUpdateDate />
      <LastUpdateTime />
    </Product>
    <Product>
      <PriceUpdateDate>2018/04/24 09:45</PriceUpdateDate>
      <ItemCode>7290001327791</ItemCode>
      <ItemType>1</ItemType>
      <ItemName>שטראוס קרמיסימו</ItemName>
      <ManufactureName>גלידות שטראוס בעמ</ManufactureName>
      <ManufactureCountry />
      <ManufactureItemDescription />
      <UnitQty>יח`</UnitQty>
      <Quantity>1.33</Quantity>
      <UnitMeasure>1 ליטר</UnitMeasure>
      <BisWeighted>0</BisWeighted>
      <QtyInPackage>1</QtyInPackage>
      <ItemPrice>18.90</ItemPrice>
      <UnitOfMeasurePrice>14.21</UnitOfMeasurePrice>
      <AllowDiscount>1</AllowDiscount>
      <itemStatus>1</itemStatus>
      <LastUpdateDate />
      <LastUpdateTime />
    </Product>
    <Product>
      <PriceUpdateDate>2018/04/24 12:45</PriceUpdateDate>
      <ItemCode>7290001407370</ItemCode>
      <ItemType>1</ItemType>
      <ItemName>אלהילאל טחינה 900 גרם</ItemName>
      <ManufactureName>אלאנדלוס לשיווק והפצה בעמ</ManufactureName>
      <ManufactureCountry />
      <ManufactureItemDescription />
      <UnitQty>יח`</UnitQty>
      <Quantity>9</Quantity>
      <UnitMeasure>100 גרם</UnitMeasure>
      <BisWeighted>0</BisWeighted>
      <QtyInPackage>1</QtyInPackage>
      <ItemPrice>24.90</ItemPrice>
      <UnitOfMeasurePrice>2.77</UnitOfMeasurePrice>
      <AllowDiscount>1</AllowDiscount>
      <itemStatus>1</itemStatus>
      <LastUpdateDate />
      <LastUpdateTime />
    </Product>
    <Product>
      <PriceUpdateDate>2018/04/24 10:09</PriceUpdateDate>
      <ItemCode>7290001407752</ItemCode>
      <ItemType>1</ItemType>
      <ItemName>טחינה עם פטרוזיליה בארכה (500 גרם)</ItemName>
      <ManufactureName>קבוצת אסם סחר שות. מוגבלת</ManufactureName>
      <ManufactureCountry />
      <ManufactureItemDescription />
      <UnitQty>יח`</UnitQty>
      <Quantity>5</Quantity>
      <UnitMeasure>100 גרם</UnitMeasure>
      <BisWeighted>0</BisWeighted>
      <QtyInPackage>1</QtyInPackage>
      <ItemPrice>12.90</ItemPrice>
      <UnitOfMeasurePrice>2.58</UnitOfMeasurePrice>
      <AllowDiscount>0</AllowDiscount>
      <itemStatus>1</itemStatus>
      <LastUpdateDate />
      <LastUpdateTime />
    </Product>
    <Product>
      <PriceUpdateDate>2018/04/24 10:09</PriceUpdateDate>
      <ItemCode>7290001407813</ItemCode>
      <ItemType>1</ItemType>
      <ItemName>חלבה בארכה שאמית+פיסטוק 350 גר`</ItemName>
      <ManufactureName>קבוצת אסם סחר שות. מוגבלת</ManufactureName>
      <ManufactureCountry />
      <ManufactureItemDescription />
      <UnitQty>יח`</UnitQty>
      <Quantity>3.50</Quantity>
      <UnitMeasure>100 גרם</UnitMeasure>
      <BisWeighted>0</BisWeighted>
      <QtyInPackage>1</QtyInPackage>
      <ItemPrice>14.90</ItemPrice>
      <UnitOfMeasurePrice>4.26</UnitOfMeasurePrice>
      <AllowDiscount>0</AllowDiscount>
      <itemStatus>1</itemStatus>
      <LastUpdateDate />
      <LastUpdateTime />
    </Product>
    <Product>
      <PriceUpdateDate>2018/04/24 12:22</PriceUpdateDate>
      <ItemCode>7290001419892</ItemCode>
      <ItemType>1</ItemType>
      <ItemName>וופל קלאסי לימון 200 גר` עלמה</ItemName>
      <ManufactureName>רזיט שיווק בעמ</ManufactureName>
      <ManufactureCountry />
      <ManufactureItemDescription />
      <UnitQty>יח`</UnitQty>
      <Quantity>2</Quantity>
      <UnitMeasure>100 גרם</UnitMeasure>
      <BisWeighted>0</BisWeighted>
      <QtyInPackage>1</QtyInPackage>
      <ItemPrice>2.90</ItemPrice>
      <UnitOfMeasurePrice>1.45</UnitOfMeasurePrice>
      <AllowDiscount>1</AllowDiscount>
      <itemStatus>1</itemStatus>
      <LastUpdateDate />
      <LastUpdateTime />
    </Product>
    <Product>
      <PriceUpdateDate>2020/01/01 11:39</PriceUpdateDate>
      <ItemCode>7290001436790</ItemCode>
      <ItemType>1</ItemType>
      <ItemName>מרגז מיני אקסטרה 500 גר` 8 יח</ItemName>
      <ManufactureName>בלדי בעמ</ManufactureName>
      <ManufactureCountry />
      <ManufactureItemDescription />
      <UnitQty>יח`</UnitQty>
      <Quantity>5</Quantity>
      <UnitMeasure>100 גרם</UnitMeasure>
      <BisWeighted>0</BisWeighted>
      <QtyInPackage>1</QtyInPackage>
      <ItemPrice>27.90</ItemPrice>
      <UnitOfMeasurePrice>5.58</UnitOfMeasurePrice>
      <AllowDiscount>1</AllowDiscount>
      <itemStatus>1</itemStatus>
      <LastUpdateDate />
      <LastUpdateTime />
    </Product>
    <Product>
      <PriceUpdateDate>2018/04/24 13:22</PriceUpdateDate>
      <ItemCode>7290001462010</ItemCode>
      <ItemType>1</ItemType>
      <ItemName>אריסה ביתית תבליני ביטון יוחאי (250 גרם)</ItemName>
      <ManufactureName>נטו מלינדה סחר בעמ</ManufactureName>
      <ManufactureCountry />
      <ManufactureItemDescription />
      <UnitQty>יח`</UnitQty>
      <Quantity>2.50</Quantity>
      <UnitMeasure>100 גרם</UnitMeasure>
      <BisWeighted>0</BisWeighted>
      <QtyInPackage>1</QtyInPackage>
      <ItemPrice>13.90</ItemPrice>
      <UnitOfMeasurePrice>5.56</UnitOfMeasurePrice>
      <AllowDiscount>0</AllowDiscount>
      <itemStatus>1</itemStatus>
      <LastUpdateDate />
      <LastUpdateTime />
    </Product>
    <Product>
      <PriceUpdateDate>2018/04/24 09:34</PriceUpdateDate>
      <ItemCode>7290001482506</ItemCode>
      <ItemType>1</ItemType>
      <ItemName>חומץ בלסמי ממודנה</ItemName>
      <ManufactureName>ג.וילי-פוד אינטרנשיונל בעמ</ManufactureName>
      <ManufactureCountry />
      <ManufactureItemDescription />
      <UnitQty>יח`</UnitQty>
      <Quantity>5</Quantity>
      <UnitMeasure>100 מ"ל</UnitMeasure>
      <BisWeighted>0</BisWeighted>
      <QtyInPackage>1</QtyInPackage>
      <ItemPrice>20.90</ItemPrice>
      <UnitOfMeasurePrice>4.18</UnitOfMeasurePrice>
      <AllowDiscount>0</AllowDiscount>
      <itemStatus>1</itemStatus>
      <LastUpdateDate />
      <LastUpdateTime />
    </Product>
    <Product>
      <PriceUpdateDate>2018/10/10 15:30</PriceUpdateDate>
      <ItemCode>7290001485019</ItemCode>
      <ItemType>1</ItemType>
      <ItemName>גבינת שמנת 200 גר` 9%</ItemName>
      <ManufactureName>החב` המרכזית - טרה</ManufactureName>
      <ManufactureCountry />
      <ManufactureItemDescription />
      <UnitQty>יח`</UnitQty>
      <Quantity>2</Quantity>
      <UnitMeasure>100 גרם</UnitMeasure>
      <BisWeighted>0</BisWeighted>
      <QtyInPackage>1</QtyInPackage>
      <ItemPrice>11.30</ItemPrice>
      <UnitOfMeasurePrice>5.65</UnitOfMeasurePrice>
      <AllowDiscount>1</AllowDiscount>
      <itemStatus>1</itemStatus>
      <LastUpdateDate />
      <LastUpdateTime />
    </Product>
    <Product>
      <PriceUpdateDate>2018/10/10 15:30</PriceUpdateDate>
      <ItemCode>7290001485033</ItemCode>
      <ItemType>1</ItemType>
      <ItemName>גבינת קרם שמנת 5% שום שמיר טרה (200 גרם)</ItemName>
      <ManufactureName>החב` המרכזית - טרה</ManufactureName>
      <ManufactureCountry />
      <ManufactureItemDescription />
      <UnitQty>יח`</UnitQty>
      <Quantity>2</Quantity>
      <UnitMeasure>100 גרם</UnitMeasure>
      <BisWeighted>0</BisWeighted>
      <QtyInPackage>1</QtyInPackage>
      <ItemPrice>11.30</ItemPrice>
      <UnitOfMeasurePrice>5.65</UnitOfMeasurePrice>
      <AllowDiscount>1</AllowDiscount>
      <itemStatus>1</itemStatus>
      <LastUpdateDate />
      <LastUpdateTime />
    </Product>
    <Product>
      <PriceUpdateDate>2019/11/20 11:18</PriceUpdateDate>
      <ItemCode>7290001552049</ItemCode>
      <ItemType>1</ItemType>
      <ItemName> קוסקוס- מרוקאי קפוא</ItemName>
      <ManufactureName>מטעמי פאר (א.מ.נ) בעמ</ManufactureName>
      <ManufactureCountry />
      <ManufactureItemDescription />
      <UnitQty>יח`</UnitQty>
      <Quantity>8</Quantity>
      <UnitMeasure>100 גרם</UnitMeasure>
      <BisWeighted>0</BisWeighted>
      <QtyInPackage>1</QtyInPackage>
      <ItemPrice>14.90</ItemPrice>
      <UnitOfMeasurePrice>1.86</UnitOfMeasurePrice>
      <AllowDiscount>0</AllowDiscount>
      <itemStatus>1</itemStatus>
      <LastUpdateDate />
      <LastUpdateTime />
    </Product>
    <Product>
      <PriceUpdateDate>2018/04/24 12:51</PriceUpdateDate>
      <ItemCode>7290001567555</ItemCode>
      <ItemType>1</ItemType>
      <ItemName>פסטרמה מעודנת על גחלים 300 גר</ItemName>
      <ManufactureName>מעדני יחיעם (1993) בעמ</ManufactureName>
      <ManufactureCountry />
      <ManufactureItemDescription />
      <UnitQty>יח`</UnitQty>
      <Quantity>3</Quantity>
      <UnitMeasure>100 גרם</UnitMeasure>
      <BisWeighted>0</BisWeighted>
      <QtyInPackage>1</QtyInPackage>
      <ItemPrice>24.90</ItemPrice>
      <UnitOfMeasurePrice>8.30</UnitOfMeasurePrice>
      <AllowDiscount>1</AllowDiscount>
      <itemStatus>1</itemStatus>
      <LastUpdateDate />
      <LastUpdateTime />
    </Product>
    <Product>
      <PriceUpdateDate>2018/04/24 12:44</PriceUpdateDate>
      <ItemCode>7290001567708</ItemCode>
      <ItemType>1</ItemType>
      <ItemName>נקניקיות וינר 400 גרם</ItemName>
      <ManufactureName>מעדני יחיעם (1993) בעמ</ManufactureName>
      <ManufactureCountry />
      <ManufactureItemDescription />
      <UnitQty>יח`</UnitQty>
      <Quantity>4</Quantity>
      <UnitMeasure>100 גרם</UnitMeasure>
      <BisWeighted>0</BisWeighted>
      <QtyInPackage>1</QtyInPackage>
      <ItemPrice>12.90</ItemPrice>
      <UnitOfMeasurePrice>3.23</UnitOfMeasurePrice>
      <AllowDiscount>1</AllowDiscount>
      <itemStatus>1</itemStatus>
      <LastUpdateDate />
      <LastUpdateTime />
    </Product>
    <Product>
      <PriceUpdateDate>2018/04/24 12:44</PriceUpdateDate>
      <ItemCode>7290001567715</ItemCode>
      <ItemType>1</ItemType>
      <ItemName>נקניקיות חריפות 400 גרם</ItemName>
      <ManufactureName>מעדני יחיעם (1993) בעמ</ManufactureName>
      <ManufactureCountry />
      <ManufactureItemDescription />
      <UnitQty>יח`</UnitQty>
      <Quantity>4</Quantity>
      <UnitMeasure>100 גרם</UnitMeasure>
      <BisWeighted>0</BisWeighted>
      <QtyInPackage>1</QtyInPackage>
      <ItemPrice>12.90</ItemPrice>
      <UnitOfMeasurePrice>3.23</UnitOfMeasurePrice>
      <AllowDiscount>1</AllowDiscount>
      <itemStatus>1</itemStatus>
      <LastUpdateDate />
      <LastUpdateTime />
    </Product>
    <Product>
      <PriceUpdateDate>2018/04/24 12:40</PriceUpdateDate>
      <ItemCode>7290001567760</ItemCode>
      <ItemType>1</ItemType>
      <ItemName>פסטרמה של פעם 300 גרם לחמ</ItemName>
      <ManufactureName>מעדני יחיעם (1993) בעמ</ManufactureName>
      <ManufactureCountry />
      <ManufactureItemDescription />
      <UnitQty>יח`</UnitQty>
      <Quantity>3</Quantity>
      <UnitMeasure>100 גרם</UnitMeasure>
      <BisWeighted>0</BisWeighted>
      <QtyInPackage>1</QtyInPackage>
      <ItemPrice>26.90</ItemPrice>
      <UnitOfMeasurePrice>8.97</UnitOfMeasurePrice>
      <AllowDiscount>1</AllowDiscount>
      <itemStatus>1</itemStatus>
      <LastUpdateDate />
      <LastUpdateTime />
    </Product>
    <Product>
      <PriceUpdateDate>2018/04/24 12:40</PriceUpdateDate>
      <ItemCode>7290001567791</ItemCode>
      <ItemType>1</ItemType>
      <ItemName>פסטרמה רומנית 250 גרם לחמ</ItemName>
      <ManufactureName>מעדני יחיעם (1993) בעמ</ManufactureName>
      <ManufactureCountry />
      <ManufactureItemDescription />
      <UnitQty>יח`</UnitQty>
      <Quantity>2.50</Quantity>
      <UnitMeasure>100 גרם</UnitMeasure>
      <BisWeighted>0</BisWeighted>
      <QtyInPackage>1</QtyInPackage>
      <ItemPrice>26.90</ItemPrice>
      <UnitOfMeasurePrice>10.76</UnitOfMeasurePrice>
      <AllowDiscount>1</AllowDiscount>
      <itemStatus>1</itemStatus>
      <LastUpdateDate />
      <LastUpdateTime />
    </Product>
    <Product>
      <PriceUpdateDate>2018/04/24 12:40</PriceUpdateDate>
      <ItemCode>7290001567814</ItemCode>
      <ItemType>1</ItemType>
      <ItemName>סלמי מעושן בסגנון איטלקי 300 גרם</ItemName>
      <ManufactureName>מעדני יחיעם (1993) בעמ</ManufactureName>
      <ManufactureCountry />
      <ManufactureItemDescription />
      <UnitQty>יח`</UnitQty>
      <Quantity>3</Quantity>
      <UnitMeasure>100 גרם</UnitMeasure>
      <BisWeighted>0</BisWeighted>
      <QtyInPackage>1</QtyInPackage>
      <ItemPrice>21.90</ItemPrice>
      <UnitOfMeasurePrice>7.30</UnitOfMeasurePrice>
      <AllowDiscount>1</AllowDiscount>
      <itemStatus>1</itemStatus>
      <LastUpdateDate />
      <LastUpdateTime />
    </Product>
    <Product>
      <PriceUpdateDate>2018/04/24 09:41</PriceUpdateDate>
      <ItemCode>7290001594568</ItemCode>
      <ItemType>1</ItemType>
      <ItemName>בירה בפחית קרלסברג (500 מל)</ItemName>
      <ManufactureName>החברה המרכזית להפצת משקאות בעמ</ManufactureName>
      <ManufactureCountry />
      <ManufactureItemDescription />
      <UnitQty>יח`</UnitQty>
      <Quantity>5</Quantity>
      <UnitMeasure>100 מ"ל</UnitMeasure>
      <BisWeighted>0</BisWeighted>
      <QtyInPackage>1</QtyInPackage>
      <ItemPrice>8.90</ItemPrice>
      <UnitOfMeasurePrice>1.72</UnitOfMeasurePrice>
      <AllowDiscount>0</AllowDiscount>
      <itemStatus>1</itemStatus>
      <LastUpdateDate />
      <LastUpdateTime />
    </Product>
    <Product>
      <PriceUpdateDate>2018/04/24 09:41</PriceUpdateDate>
      <ItemCode>7290001594575</ItemCode>
      <ItemType>1</ItemType>
      <ItemName>בירה בפחית רד טובורג (500 מל)</ItemName>
      <ManufactureName>החברה המרכזית להפצת משקאות בעמ</ManufactureName>
      <ManufactureCountry />
      <ManufactureItemDescription />
      <UnitQty>יח`</UnitQty>
      <Quantity>5</Quantity>
      <UnitMeasure>100 מ"ל</UnitMeasure>
      <BisWeighted>0</BisWeighted>
      <QtyInPackage>1</QtyInPackage>
      <ItemPrice>8.90</ItemPrice>
      <UnitOfMeasurePrice>1.72</UnitOfMeasurePrice>
      <AllowDiscount>0</AllowDiscount>
      <itemStatus>1</itemStatus>
      <LastUpdateDate />
      <LastUpdateTime />
    </Product>
    <Product>
      <PriceUpdateDate>2019/03/05 15:51</PriceUpdateDate>
      <ItemCode>7290001670057</ItemCode>
      <ItemType>1</ItemType>
      <ItemName>כפיות לבן 100 יחידות</ItemName>
      <ManufactureName>הנמל אריזות ושיווק (1984) בעמ</ManufactureName>
      <ManufactureCountry />
      <ManufactureItemDescription />
      <UnitQty>יח`</UnitQty>
      <Quantity>1</Quantity>
      <UnitMeasure />
      <BisWeighted>0</BisWeighted>
      <QtyInPackage>1</QtyInPackage>
      <ItemPrice>6.90</ItemPrice>
      <UnitOfMeasurePrice>6.90</UnitOfMeasurePrice>
      <AllowDiscount>1</AllowDiscount>
      <itemStatus>1</itemStatus>
      <LastUpdateDate />
      <LastUpdateTime />
    </Product>
    <Product>
      <PriceUpdateDate>2019/03/05 15:51</PriceUpdateDate>
      <ItemCode>7290001670071</ItemCode>
      <ItemType>1</ItemType>
      <ItemName>כפות לבן 100 יחידות</ItemName>
      <ManufactureName>הנמל אריזות ושיווק (1984) בעמ</ManufactureName>
      <ManufactureCountry />
      <ManufactureItemDescription />
      <UnitQty>יח`</UnitQty>
      <Quantity>1</Quantity>
      <UnitMeasure />
      <BisWeighted>0</BisWeighted>
      <QtyInPackage>1</QtyInPackage>
      <ItemPrice>7.90</ItemPrice>
      <UnitOfMeasurePrice>7.90</UnitOfMeasurePrice>
      <AllowDiscount>1</AllowDiscount>
      <itemStatus>1</itemStatus>
      <LastUpdateDate />
      <LastUpdateTime />
    </Product>
    <Product>
      <PriceUpdateDate>2019/05/26 14:26</PriceUpdateDate>
      <ItemCode>7290001670255</ItemCode>
      <ItemType>1</ItemType>
      <ItemName>כוסות B8 קרטון 50 יח</ItemName>
      <ManufactureName>הנמל אריזות ושיווק (1984) בעמ</ManufactureName>
      <ManufactureCountry />
      <ManufactureItemDescription />
      <UnitQty>יח`</UnitQty>
      <Quantity>1</Quantity>
      <UnitMeasure />
      <BisWeighted>0</BisWeighted>
      <QtyInPackage>1</QtyInPackage>
      <ItemPrice>5.90</ItemPrice>
      <UnitOfMeasurePrice>5.90</UnitOfMeasurePrice>
      <AllowDiscount>1</AllowDiscount>
      <itemStatus>1</itemStatus>
      <LastUpdateDate />
      <LastUpdateTime />
    </Product>
    <Product>
      <PriceUpdateDate>2018/04/24 11:06</PriceUpdateDate>
      <ItemCode>7290001670354</ItemCode>
      <ItemType>1</ItemType>
      <ItemName>מפת שולחן סופגת במיוחד הנמל</ItemName>
      <ManufactureName>הנמל אריזות ושיווק (1984) בעמ</ManufactureName>
      <ManufactureCountry />
      <ManufactureItemDescription />
      <UnitQty>יח`</UnitQty>
      <Quantity>1</Quantity>
      <UnitMeasure />
      <BisWeighted>0</BisWeighted>
      <QtyInPackage>1</QtyInPackage>
      <ItemPrice>10</ItemPrice>
      <UnitOfMeasurePrice>10</UnitOfMeasurePrice>
      <AllowDiscount>1</AllowDiscount>
      <itemStatus>1</itemStatus>
      <LastUpdateDate />
      <LastUpdateTime />
    </Product>
    <Product>
      <PriceUpdateDate>2018/07/23 10:21</PriceUpdateDate>
      <ItemCode>7290001670408</ItemCode>
      <ItemType>1</ItemType>
      <ItemName>נרות חימום בשקית 50 יח הנמל</ItemName>
      <ManufactureName>הנמל אריזות ושיווק (1984) בעמ</ManufactureName>
      <ManufactureCountry />
      <ManufactureItemDescription />
      <UnitQty>יח`</UnitQty>
      <Quantity>1</Quantity>
      <UnitMeasure />
      <BisWeighted>0</BisWeighted>
      <QtyInPackage>1</QtyInPackage>
      <ItemPrice>9.90</ItemPrice>
      <UnitOfMeasurePrice>9.90</UnitOfMeasurePrice>
      <AllowDiscount>0</AllowDiscount>
      <itemStatus>1</itemStatus>
      <LastUpdateDate />
      <LastUpdateTime />
    </Product>
    <Product>
      <PriceUpdateDate>2018/04/24 09:39</PriceUpdateDate>
      <ItemCode>7290001670514</ItemCode>
      <ItemType>1</ItemType>
      <ItemName>מלית אוכמניות הנמל</ItemName>
      <ManufactureName>הנמל אריזות ושיווק (1984) בעמ</ManufactureName>
      <ManufactureCountry />
      <ManufactureItemDescription />
      <UnitQty>יח`</UnitQty>
      <Quantity>4</Quantity>
      <UnitMeasure>100 גרם</UnitMeasure>
      <BisWeighted>0</BisWeighted>
      <QtyInPackage>1</QtyInPackage>
      <ItemPrice>13.90</ItemPrice>
      <UnitOfMeasurePrice>3.48</UnitOfMeasurePrice>
      <AllowDiscount>0</AllowDiscount>
      <itemStatus>1</itemStatus>
      <LastUpdateDate />
      <LastUpdateTime />
    </Product>
    <Product>
      <PriceUpdateDate>2018/04/24 09:39</PriceUpdateDate>
      <ItemCode>7290001670842</ItemCode>
      <ItemType>1</ItemType>
      <ItemName>ממרח חלבה פוליבה (400 גרם)</ItemName>
      <ManufactureName>הנמל אריזות ושיווק (1984) בעמ</ManufactureName>
      <ManufactureCountry />
      <ManufactureItemDescription />
      <UnitQty>יח`</UnitQty>
      <Quantity>4</Quantity>
      <UnitMeasure>100 גרם</UnitMeasure>
      <BisWeighted>0</BisWeighted>
      <QtyInPackage>1</QtyInPackage>
      <ItemPrice>11.90</ItemPrice>
      <UnitOfMeasurePrice>2.98</UnitOfMeasurePrice>
      <AllowDiscount>0</AllowDiscount>
      <itemStatus>1</itemStatus>
      <LastUpdateDate />
      <LastUpdateTime />
    </Product>
    <Product>
      <PriceUpdateDate>2018/08/01 13:48</PriceUpdateDate>
      <ItemCode>7290001670873</ItemCode>
      <ItemType>1</ItemType>
      <ItemName>צלחות גדולות עבות הנמל (66)</ItemName>
      <ManufactureName>הנמל אריזות ושיווק (1984) בעמ</ManufactureName>
      <ManufactureCountry />
      <ManufactureItemDescription />
      <UnitQty>יח`</UnitQty>
      <Quantity>1</Quantity>
      <UnitMeasure />
      <BisWeighted>0</BisWeighted>
      <QtyInPackage>1</QtyInPackage>
      <ItemPrice>25.90</ItemPrice>
      <UnitOfMeasurePrice>25.90</UnitOfMeasurePrice>
      <AllowDiscount>1</AllowDiscount>
      <itemStatus>1</itemStatus>
      <LastUpdateDate />
      <LastUpdateTime />
    </Product>
    <Product>
      <PriceUpdateDate>2019/01/30 10:28</PriceUpdateDate>
      <ItemCode>7290001696507</ItemCode>
      <ItemType>1</ItemType>
      <ItemName>פלאפל פיצוחים 180 גר`</ItemName>
      <ManufactureName>בוטנת בעמ</ManufactureName>
      <ManufactureCountry />
      <ManufactureItemDescription />
      <UnitQty>יח`</UnitQty>
      <Quantity>2</Quantity>
      <UnitMeasure>100 גרם</UnitMeasure>
      <BisWeighted>0</BisWeighted>
      <QtyInPackage>1</QtyInPackage>
      <ItemPrice>10.90</ItemPrice>
      <UnitOfMeasurePrice>5.45</UnitOfMeasurePrice>
      <AllowDiscount>0</AllowDiscount>
      <itemStatus>1</itemStatus>
      <LastUpdateDate />
      <LastUpdateTime />
    </Product>
    <Product>
      <PriceUpdateDate>2018/04/24 10:47</PriceUpdateDate>
      <ItemCode>7290001696620</ItemCode>
      <ItemType>1</ItemType>
      <ItemName>מיקס פיצוחים פיצוחי חממה (350 גרם)</ItemName>
      <ManufactureName>בוטנת בעמ</ManufactureName>
      <ManufactureCountry />
      <ManufactureItemDescription />
      <UnitQty>יח`</UnitQty>
      <Quantity>3.50</Quantity>
      <UnitMeasure>100 גרם</UnitMeasure>
      <BisWeighted>0</BisWeighted>
      <QtyInPackage>1</QtyInPackage>
      <ItemPrice>10.90</ItemPrice>
      <UnitOfMeasurePrice>3.11</UnitOfMeasurePrice>
      <AllowDiscount>0</AllowDiscount>
      <itemStatus>1</itemStatus>
      <LastUpdateDate />
      <LastUpdateTime />
    </Product>
    <Product>
      <PriceUpdateDate>2018/04/24 10:47</PriceUpdateDate>
      <ItemCode>7290001696736</ItemCode>
      <ItemType>1</ItemType>
      <ItemName>פקאן סיני פיצוחי חממה (100 גרם)</ItemName>
      <ManufactureName>בוטנת בעמ</ManufactureName>
      <ManufactureCountry />
      <ManufactureItemDescription />
      <UnitQty>יח`</UnitQty>
      <Quantity>1</Quantity>
      <UnitMeasure>100 גרם</UnitMeasure>
      <BisWeighted>0</BisWeighted>
      <QtyInPackage>1</QtyInPackage>
      <ItemPrice>16.90</ItemPrice>
      <UnitOfMeasurePrice>16.90</UnitOfMeasurePrice>
      <AllowDiscount>1</AllowDiscount>
      <itemStatus>1</itemStatus>
      <LastUpdateDate />
      <LastUpdateTime />
    </Product>
    <Product>
      <PriceUpdateDate>2019/08/09 11:32</PriceUpdateDate>
      <ItemCode>7290001710111</ItemCode>
      <ItemType>1</ItemType>
      <ItemName>נקניקיות מרגז</ItemName>
      <ManufactureName>נטו מלינדה סחר בעמ</ManufactureName>
      <ManufactureCountry />
      <ManufactureItemDescription />
      <UnitQty>יח`</UnitQty>
      <Quantity>5</Quantity>
      <UnitMeasure>100 גרם</UnitMeasure>
      <BisWeighted>0</BisWeighted>
      <QtyInPackage>1</QtyInPackage>
      <ItemPrice>19.90</ItemPrice>
      <UnitOfMeasurePrice>3.98</UnitOfMeasurePrice>
      <AllowDiscount>0</AllowDiscount>
      <itemStatus>1</itemStatus>
      <LastUpdateDate />
      <LastUpdateTime />
    </Product>
    <Product>
      <PriceUpdateDate>2019/09/29 07:35</PriceUpdateDate>
      <ItemCode>7290001710128</ItemCode>
      <ItemType>1</ItemType>
      <ItemName>נקניקיות צוריסוס 500 גר`.</ItemName>
      <ManufactureName>נטו מלינדה סחר בעמ</ManufactureName>
      <ManufactureCountry />
      <ManufactureItemDescription />
      <UnitQty>יח`</UnitQty>
      <Quantity>5</Quantity>
      <UnitMeasure>100 גרם</UnitMeasure>
      <BisWeighted>0</BisWeighted>
      <QtyInPackage>1</QtyInPackage>
      <ItemPrice>19.90</ItemPrice>
      <UnitOfMeasurePrice>3.98</UnitOfMeasurePrice>
      <AllowDiscount>0</AllowDiscount>
      <itemStatus>1</itemStatus>
      <LastUpdateDate />
      <LastUpdateTime />
    </Product>
    <Product>
      <PriceUpdateDate>2020/02/16 07:48</PriceUpdateDate>
      <ItemCode>7290001713853</ItemCode>
      <ItemType>1</ItemType>
      <ItemName>אקונומיקה ריחנית 4ליטר</ItemName>
      <ManufactureName>קומפלקס כימיקלים בעמ</ManufactureName>
      <ManufactureCountry />
      <ManufactureItemDescription />
      <UnitQty>יח`</UnitQty>
      <Quantity>40</Quantity>
      <UnitMeasure>100 מ"ל</UnitMeasure>
      <BisWeighted>0</BisWeighted>
      <QtyInPackage>1</QtyInPackage>
      <ItemPrice>9.90</ItemPrice>
      <UnitOfMeasurePrice>0.25</UnitOfMeasurePrice>
      <AllowDiscount>0</AllowDiscount>
      <itemStatus>1</itemStatus>
      <LastUpdateDate />
      <LastUpdateTime />
    </Product>
    <Product>
      <PriceUpdateDate>2018/04/24 10:05</PriceUpdateDate>
      <ItemCode>7290001780428</ItemCode>
      <ItemType>1</ItemType>
      <ItemName>מאגדת גלידה לייט שוקו 6 יח`</ItemName>
      <ManufactureName>נגה גלידות שותפות מוגבלת</ManufactureName>
      <ManufactureCountry />
      <ManufactureItemDescription />
      <UnitQty>יח`</UnitQty>
      <Quantity>3.12</Quantity>
      <UnitMeasure>100 גרם</UnitMeasure>
      <BisWeighted>0</BisWeighted>
      <QtyInPackage>1</QtyInPackage>
      <ItemPrice>27.90</ItemPrice>
      <UnitOfMeasurePrice>8.94</UnitOfMeasurePrice>
      <AllowDiscount>0</AllowDiscount>
      <itemStatus>1</itemStatus>
      <LastUpdateDate />
      <LastUpdateTime />
    </Product>
    <Product>
      <PriceUpdateDate>2019/09/03 12:32</PriceUpdateDate>
      <ItemCode>7290001791349</ItemCode>
      <ItemType>1</ItemType>
      <ItemName>אקונומיקה פיסגה ריחנית סנו (4 ליטר)</ItemName>
      <ManufactureName>החברה הדרומית לשיווק בעמ</ManufactureName>
      <ManufactureCountry />
      <ManufactureItemDescription />
      <UnitQty>יח`</UnitQty>
      <Quantity>4</Quantity>
      <UnitMeasure>1 ליטר</UnitMeasure>
      <BisWeighted>0</BisWeighted>
      <QtyInPackage>1</QtyInPackage>
      <ItemPrice>9.90</ItemPrice>
      <UnitOfMeasurePrice>2.48</UnitOfMeasurePrice>
      <AllowDiscount>0</AllowDiscount>
      <itemStatus>1</itemStatus>
      <LastUpdateDate />
      <LastUpdateTime />
    </Product>
    <Product>
      <PriceUpdateDate>2018/04/24 09:49</PriceUpdateDate>
      <ItemCode>7290001813881</ItemCode>
      <ItemType>1</ItemType>
      <ItemName>ביסקוויט פתי בר בטעם חמאה עלית (500 גרם)</ItemName>
      <ManufactureName>שטראוס גרופ בעמ</ManufactureName>
      <ManufactureCountry />
      <ManufactureItemDescription />
      <UnitQty>יח`</UnitQty>
      <Quantity>5</Quantity>
      <UnitMeasure>100 גרם</UnitMeasure>
      <BisWeighted>0</BisWeighted>
      <QtyInPackage>1</QtyInPackage>
      <ItemPrice>10.90</ItemPrice>
      <UnitOfMeasurePrice>2.18</UnitOfMeasurePrice>
      <AllowDiscount>1</AllowDiscount>
      <itemStatus>1</itemStatus>
      <LastUpdateDate />
      <LastUpdateTime />
    </Product>
    <Product>
      <PriceUpdateDate>2018/04/24 09:49</PriceUpdateDate>
      <ItemCode>7290001814147</ItemCode>
      <ItemType>1</ItemType>
      <ItemName>ממרח בטעם שוקולד פרה עלית (500 גרם)</ItemName>
      <ManufactureName>שטראוס גרופ בעמ</ManufactureName>
      <ManufactureCountry />
      <ManufactureItemDescription />
      <UnitQty>יח`</UnitQty>
      <Quantity>5</Quantity>
      <UnitMeasure>100 גרם</UnitMeasure>
      <BisWeighted>0</BisWeighted>
      <QtyInPackage>1</QtyInPackage>
      <ItemPrice>11.90</ItemPrice>
      <UnitOfMeasurePrice>2.38</UnitOfMeasurePrice>
      <AllowDiscount>0</AllowDiscount>
      <itemStatus>1</itemStatus>
      <LastUpdateDate />
      <LastUpdateTime />
    </Product>
    <Product>
      <PriceUpdateDate>2018/04/24 09:49</PriceUpdateDate>
      <ItemCode>7290001814222</ItemCode>
      <ItemType>1</ItemType>
      <ItemName>שוקולד פרה חלב עם עדשים עלית (100 גרם)</ItemName>
      <ManufactureName>שטראוס גרופ בעמ</ManufactureName>
      <ManufactureCountry />
      <ManufactureItemDescription />
      <UnitQty>יח`</UnitQty>
      <Quantity>1</Quantity>
      <UnitMeasure>100 גרם</UnitMeasure>
      <BisWeighted>0</BisWeighted>
      <QtyInPackage>1</QtyInPackage>
      <ItemPrice>4.90</ItemPrice>
      <UnitOfMeasurePrice>4.90</UnitOfMeasurePrice>
      <AllowDiscount>1</AllowDiscount>
      <itemStatus>1</itemStatus>
      <LastUpdateDate />
      <LastUpdateTime />
    </Product>
    <Product>
      <PriceUpdateDate>2019/01/30 09:36</PriceUpdateDate>
      <ItemCode>7290001817063</ItemCode>
      <ItemType>1</ItemType>
      <ItemName>טופי מזל וברכות 850 גר`</ItemName>
      <ManufactureName>שטראוס גרופ בעמ</ManufactureName>
      <ManufactureCountry />
      <ManufactureItemDescription />
      <UnitQty>יח`</UnitQty>
      <Quantity>8.50</Quantity>
      <UnitMeasure>100 גרם</UnitMeasure>
      <BisWeighted>0</BisWeighted>
      <QtyInPackage>1</QtyInPackage>
      <ItemPrice>15.50</ItemPrice>
      <UnitOfMeasurePrice>1.82</UnitOfMeasurePrice>
      <AllowDiscount>0</AllowDiscount>
      <itemStatus>1</itemStatus>
      <LastUpdateDate />
      <LastUpdateTime />
    </Product>
    <Product>
      <PriceUpdateDate>2018/04/24 09:33</PriceUpdateDate>
      <ItemCode>7290001817377</ItemCode>
      <ItemType>1</ItemType>
      <ItemName>ציטוס איקס עיגול 60 גר</ItemName>
      <ManufactureName>שטראוס פריטו ליי בעמ</ManufactureName>
      <ManufactureCountry />
      <ManufactureItemDescription />
      <UnitQty>יח`</UnitQty>
      <Quantity>0.60</Quantity>
      <UnitMeasure>100 גרם</UnitMeasure>
      <BisWeighted>0</BisWeighted>
      <QtyInPackage>1</QtyInPackage>
      <ItemPrice>3.50</ItemPrice>
      <UnitOfMeasurePrice>5.83</UnitOfMeasurePrice>
      <AllowDiscount>1</AllowDiscount>
      <itemStatus>1</itemStatus>
      <LastUpdateDate />
      <LastUpdateTime />
    </Product>
    <Product>
      <PriceUpdateDate>2018/04/24 11:26</PriceUpdateDate>
      <ItemCode>7290001817728</ItemCode>
      <ItemType>1</ItemType>
      <ItemName>צ יטוס כאפה 55 גר</ItemName>
      <ManufactureName>שטראוס פריטו ליי בעמ</ManufactureName>
      <ManufactureCountry />
      <ManufactureItemDescription />
      <UnitQty>יח`</UnitQty>
      <Quantity>0.55</Quantity>
      <UnitMeasure>100 גרם</UnitMeasure>
      <BisWeighted>0</BisWeighted>
      <QtyInPackage>1</QtyInPackage>
      <ItemPrice>3.50</ItemPrice>
      <UnitOfMeasurePrice>6.36</UnitOfMeasurePrice>
      <AllowDiscount>1</AllowDiscount>
      <itemStatus>1</itemStatus>
      <LastUpdateDate />
      <LastUpdateTime />
    </Product>
    <Product>
      <PriceUpdateDate>2018/04/24 10:16</PriceUpdateDate>
      <ItemCode>7290001865439</ItemCode>
      <ItemType>1</ItemType>
      <ItemName>אל סבון נוזלי וניל פמילי (1 ליטר)</ItemName>
      <ManufactureName>דנשר (1963) בעמ</ManufactureName>
      <ManufactureCountry />
      <ManufactureItemDescription />
      <UnitQty>יח`</UnitQty>
      <Quantity>1</Quantity>
      <UnitMeasure>1 ליטר</UnitMeasure>
      <BisWeighted>0</BisWeighted>
      <QtyInPackage>1</QtyInPackage>
      <ItemPrice>14.90</ItemPrice>
      <UnitOfMeasurePrice>14.90</UnitOfMeasurePrice>
      <AllowDiscount>1</AllowDiscount>
      <itemStatus>1</itemStatus>
      <LastUpdateDate />
      <LastUpdateTime />
    </Product>
    <Product>
      <PriceUpdateDate>2018/04/24 10:16</PriceUpdateDate>
      <ItemCode>7290001865453</ItemCode>
      <ItemType>1</ItemType>
      <ItemName>אל סבון נוזלי לבנדר פמילי (1 ליטר)</ItemName>
      <ManufactureName>דנשר (1963) בעמ</ManufactureName>
      <ManufactureCountry />
      <ManufactureItemDescription />
      <UnitQty>יח`</UnitQty>
      <Quantity>1</Quantity>
      <UnitMeasure>1 ליטר</UnitMeasure>
      <BisWeighted>0</BisWeighted>
      <QtyInPackage>1</QtyInPackage>
      <ItemPrice>14.90</ItemPrice>
      <UnitOfMeasurePrice>14.90</UnitOfMeasurePrice>
      <AllowDiscount>1</AllowDiscount>
      <itemStatus>1</itemStatus>
      <LastUpdateDate />
      <LastUpdateTime />
    </Product>
    <Product>
      <PriceUpdateDate>2020/02/19 07:38</PriceUpdateDate>
      <ItemCode>7290001873441</ItemCode>
      <ItemType>1</ItemType>
      <ItemName>המבורגר 320  גר`בלאק אנגוס מוכשר ארוז</ItemName>
      <ManufactureName>נטו מלינדה סחר בעמ</ManufactureName>
      <ManufactureCountry />
      <ManufactureItemDescription />
      <UnitQty>יח`</UnitQty>
      <Quantity>4</Quantity>
      <UnitMeasure>100 גרם</UnitMeasure>
      <BisWeighted>0</BisWeighted>
      <QtyInPackage>1</QtyInPackage>
      <ItemPrice>24.90</ItemPrice>
      <UnitOfMeasurePrice>6.23</UnitOfMeasurePrice>
      <AllowDiscount>0</AllowDiscount>
      <itemStatus>1</itemStatus>
      <LastUpdateDate />
      <LastUpdateTime />
    </Product>
    <Product>
      <PriceUpdateDate>2020/02/19 07:38</PriceUpdateDate>
      <ItemCode>7290001873458</ItemCode>
      <ItemType>1</ItemType>
      <ItemName>סטייק בורגר 320  גר`בלאק אנגוס מוכשר אר</ItemName>
      <ManufactureName>נטו מלינדה סחר בעמ</ManufactureName>
      <ManufactureCountry />
      <ManufactureItemDescription />
      <UnitQty>יח`</UnitQty>
      <Quantity>4</Quantity>
      <UnitMeasure>100 גרם</UnitMeasure>
      <BisWeighted>0</BisWeighted>
      <QtyInPackage>1</QtyInPackage>
      <ItemPrice>24.90</ItemPrice>
      <UnitOfMeasurePrice>6.23</UnitOfMeasurePrice>
      <AllowDiscount>0</AllowDiscount>
      <itemStatus>1</itemStatus>
      <LastUpdateDate />
      <LastUpdateTime />
    </Product>
    <Product>
      <PriceUpdateDate>2019/01/07 10:57</PriceUpdateDate>
      <ItemCode>7290001917091</ItemCode>
      <ItemType>1</ItemType>
      <ItemName>אדג ג`ל גילוח זוג כתום+לבן</ItemName>
      <ManufactureName>דנשר (1963) בעמ</ManufactureName>
      <ManufactureCountry />
      <ManufactureItemDescription />
      <UnitQty>יח`</UnitQty>
      <Quantity>4.50</Quantity>
      <UnitMeasure>100 מ"ל</UnitMeasure>
      <BisWeighted>0</BisWeighted>
      <QtyInPackage>1</QtyInPackage>
      <ItemPrice>31.90</ItemPrice>
      <UnitOfMeasurePrice>7.09</UnitOfMeasurePrice>
      <AllowDiscount>0</AllowDiscount>
      <itemStatus>1</itemStatus>
      <LastUpdateDate />
      <LastUpdateTime />
    </Product>
    <Product>
      <PriceUpdateDate>2018/08/05 11:28</PriceUpdateDate>
      <ItemCode>7290001946121</ItemCode>
      <ItemType>1</ItemType>
      <ItemName>פפריקה מתוקה 400 גר</ItemName>
      <ManufactureName>דין שיווק וקליה בעמ</ManufactureName>
      <ManufactureCountry />
      <ManufactureItemDescription />
      <UnitQty>יח`</UnitQty>
      <Quantity>4</Quantity>
      <UnitMeasure>100 גרם</UnitMeasure>
      <BisWeighted>0</BisWeighted>
      <QtyInPackage>1</QtyInPackage>
      <ItemPrice>17.90</ItemPrice>
      <UnitOfMeasurePrice>4.48</UnitOfMeasurePrice>
      <AllowDiscount>0</AllowDiscount>
      <itemStatus>1</itemStatus>
      <LastUpdateDate />
      <LastUpdateTime />
    </Product>
    <Product>
      <PriceUpdateDate>2018/04/24 13:22</PriceUpdateDate>
      <ItemCode>7290001946404</ItemCode>
      <ItemType>1</ItemType>
      <ItemName>סלט שום כתוש תבליני ביטון יוחאי (250 גרם</ItemName>
      <ManufactureName>נטו מלינדה סחר בעמ</ManufactureName>
      <ManufactureCountry />
      <ManufactureItemDescription />
      <UnitQty>יח`</UnitQty>
      <Quantity>2.50</Quantity>
      <UnitMeasure>100 גרם</UnitMeasure>
      <BisWeighted>0</BisWeighted>
      <QtyInPackage>1</QtyInPackage>
      <ItemPrice>13.90</ItemPrice>
      <UnitOfMeasurePrice>5.56</UnitOfMeasurePrice>
      <AllowDiscount>0</AllowDiscount>
      <itemStatus>1</itemStatus>
      <LastUpdateDate />
      <LastUpdateTime />
    </Product>
    <Product>
      <PriceUpdateDate>2019/03/05 15:51</PriceUpdateDate>
      <ItemCode>7290002007319</ItemCode>
      <ItemType>1</ItemType>
      <ItemName>צלחות גדול 100 יחידות</ItemName>
      <ManufactureName>הנמל אריזות ושיווק (1984) בעמ</ManufactureName>
      <ManufactureCountry />
      <ManufactureItemDescription />
      <UnitQty>יח`</UnitQty>
      <Quantity>1</Quantity>
      <UnitMeasure />
      <BisWeighted>0</BisWeighted>
      <QtyInPackage>1</QtyInPackage>
      <ItemPrice>10.90</ItemPrice>
      <UnitOfMeasurePrice>10.90</UnitOfMeasurePrice>
      <AllowDiscount>0</AllowDiscount>
      <itemStatus>1</itemStatus>
      <LastUpdateDate />
      <LastUpdateTime />
    </Product>
    <Product>
      <PriceUpdateDate>2018/04/24 09:29</PriceUpdateDate>
      <ItemCode>7290002007357</ItemCode>
      <ItemType>1</ItemType>
      <ItemName>שקיות צלייה הנמל (10)</ItemName>
      <ManufactureName>הנמל אריזות ושיווק (1984) בעמ</ManufactureName>
      <ManufactureCountry />
      <ManufactureItemDescription />
      <UnitQty>יח`</UnitQty>
      <Quantity>1</Quantity>
      <UnitMeasure />
      <BisWeighted>0</BisWeighted>
      <QtyInPackage>1</QtyInPackage>
      <ItemPrice>5.90</ItemPrice>
      <UnitOfMeasurePrice>5.90</UnitOfMeasurePrice>
      <AllowDiscount>1</AllowDiscount>
      <itemStatus>1</itemStatus>
      <LastUpdateDate />
      <LastUpdateTime />
    </Product>
    <Product>
      <PriceUpdateDate>2018/04/24 09:29</PriceUpdateDate>
      <ItemCode>7290002007371</ItemCode>
      <ItemType>1</ItemType>
      <ItemName>פירורי לחם הנמל (500 גרם)</ItemName>
      <ManufactureName>הנמל אריזות ושיווק (1984) בעמ</ManufactureName>
      <ManufactureCountry />
      <ManufactureItemDescription />
      <UnitQty>יח`</UnitQty>
      <Quantity>5</Quantity>
      <UnitMeasure>100 גרם</UnitMeasure>
      <BisWeighted>0</BisWeighted>
      <QtyInPackage>1</QtyInPackage>
      <ItemPrice>5.90</ItemPrice>
      <UnitOfMeasurePrice>1.18</UnitOfMeasurePrice>
      <AllowDiscount>1</AllowDiscount>
      <itemStatus>1</itemStatus>
      <LastUpdateDate />
      <LastUpdateTime />
    </Product>
    <Product>
      <PriceUpdateDate>2018/04/24 09:29</PriceUpdateDate>
      <ItemCode>7290002007401</ItemCode>
      <ItemType>1</ItemType>
      <ItemName>קליפות הדרים הנמל</ItemName>
      <ManufactureName>הנמל אריזות ושיווק (1984) בעמ</ManufactureName>
      <ManufactureCountry />
      <ManufactureItemDescription />
      <UnitQty>יח`</UnitQty>
      <Quantity>1</Quantity>
      <UnitMeasure>100 גרם</UnitMeasure>
      <BisWeighted>0</BisWeighted>
      <QtyInPackage>1</QtyInPackage>
      <ItemPrice>5.90</ItemPrice>
      <UnitOfMeasurePrice>5.90</UnitOfMeasurePrice>
      <AllowDiscount>0</AllowDiscount>
      <itemStatus>1</itemStatus>
      <LastUpdateDate />
      <LastUpdateTime />
    </Product>
    <Product>
      <PriceUpdateDate>2018/04/24 09:29</PriceUpdateDate>
      <ItemCode>7290002007470</ItemCode>
      <ItemType>1</ItemType>
      <ItemName>סבון נוזלי הנמל (4 ליטר)</ItemName>
      <ManufactureName>הנמל אריזות ושיווק (1984) בעמ</ManufactureName>
      <ManufactureCountry />
      <ManufactureItemDescription />
      <UnitQty>יח`</UnitQty>
      <Quantity>4</Quantity>
      <UnitMeasure>1 ליטר</UnitMeasure>
      <BisWeighted>0</BisWeighted>
      <QtyInPackage>1</QtyInPackage>
      <ItemPrice>18.90</ItemPrice>
      <UnitOfMeasurePrice>4.73</UnitOfMeasurePrice>
      <AllowDiscount>0</AllowDiscount>
      <itemStatus>1</itemStatus>
      <LastUpdateDate />
      <LastUpdateTime />
    </Product>
    <Product>
      <PriceUpdateDate>2018/04/24 09:29</PriceUpdateDate>
      <ItemCode>7290002007487</ItemCode>
      <ItemType>1</ItemType>
      <ItemName>צמר פלדה הנמל</ItemName>
      <ManufactureName>הנמל אריזות ושיווק (1984) בעמ</ManufactureName>
      <ManufactureCountry />
      <ManufactureItemDescription />
      <UnitQty>יח`</UnitQty>
      <Quantity>1</Quantity>
      <UnitMeasure />
      <BisWeighted>0</BisWeighted>
      <QtyInPackage>1</QtyInPackage>
      <ItemPrice>3.90</ItemPrice>
      <UnitOfMeasurePrice>3.90</UnitOfMeasurePrice>
      <AllowDiscount>0</AllowDiscount>
      <itemStatus>1</itemStatus>
      <LastUpdateDate />
      <LastUpdateTime />
    </Product>
    <Product>
      <PriceUpdateDate>2019/03/05 15:51</PriceUpdateDate>
      <ItemCode>7290002007623</ItemCode>
      <ItemType>1</ItemType>
      <ItemName>כוסות ליין 50 יחידות</ItemName>
      <ManufactureName>הנמל אריזות ושיווק (1984) בעמ</ManufactureName>
      <ManufactureCountry />
      <ManufactureItemDescription />
      <UnitQty>יח`</UnitQty>
      <Quantity>1</Quantity>
      <UnitMeasure />
      <BisWeighted>0</BisWeighted>
      <QtyInPackage>1</QtyInPackage>
      <ItemPrice>2.50</ItemPrice>
      <UnitOfMeasurePrice>2.50</UnitOfMeasurePrice>
      <AllowDiscount>0</AllowDiscount>
      <itemStatus>1</itemStatus>
      <LastUpdateDate />
      <LastUpdateTime />
    </Product>
    <Product>
      <PriceUpdateDate>2019/03/05 15:51</PriceUpdateDate>
      <ItemCode>7290002007975</ItemCode>
      <ItemType>1</ItemType>
      <ItemName>צלחות קטן 50 יחידות</ItemName>
      <ManufactureName>הנמל אריזות ושיווק (1984) בעמ</ManufactureName>
      <ManufactureCountry />
      <ManufactureItemDescription />
      <UnitQty>יח`</UnitQty>
      <Quantity>50</Quantity>
      <UnitMeasure>יח`</UnitMeasure>
      <BisWeighted>0</BisWeighted>
      <QtyInPackage>1</QtyInPackage>
      <ItemPrice>4.90</ItemPrice>
      <UnitOfMeasurePrice>0.10</UnitOfMeasurePrice>
      <AllowDiscount>1</AllowDiscount>
      <itemStatus>1</itemStatus>
      <LastUpdateDate />
      <LastUpdateTime />
    </Product>
    <Product>
      <PriceUpdateDate>2019/03/05 15:51</PriceUpdateDate>
      <ItemCode>7290002007982</ItemCode>
      <ItemType>1</ItemType>
      <ItemName>מזלגות לבן 100 יחידות</ItemName>
      <ManufactureName>הנמל אריזות ושיווק (1984) בעמ</ManufactureName>
      <ManufactureCountry />
      <ManufactureItemDescription />
      <UnitQty>יח`</UnitQty>
      <Quantity>100</Quantity>
      <UnitMeasure>יח`</UnitMeasure>
      <BisWeighted>0</BisWeighted>
      <QtyInPackage>1</QtyInPackage>
      <ItemPrice>6.90</ItemPrice>
      <UnitOfMeasurePrice>0.07</UnitOfMeasurePrice>
      <AllowDiscount>1</AllowDiscount>
      <itemStatus>1</itemStatus>
      <LastUpdateDate />
      <LastUpdateTime />
    </Product>
    <Product>
      <PriceUpdateDate>2019/03/05 15:51</PriceUpdateDate>
      <ItemCode>7290002007999</ItemCode>
      <ItemType>1</ItemType>
      <ItemName>צלחות גדול 50 יחידות</ItemName>
      <ManufactureName>הנמל אריזות ושיווק (1984) בעמ</ManufactureName>
      <ManufactureCountry />
      <ManufactureItemDescription />
      <UnitQty>יח`</UnitQty>
      <Quantity>1</Quantity>
      <UnitMeasure />
      <BisWeighted>0</BisWeighted>
      <QtyInPackage>1</QtyInPackage>
      <ItemPrice>5.90</ItemPrice>
      <UnitOfMeasurePrice>5.90</UnitOfMeasurePrice>
      <AllowDiscount>1</AllowDiscount>
      <itemStatus>1</itemStatus>
      <LastUpdateDate />
      <LastUpdateTime />
    </Product>
    <Product>
      <PriceUpdateDate>2018/04/24 09:30</PriceUpdateDate>
      <ItemCode>7290002008040</ItemCode>
      <ItemType>1</ItemType>
      <ItemName>שיפודים 30 סמ הנמל</ItemName>
      <ManufactureName>הנמל אריזות ושיווק (1984) בעמ</ManufactureName>
      <ManufactureCountry />
      <ManufactureItemDescription />
      <UnitQty>יח`</UnitQty>
      <Quantity>1</Quantity>
      <UnitMeasure />
      <BisWeighted>0</BisWeighted>
      <QtyInPackage>1</QtyInPackage>
      <ItemPrice>2.90</ItemPrice>
      <UnitOfMeasurePrice>2.90</UnitOfMeasurePrice>
      <AllowDiscount>0</AllowDiscount>
      <itemStatus>1</itemStatus>
      <LastUpdateDate />
      <LastUpdateTime />
    </Product>
    <Product>
      <PriceUpdateDate>2019/01/07 10:57</PriceUpdateDate>
      <ItemCode>7290002008170</ItemCode>
      <ItemType>1</ItemType>
      <ItemName>מנג`טים מספר 3 הנמל) (130</ItemName>
      <ManufactureName>הנמל אריזות ושיווק (1984) בעמ</ManufactureName>
      <ManufactureCountry />
      <ManufactureItemDescription />
      <UnitQty>יח`</UnitQty>
      <Quantity>1</Quantity>
      <UnitMeasure />
      <BisWeighted>0</BisWeighted>
      <QtyInPackage>1</QtyInPackage>
      <ItemPrice>6.90</ItemPrice>
      <UnitOfMeasurePrice>6.90</UnitOfMeasurePrice>
      <AllowDiscount>0</AllowDiscount>
      <itemStatus>1</itemStatus>
      <LastUpdateDate />
      <LastUpdateTime />
    </Product>
    <Product>
      <PriceUpdateDate>2018/04/24 09:32</PriceUpdateDate>
      <ItemCode>7290002008361</ItemCode>
      <ItemType>1</ItemType>
      <ItemName>דפים לסנדויץ 200  יח`הנמל</ItemName>
      <ManufactureName>הנמל אריזות ושיווק (1984) בעמ</ManufactureName>
      <ManufactureCountry />
      <ManufactureItemDescription />
      <UnitQty>יח`</UnitQty>
      <Quantity>1</Quantity>
      <UnitMeasure />
      <BisWeighted>0</BisWeighted>
      <QtyInPackage>1</QtyInPackage>
      <ItemPrice>10.90</ItemPrice>
      <UnitOfMeasurePrice>10.90</UnitOfMeasurePrice>
      <AllowDiscount>0</AllowDiscount>
      <itemStatus>1</itemStatus>
      <LastUpdateDate />
      <LastUpdateTime />
    </Product>
    <Product>
      <PriceUpdateDate>2018/04/24 09:32</PriceUpdateDate>
      <ItemCode>7290002008507</ItemCode>
      <ItemType>1</ItemType>
      <ItemName>נייר אפיה הנמל 50 יח`</ItemName>
      <ManufactureName>הנמל אריזות ושיווק (1984) בעמ</ManufactureName>
      <ManufactureCountry />
      <ManufactureItemDescription />
      <UnitQty>יח`</UnitQty>
      <Quantity>1</Quantity>
      <UnitMeasure />
      <BisWeighted>0</BisWeighted>
      <QtyInPackage>1</QtyInPackage>
      <ItemPrice>11.90</ItemPrice>
      <UnitOfMeasurePrice>11.90</UnitOfMeasurePrice>
      <AllowDiscount>1</AllowDiscount>
      <itemStatus>1</itemStatus>
      <LastUpdateDate />
      <LastUpdateTime />
    </Product>
    <Product>
      <PriceUpdateDate>2018/04/24 11:10</PriceUpdateDate>
      <ItemCode>7290002008576</ItemCode>
      <ItemType>1</ItemType>
      <ItemName>מפיון קופסא הנמל</ItemName>
      <ManufactureName>הנמל אריזות ושיווק (1984) בעמ</ManufactureName>
      <ManufactureCountry />
      <ManufactureItemDescription />
      <UnitQty>יח`</UnitQty>
      <Quantity>1</Quantity>
      <UnitMeasure />
      <BisWeighted>0</BisWeighted>
      <QtyInPackage>1</QtyInPackage>
      <ItemPrice>4</ItemPrice>
      <UnitOfMeasurePrice>4</UnitOfMeasurePrice>
      <AllowDiscount>0</AllowDiscount>
      <itemStatus>1</itemStatus>
      <LastUpdateDate />
      <LastUpdateTime />
    </Product>
    <Product>
      <PriceUpdateDate>2020/04/01 10:17</PriceUpdateDate>
      <ItemCode>7290002008743</ItemCode>
      <ItemType>1</ItemType>
      <ItemName>סוכר וניל 10*10</ItemName>
      <ManufactureName>הנמל אריזות ושיווק (1984) בעמ</ManufactureName>
      <ManufactureCountry />
      <ManufactureItemDescription />
      <UnitQty>יח`</UnitQty>
      <Quantity>1</Quantity>
      <UnitMeasure>100 גרם</UnitMeasure>
      <BisWeighted>0</BisWeighted>
      <QtyInPackage>1</QtyInPackage>
      <ItemPrice>2.90</ItemPrice>
      <UnitOfMeasurePrice>2.90</UnitOfMeasurePrice>
      <AllowDiscount>0</AllowDiscount>
      <itemStatus>1</itemStatus>
      <LastUpdateDate />
      <LastUpdateTime />
    </Product>
    <Product>
      <PriceUpdateDate>2020/04/01 10:17</PriceUpdateDate>
      <ItemCode>7290002008750</ItemCode>
      <ItemType>1</ItemType>
      <ItemName>אבקת אפיה 10*10</ItemName>
      <ManufactureName>הנמל אריזות ושיווק (1984) בעמ</ManufactureName>
      <ManufactureCountry />
      <ManufactureItemDescription />
      <UnitQty>יח`</UnitQty>
      <Quantity>1</Quantity>
      <UnitMeasure>100 גרם</UnitMeasure>
      <BisWeighted>0</BisWeighted>
      <QtyInPackage>1</QtyInPackage>
      <ItemPrice>2.90</ItemPrice>
      <UnitOfMeasurePrice>2.90</UnitOfMeasurePrice>
      <AllowDiscount>0</AllowDiscount>
      <itemStatus>1</itemStatus>
      <LastUpdateDate />
      <LastUpdateTime />
    </Product>
    <Product>
      <PriceUpdateDate>2018/08/05 11:28</PriceUpdateDate>
      <ItemCode>7290002019114</ItemCode>
      <ItemType>1</ItemType>
      <ItemName>רסק עגבניות פתח קל 580 גר` פריניר</ItemName>
      <ManufactureName>אבאל יזמות בעמ</ManufactureName>
      <ManufactureCountry />
      <ManufactureItemDescription />
      <UnitQty>יח`</UnitQty>
      <Quantity>5.80</Quantity>
      <UnitMeasure>100 גרם</UnitMeasure>
      <BisWeighted>0</BisWeighted>
      <QtyInPackage>1</QtyInPackage>
      <ItemPrice>6.90</ItemPrice>
      <UnitOfMeasurePrice>1.19</UnitOfMeasurePrice>
      <AllowDiscount>1</AllowDiscount>
      <itemStatus>1</itemStatus>
      <LastUpdateDate />
      <LastUpdateTime />
    </Product>
    <Product>
      <PriceUpdateDate>2018/04/24 09:44</PriceUpdateDate>
      <ItemCode>7290002019763</ItemCode>
      <ItemType>1</ItemType>
      <ItemName>עגבניות מרוסקות 800 גר` פרי ניר</ItemName>
      <ManufactureName>אבאל יזמות בעמ</ManufactureName>
      <ManufactureCountry />
      <ManufactureItemDescription />
      <UnitQty>יח`</UnitQty>
      <Quantity>8</Quantity>
      <UnitMeasure>100 גרם</UnitMeasure>
      <BisWeighted>0</BisWeighted>
      <QtyInPackage>1</QtyInPackage>
      <ItemPrice>6.90</ItemPrice>
      <UnitOfMeasurePrice>0.86</UnitOfMeasurePrice>
      <AllowDiscount>1</AllowDiscount>
      <itemStatus>1</itemStatus>
      <LastUpdateDate />
      <LastUpdateTime />
    </Product>
    <Product>
      <PriceUpdateDate>2018/04/24 09:44</PriceUpdateDate>
      <ItemCode>7290002019787</ItemCode>
      <ItemType>1</ItemType>
      <ItemName>רסק עגבניות 260 גר` פריניר</ItemName>
      <ManufactureName>אבאל יזמות בעמ</ManufactureName>
      <ManufactureCountry />
      <ManufactureItemDescription />
      <UnitQty>יח`</UnitQty>
      <Quantity>2.60</Quantity>
      <UnitMeasure>100 גרם</UnitMeasure>
      <BisWeighted>0</BisWeighted>
      <QtyInPackage>1</QtyInPackage>
      <ItemPrice>3.50</ItemPrice>
      <UnitOfMeasurePrice>1.35</UnitOfMeasurePrice>
      <AllowDiscount>1</AllowDiscount>
      <itemStatus>1</itemStatus>
      <LastUpdateDate />
      <LastUpdateTime />
    </Product>
    <Product>
      <PriceUpdateDate>2018/04/24 09:44</PriceUpdateDate>
      <ItemCode>7290002019794</ItemCode>
      <ItemType>1</ItemType>
      <ItemName>רסק עגבניות 100 גר` פריניר</ItemName>
      <ManufactureName>אבאל יזמות בעמ</ManufactureName>
      <ManufactureCountry />
      <ManufactureItemDescription />
      <UnitQty>יח`</UnitQty>
      <Quantity>1</Quantity>
      <UnitMeasure>100 גרם</UnitMeasure>
      <BisWeighted>0</BisWeighted>
      <QtyInPackage>1</QtyInPackage>
      <ItemPrice>1.50</ItemPrice>
      <UnitOfMeasurePrice>1.50</UnitOfMeasurePrice>
      <AllowDiscount>1</AllowDiscount>
      <itemStatus>1</itemStatus>
      <LastUpdateDate />
      <LastUpdateTime />
    </Product>
    <Product>
      <PriceUpdateDate>2018/04/24 12:45</PriceUpdateDate>
      <ItemCode>7290002026778</ItemCode>
      <ItemType>1</ItemType>
      <ItemName>גלידת שמנת בטעם וניל קרמל וחתיכות גביעי</ItemName>
      <ManufactureName>מוצרי איכות אמריקאיים בעמ</ManufactureName>
      <ManufactureCountry />
      <ManufactureItemDescription />
      <UnitQty>יח`</UnitQty>
      <Quantity>5</Quantity>
      <UnitMeasure>100 מ"ל</UnitMeasure>
      <BisWeighted>0</BisWeighted>
      <QtyInPackage>1</QtyInPackage>
      <ItemPrice>19.90</ItemPrice>
      <UnitOfMeasurePrice>3.98</UnitOfMeasurePrice>
      <AllowDiscount>1</AllowDiscount>
      <itemStatus>1</itemStatus>
      <LastUpdateDate />
      <LastUpdateTime />
    </Product>
    <Product>
      <PriceUpdateDate>2019/04/08 19:11</PriceUpdateDate>
      <ItemCode>7290002026976</ItemCode>
      <ItemType>1</ItemType>
      <ItemName>גלידת פיינטים שוקולד מילק קוקוס בן אנד ג</ItemName>
      <ManufactureName>מוצרי איכות אמריקאיים בעמ</ManufactureName>
      <ManufactureCountry />
      <ManufactureItemDescription />
      <UnitQty>יח`</UnitQty>
      <Quantity>5</Quantity>
      <UnitMeasure>100 מ"ל</UnitMeasure>
      <BisWeighted>0</BisWeighted>
      <QtyInPackage>1</QtyInPackage>
      <ItemPrice>19.90</ItemPrice>
      <UnitOfMeasurePrice>3.98</UnitOfMeasurePrice>
      <AllowDiscount>1</AllowDiscount>
      <itemStatus>1</itemStatus>
      <LastUpdateDate />
      <LastUpdateTime />
    </Product>
    <Product>
      <PriceUpdateDate>2019/04/08 19:11</PriceUpdateDate>
      <ItemCode>7290002026983</ItemCode>
      <ItemType>1</ItemType>
      <ItemName>גלידת פיינטים שוקולד בצק עוגיות בן אנד ג</ItemName>
      <ManufactureName>מוצרי איכות אמריקאיים בעמ</ManufactureName>
      <ManufactureCountry />
      <ManufactureItemDescription />
      <UnitQty>יח`</UnitQty>
      <Quantity>5</Quantity>
      <UnitMeasure>100 מ"ל</UnitMeasure>
      <BisWeighted>0</BisWeighted>
      <QtyInPackage>1</QtyInPackage>
      <ItemPrice>19.90</ItemPrice>
      <UnitOfMeasurePrice>3.98</UnitOfMeasurePrice>
      <AllowDiscount>1</AllowDiscount>
      <itemStatus>1</itemStatus>
      <LastUpdateDate />
      <LastUpdateTime />
    </Product>
    <Product>
      <PriceUpdateDate>2019/02/04 09:25</PriceUpdateDate>
      <ItemCode>7290002037163</ItemCode>
      <ItemType>1</ItemType>
      <ItemName>לחם אחיד פרוס ודש ברמן (750 גרם)</ItemName>
      <ManufactureName>י.את א. ברמן בעמ</ManufactureName>
      <ManufactureCountry />
      <ManufactureItemDescription />
      <UnitQty>יח`</UnitQty>
      <Quantity>7.50</Quantity>
      <UnitMeasure>100 גרם</UnitMeasure>
      <BisWeighted>0</BisWeighted>
      <QtyInPackage>1</QtyInPackage>
      <ItemPrice>6.60</ItemPrice>
      <UnitOfMeasurePrice>0.88</UnitOfMeasurePrice>
      <AllowDiscount>0</AllowDiscount>
      <itemStatus>1</itemStatus>
      <LastUpdateDate />
      <LastUpdateTime />
    </Product>
    <Product>
      <PriceUpdateDate>2019/01/07 10:57</PriceUpdateDate>
      <ItemCode>7290002037309</ItemCode>
      <ItemType>1</ItemType>
      <ItemName>לחמניות המבורגר מאפיית ודש 8)</ItemName>
      <ManufactureName>י.את א. ברמן בעמ</ManufactureName>
      <ManufactureCountry />
      <ManufactureItemDescription />
      <UnitQty>יח`</UnitQty>
      <Quantity>4</Quantity>
      <UnitMeasure>100 גרם</UnitMeasure>
      <BisWeighted>0</BisWeighted>
      <QtyInPackage>1</QtyInPackage>
      <ItemPrice>11.90</ItemPrice>
      <UnitOfMeasurePrice>2.98</UnitOfMeasurePrice>
      <AllowDiscount>0</AllowDiscount>
      <itemStatus>1</itemStatus>
      <LastUpdateDate />
      <LastUpdateTime />
    </Product>
    <Product>
      <PriceUpdateDate>2018/04/24 09:30</PriceUpdateDate>
      <ItemCode>7290002037569</ItemCode>
      <ItemType>1</ItemType>
      <ItemName>לחמניות באני`ס ודש ברמן) (6</ItemName>
      <ManufactureName>י.את א. ברמן בעמ</ManufactureName>
      <ManufactureCountry />
      <ManufactureItemDescription />
      <UnitQty>יח`</UnitQty>
      <Quantity>4.50</Quantity>
      <UnitMeasure>100 גרם</UnitMeasure>
      <BisWeighted>0</BisWeighted>
      <QtyInPackage>1</QtyInPackage>
      <ItemPrice>9.90</ItemPrice>
      <UnitOfMeasurePrice>2.20</UnitOfMeasurePrice>
      <AllowDiscount>0</AllowDiscount>
      <itemStatus>1</itemStatus>
      <LastUpdateDate />
      <LastUpdateTime />
    </Product>
    <Product>
      <PriceUpdateDate>2018/04/24 11:48</PriceUpdateDate>
      <ItemCode>7290002040019</ItemCode>
      <ItemType>1</ItemType>
      <ItemName>קוסקוס רגיל מזון קוסקוס (350 גרם)</ItemName>
      <ManufactureName>הנמל אריזות ושיווק (1984) בעמ</ManufactureName>
      <ManufactureCountry />
      <ManufactureItemDescription />
      <UnitQty>יח`</UnitQty>
      <Quantity>3.50</Quantity>
      <UnitMeasure>100 גרם</UnitMeasure>
      <BisWeighted>0</BisWeighted>
      <QtyInPackage>1</QtyInPackage>
      <ItemPrice>5.90</ItemPrice>
      <UnitOfMeasurePrice>1.69</UnitOfMeasurePrice>
      <AllowDiscount>0</AllowDiscount>
      <itemStatus>1</itemStatus>
      <LastUpdateDate />
      <LastUpdateTime />
    </Product>
    <Product>
      <PriceUpdateDate>2018/04/24 11:48</PriceUpdateDate>
      <ItemCode>7290002040064</ItemCode>
      <ItemType>1</ItemType>
      <ItemName>קוסקוס דק מזון קוסקוס (350 גרם)</ItemName>
      <ManufactureName>הנמל אריזות ושיווק (1984) בעמ</ManufactureName>
      <ManufactureCountry />
      <ManufactureItemDescription />
      <UnitQty>יח`</UnitQty>
      <Quantity>3.50</Quantity>
      <UnitMeasure>100 גרם</UnitMeasure>
      <BisWeighted>0</BisWeighted>
      <QtyInPackage>1</QtyInPackage>
      <ItemPrice>5.90</ItemPrice>
      <UnitOfMeasurePrice>1.69</UnitOfMeasurePrice>
      <AllowDiscount>0</AllowDiscount>
      <itemStatus>1</itemStatus>
      <LastUpdateDate />
      <LastUpdateTime />
    </Product>
    <Product>
      <PriceUpdateDate>2018/04/24 11:36</PriceUpdateDate>
      <ItemCode>7290002040071</ItemCode>
      <ItemType>1</ItemType>
      <ItemName>קוסקוס עבה מזון קוסקוס (350 גרם)</ItemName>
      <ManufactureName>הנמל אריזות ושיווק (1984) בעמ</ManufactureName>
      <ManufactureCountry />
      <ManufactureItemDescription />
      <UnitQty>יח`</UnitQty>
      <Quantity>3.50</Quantity>
      <UnitMeasure>100 גרם</UnitMeasure>
      <BisWeighted>0</BisWeighted>
      <QtyInPackage>1</QtyInPackage>
      <ItemPrice>5.90</ItemPrice>
      <UnitOfMeasurePrice>1.69</UnitOfMeasurePrice>
      <AllowDiscount>0</AllowDiscount>
      <itemStatus>1</itemStatus>
      <LastUpdateDate />
      <LastUpdateTime />
    </Product>
    <Product>
      <PriceUpdateDate>2019/01/07 10:57</PriceUpdateDate>
      <ItemCode>7290002040088</ItemCode>
      <ItemType>1</ItemType>
      <ItemName>קוסקוס מלא מזון קוסקוס (350 גרם)</ItemName>
      <ManufactureName>הנמל אריזות ושיווק (1984) בעמ</ManufactureName>
      <ManufactureCountry />
      <ManufactureItemDescription />
      <UnitQty>יח`</UnitQty>
      <Quantity>3.50</Quantity>
      <UnitMeasure>100 גרם</UnitMeasure>
      <BisWeighted>0</BisWeighted>
      <QtyInPackage>1</QtyInPackage>
      <ItemPrice>6.90</ItemPrice>
      <UnitOfMeasurePrice>1.97</UnitOfMeasurePrice>
      <AllowDiscount>0</AllowDiscount>
      <itemStatus>1</itemStatus>
      <LastUpdateDate />
      <LastUpdateTime />
    </Product>
    <Product>
      <PriceUpdateDate>2019/06/02 11:35</PriceUpdateDate>
      <ItemCode>7290002053088</ItemCode>
      <ItemType>1</ItemType>
      <ItemName>איטריות ביצים מס` 8 200 גר`</ItemName>
      <ManufactureName>גורי מוצרי צריכה (1991) בעמ</ManufactureName>
      <ManufactureCountry />
      <ManufactureItemDescription />
      <UnitQty>יח`</UnitQty>
      <Quantity>2.10</Quantity>
      <UnitMeasure>100 גרם</UnitMeasure>
      <BisWeighted>0</BisWeighted>
      <QtyInPackage>1</QtyInPackage>
      <ItemPrice>6.90</ItemPrice>
      <UnitOfMeasurePrice>3.29</UnitOfMeasurePrice>
      <AllowDiscount>1</AllowDiscount>
      <itemStatus>1</itemStatus>
      <LastUpdateDate />
      <LastUpdateTime />
    </Product>
    <Product>
      <PriceUpdateDate>2019/06/02 11:35</PriceUpdateDate>
      <ItemCode>7290002053354</ItemCode>
      <ItemType>1</ItemType>
      <ItemName>נודלס אוריינט סיני 300גר</ItemName>
      <ManufactureName>גורי מוצרי צריכה (1991) בעמ</ManufactureName>
      <ManufactureCountry />
      <ManufactureItemDescription />
      <UnitQty>יח`</UnitQty>
      <Quantity>3</Quantity>
      <UnitMeasure>100 גרם</UnitMeasure>
      <BisWeighted>0</BisWeighted>
      <QtyInPackage>1</QtyInPackage>
      <ItemPrice>9.90</ItemPrice>
      <UnitOfMeasurePrice>3.30</UnitOfMeasurePrice>
      <AllowDiscount>0</AllowDiscount>
      <itemStatus>1</itemStatus>
      <LastUpdateDate />
      <LastUpdateTime />
    </Product>
    <Product>
      <PriceUpdateDate>2019/09/23 10:00</PriceUpdateDate>
      <ItemCode>7290002053538</ItemCode>
      <ItemType>1</ItemType>
      <ItemName>נודלס בסגנון תאילנדי 25% תוספת ( 500 גר`</ItemName>
      <ManufactureName>גורי מוצרי צריכה (1991) בעמ</ManufactureName>
      <ManufactureCountry />
      <ManufactureItemDescription />
      <UnitQty>יח`</UnitQty>
      <Quantity>5</Quantity>
      <UnitMeasure>100 גרם</UnitMeasure>
      <BisWeighted>0</BisWeighted>
      <QtyInPackage>1</QtyInPackage>
      <ItemPrice>9.90</ItemPrice>
      <UnitOfMeasurePrice>1.98</UnitOfMeasurePrice>
      <AllowDiscount>0</AllowDiscount>
      <itemStatus>1</itemStatus>
      <LastUpdateDate />
      <LastUpdateTime />
    </Product>
    <Product>
      <PriceUpdateDate>2018/04/24 10:05</PriceUpdateDate>
      <ItemCode>7290002057017</ItemCode>
      <ItemType>1</ItemType>
      <ItemName>זיתים ירוקים נובו קבוצת יבנה (540 גרם)</ItemName>
      <ManufactureName>קבוצת יבנה מוצרי מזון אגודה שי</ManufactureName>
      <ManufactureCountry />
      <ManufactureItemDescription />
      <UnitQty>יח`</UnitQty>
      <Quantity>5.60</Quantity>
      <UnitMeasure>100 גרם</UnitMeasure>
      <BisWeighted>0</BisWeighted>
      <QtyInPackage>1</QtyInPackage>
      <ItemPrice>9.90</ItemPrice>
      <UnitOfMeasurePrice>1.77</UnitOfMeasurePrice>
      <AllowDiscount>1</AllowDiscount>
      <itemStatus>1</itemStatus>
      <LastUpdateDate />
      <LastUpdateTime />
    </Product>
    <Product>
      <PriceUpdateDate>2018/04/24 10:05</PriceUpdateDate>
      <ItemCode>7290002057031</ItemCode>
      <ItemType>1</ItemType>
      <ItemName>זיתים מבוקעים</ItemName>
      <ManufactureName>קבוצת יבנה מוצרי מזון אגודה שי</ManufactureName>
      <ManufactureCountry />
      <ManufactureItemDescription />
      <UnitQty>יח`</UnitQty>
      <Quantity>5.60</Quantity>
      <UnitMeasure>100 גרם</UnitMeasure>
      <BisWeighted>0</BisWeighted>
      <QtyInPackage>1</QtyInPackage>
      <ItemPrice>9.90</ItemPrice>
      <UnitOfMeasurePrice>1.77</UnitOfMeasurePrice>
      <AllowDiscount>0</AllowDiscount>
      <itemStatus>1</itemStatus>
      <LastUpdateDate />
      <LastUpdateTime />
    </Product>
    <Product>
      <PriceUpdateDate>2018/04/24 10:59</PriceUpdateDate>
      <ItemCode>7290002057055</ItemCode>
      <ItemType>1</ItemType>
      <ItemName>זיתים סורי שלם</ItemName>
      <ManufactureName>קבוצת יבנה מוצרי מזון אגודה שי</ManufactureName>
      <ManufactureCountry />
      <ManufactureItemDescription />
      <UnitQty>יח`</UnitQty>
      <Quantity>5.60</Quantity>
      <UnitMeasure>100 גרם</UnitMeasure>
      <BisWeighted>0</BisWeighted>
      <QtyInPackage>1</QtyInPackage>
      <ItemPrice>11.90</ItemPrice>
      <UnitOfMeasurePrice>2.13</UnitOfMeasurePrice>
      <AllowDiscount>0</AllowDiscount>
      <itemStatus>1</itemStatus>
      <LastUpdateDate />
      <LastUpdateTime />
    </Product>
    <Product>
      <PriceUpdateDate>2018/04/24 10:05</PriceUpdateDate>
      <ItemCode>7290002057062</ItemCode>
      <ItemType>1</ItemType>
      <ItemName>זיתים מנזלינו ירוק A2</ItemName>
      <ManufactureName>קבוצת יבנה מוצרי מזון אגודה שי</ManufactureName>
      <ManufactureCountry />
      <ManufactureItemDescription />
      <UnitQty>יח`</UnitQty>
      <Quantity>5.60</Quantity>
      <UnitMeasure>100 גרם</UnitMeasure>
      <BisWeighted>0</BisWeighted>
      <QtyInPackage>1</QtyInPackage>
      <ItemPrice>6.90</ItemPrice>
      <UnitOfMeasurePrice>1.23</UnitOfMeasurePrice>
      <AllowDiscount>0</AllowDiscount>
      <itemStatus>1</itemStatus>
      <LastUpdateDate />
      <LastUpdateTime />
    </Product>
    <Product>
      <PriceUpdateDate>2018/04/24 10:05</PriceUpdateDate>
      <ItemCode>7290002057109</ItemCode>
      <ItemType>1</ItemType>
      <ItemName>זיתים מנזולינו גדול מאוד</ItemName>
      <ManufactureName>קבוצת יבנה מוצרי מזון אגודה שי</ManufactureName>
      <ManufactureCountry />
      <ManufactureItemDescription />
      <UnitQty>יח`</UnitQty>
      <Quantity>5.60</Quantity>
      <UnitMeasure>100 גרם</UnitMeasure>
      <BisWeighted>0</BisWeighted>
      <QtyInPackage>1</QtyInPackage>
      <ItemPrice>9.90</ItemPrice>
      <UnitOfMeasurePrice>1.77</UnitOfMeasurePrice>
      <AllowDiscount>0</AllowDiscount>
      <itemStatus>1</itemStatus>
      <LastUpdateDate />
      <LastUpdateTime />
    </Product>
    <Product>
      <PriceUpdateDate>2018/04/24 09:57</PriceUpdateDate>
      <ItemCode>7290002057161</ItemCode>
      <ItemType>1</ItemType>
      <ItemName>זיתים מירנט חתוך ביין</ItemName>
      <ManufactureName>קבוצת יבנה מוצרי מזון אגודה שי</ManufactureName>
      <ManufactureCountry />
      <ManufactureItemDescription />
      <UnitQty>יח`</UnitQty>
      <Quantity>5.60</Quantity>
      <UnitMeasure>100 גרם</UnitMeasure>
      <BisWeighted>0</BisWeighted>
      <QtyInPackage>1</QtyInPackage>
      <ItemPrice>9.90</ItemPrice>
      <UnitOfMeasurePrice>1.77</UnitOfMeasurePrice>
      <AllowDiscount>0</AllowDiscount>
      <itemStatus>1</itemStatus>
      <LastUpdateDate />
      <LastUpdateTime />
    </Product>
    <Product>
      <PriceUpdateDate>2018/08/01 13:55</PriceUpdateDate>
      <ItemCode>7290002057352</ItemCode>
      <ItemType>1</ItemType>
      <ItemName>מלפפון במלח 7-9 יבנה</ItemName>
      <ManufactureName>קבוצת יבנה מוצרי מזון אגודה שי</ManufactureName>
      <ManufactureCountry />
      <ManufactureItemDescription />
      <UnitQty>יח`</UnitQty>
      <Quantity>6</Quantity>
      <UnitMeasure>100 גרם</UnitMeasure>
      <BisWeighted>0</BisWeighted>
      <QtyInPackage>1</QtyInPackage>
      <ItemPrice>6.90</ItemPrice>
      <UnitOfMeasurePrice>1.15</UnitOfMeasurePrice>
      <AllowDiscount>0</AllowDiscount>
      <itemStatus>1</itemStatus>
      <LastUpdateDate />
      <LastUpdateTime />
    </Product>
    <Product>
      <PriceUpdateDate>2018/08/01 13:55</PriceUpdateDate>
      <ItemCode>7290002057369</ItemCode>
      <ItemType>1</ItemType>
      <ItemName>מלפפון במלח 10-12</ItemName>
      <ManufactureName>קבוצת יבנה מוצרי מזון אגודה שי</ManufactureName>
      <ManufactureCountry />
      <ManufactureItemDescription />
      <UnitQty>יח`</UnitQty>
      <Quantity>6</Quantity>
      <UnitMeasure>100 גרם</UnitMeasure>
      <BisWeighted>0</BisWeighted>
      <QtyInPackage>1</QtyInPackage>
      <ItemPrice>7.90</ItemPrice>
      <UnitOfMeasurePrice>1.32</UnitOfMeasurePrice>
      <AllowDiscount>0</AllowDiscount>
      <itemStatus>1</itemStatus>
      <LastUpdateDate />
      <LastUpdateTime />
    </Product>
    <Product>
      <PriceUpdateDate>2019/01/07 10:57</PriceUpdateDate>
      <ItemCode>7290002057383</ItemCode>
      <ItemType>1</ItemType>
      <ItemName>מלפפון במלח 18-25</ItemName>
      <ManufactureName>קבוצת יבנה מוצרי מזון אגודה שי</ManufactureName>
      <ManufactureCountry />
      <ManufactureItemDescription />
      <UnitQty>יח`</UnitQty>
      <Quantity>6</Quantity>
      <UnitMeasure>100 גרם</UnitMeasure>
      <BisWeighted>0</BisWeighted>
      <QtyInPackage>1</QtyInPackage>
      <ItemPrice>12.90</ItemPrice>
      <UnitOfMeasurePrice>2.15</UnitOfMeasurePrice>
      <AllowDiscount>0</AllowDiscount>
      <itemStatus>1</itemStatus>
      <LastUpdateDate />
      <LastUpdateTime />
    </Product>
    <Product>
      <PriceUpdateDate>2018/08/01 13:55</PriceUpdateDate>
      <ItemCode>7290002057451</ItemCode>
      <ItemType>1</ItemType>
      <ItemName>מלפפון בחומץ 7-9</ItemName>
      <ManufactureName>קבוצת יבנה מוצרי מזון אגודה שי</ManufactureName>
      <ManufactureCountry />
      <ManufactureItemDescription />
      <UnitQty>יח`</UnitQty>
      <Quantity>6</Quantity>
      <UnitMeasure>100 גרם</UnitMeasure>
      <BisWeighted>0</BisWeighted>
      <QtyInPackage>1</QtyInPackage>
      <ItemPrice>6.90</ItemPrice>
      <UnitOfMeasurePrice>1.15</UnitOfMeasurePrice>
      <AllowDiscount>0</AllowDiscount>
      <itemStatus>1</itemStatus>
      <LastUpdateDate />
      <LastUpdateTime />
    </Product>
    <Product>
      <PriceUpdateDate>2018/08/01 13:55</PriceUpdateDate>
      <ItemCode>7290002057468</ItemCode>
      <ItemType>1</ItemType>
      <ItemName>מלפפון בחומץ 10-12</ItemName>
      <ManufactureName>קבוצת יבנה מוצרי מזון אגודה שי</ManufactureName>
      <ManufactureCountry />
      <ManufactureItemDescription />
      <UnitQty>יח`</UnitQty>
      <Quantity>6</Quantity>
      <UnitMeasure>100 גרם</UnitMeasure>
      <BisWeighted>0</BisWeighted>
      <QtyInPackage>1</QtyInPackage>
      <ItemPrice>7.90</ItemPrice>
      <UnitOfMeasurePrice>1.32</UnitOfMeasurePrice>
      <AllowDiscount>0</AllowDiscount>
      <itemStatus>1</itemStatus>
      <LastUpdateDate />
      <LastUpdateTime />
    </Product>
    <Product>
      <PriceUpdateDate>2018/08/01 13:55</PriceUpdateDate>
      <ItemCode>7290002057475</ItemCode>
      <ItemType>1</ItemType>
      <ItemName>מלפפון בחומץ 13-17</ItemName>
      <ManufactureName>קבוצת יבנה מוצרי מזון אגודה שי</ManufactureName>
      <ManufactureCountry />
      <ManufactureItemDescription />
      <UnitQty>יח`</UnitQty>
      <Quantity>6</Quantity>
      <UnitMeasure>100 גרם</UnitMeasure>
      <BisWeighted>0</BisWeighted>
      <QtyInPackage>1</QtyInPackage>
      <ItemPrice>10.90</ItemPrice>
      <UnitOfMeasurePrice>1.82</UnitOfMeasurePrice>
      <AllowDiscount>0</AllowDiscount>
      <itemStatus>1</itemStatus>
      <LastUpdateDate />
      <LastUpdateTime />
    </Product>
    <Product>
      <PriceUpdateDate>2018/04/24 09:58</PriceUpdateDate>
      <ItemCode>7290002057482</ItemCode>
      <ItemType>1</ItemType>
      <ItemName>מלפפון בחומץ 18-25</ItemName>
      <ManufactureName>קבוצת יבנה מוצרי מזון אגודה שי</ManufactureName>
      <ManufactureCountry />
      <ManufactureItemDescription />
      <UnitQty>יח`</UnitQty>
      <Quantity>5.60</Quantity>
      <UnitMeasure>100 גרם</UnitMeasure>
      <BisWeighted>0</BisWeighted>
      <QtyInPackage>1</QtyInPackage>
      <ItemPrice>12.90</ItemPrice>
      <UnitOfMeasurePrice>2.30</UnitOfMeasurePrice>
      <AllowDiscount>0</AllowDiscount>
      <itemStatus>1</itemStatus>
      <LastUpdateDate />
      <LastUpdateTime />
    </Product>
    <Product>
      <PriceUpdateDate>2019/01/07 10:57</PriceUpdateDate>
      <ItemCode>7290002057628</ItemCode>
      <ItemType>1</ItemType>
      <ItemName>זיתים מושחרים טבעות קבוצת יבנה (540 גרם)</ItemName>
      <ManufactureName>קבוצת יבנה מוצרי מזון אגודה שי</ManufactureName>
      <ManufactureCountry />
      <ManufactureItemDescription />
      <UnitQty>יח`</UnitQty>
      <Quantity>5.40</Quantity>
      <UnitMeasure>100 גרם</UnitMeasure>
      <BisWeighted>0</BisWeighted>
      <QtyInPackage>1</QtyInPackage>
      <ItemPrice>9.90</ItemPrice>
      <UnitOfMeasurePrice>1.83</UnitOfMeasurePrice>
      <AllowDiscount>0</AllowDiscount>
      <itemStatus>1</itemStatus>
      <LastUpdateDate />
      <LastUpdateTime />
    </Product>
    <Product>
      <PriceUpdateDate>2018/04/24 09:58</PriceUpdateDate>
      <ItemCode>7290002057734</ItemCode>
      <ItemType>1</ItemType>
      <ItemName>זיתים גדול 540 גר`</ItemName>
      <ManufactureName>קבוצת יבנה מוצרי מזון אגודה שי</ManufactureName>
      <ManufactureCountry />
      <ManufactureItemDescription />
      <UnitQty>יח`</UnitQty>
      <Quantity>5.40</Quantity>
      <UnitMeasure>100 גרם</UnitMeasure>
      <BisWeighted>0</BisWeighted>
      <QtyInPackage>1</QtyInPackage>
      <ItemPrice>9.90</ItemPrice>
      <UnitOfMeasurePrice>1.83</UnitOfMeasurePrice>
      <AllowDiscount>0</AllowDiscount>
      <itemStatus>1</itemStatus>
      <LastUpdateDate />
      <LastUpdateTime />
    </Product>
    <Product>
      <PriceUpdateDate>2018/04/24 12:47</PriceUpdateDate>
      <ItemCode>7290002065555</ItemCode>
      <ItemType>1</ItemType>
      <ItemName>לחמניות אנג`ל) (6</ItemName>
      <ManufactureName>שלמה א. אנג`ל בעמ</ManufactureName>
      <ManufactureCountry />
      <ManufactureItemDescription />
      <UnitQty>יח`</UnitQty>
      <Quantity>4.50</Quantity>
      <UnitMeasure>100 גרם</UnitMeasure>
      <BisWeighted>0</BisWeighted>
      <QtyInPackage>1</QtyInPackage>
      <ItemPrice>10</ItemPrice>
      <UnitOfMeasurePrice>2.22</UnitOfMeasurePrice>
      <AllowDiscount>0</AllowDiscount>
      <itemStatus>1</itemStatus>
      <LastUpdateDate />
      <LastUpdateTime />
    </Product>
    <Product>
      <PriceUpdateDate>2018/08/05 11:28</PriceUpdateDate>
      <ItemCode>7290002065616</ItemCode>
      <ItemType>1</ItemType>
      <ItemName>לחם שיפון גרעינים פרוס אחדות (750 גרם)</ItemName>
      <ManufactureName>שלמה א. אנג`ל בעמ</ManufactureName>
      <ManufactureCountry />
      <ManufactureItemDescription />
      <UnitQty>יח`</UnitQty>
      <Quantity>7.50</Quantity>
      <UnitMeasure>100 גרם</UnitMeasure>
      <BisWeighted>0</BisWeighted>
      <QtyInPackage>1</QtyInPackage>
      <ItemPrice>11.90</ItemPrice>
      <UnitOfMeasurePrice>1.59</UnitOfMeasurePrice>
      <AllowDiscount>0</AllowDiscount>
      <itemStatus>1</itemStatus>
      <LastUpdateDate />
      <LastUpdateTime />
    </Product>
    <Product>
      <PriceUpdateDate>2018/08/05 11:28</PriceUpdateDate>
      <ItemCode>7290002065623</ItemCode>
      <ItemType>1</ItemType>
      <ItemName>לחם שיפון פרוס כפרי אחדות (750 גרם)</ItemName>
      <ManufactureName>שלמה א. אנג`ל בעמ</ManufactureName>
      <ManufactureCountry />
      <ManufactureItemDescription />
      <UnitQty>יח`</UnitQty>
      <Quantity>7.50</Quantity>
      <UnitMeasure>100 גרם</UnitMeasure>
      <BisWeighted>0</BisWeighted>
      <QtyInPackage>1</QtyInPackage>
      <ItemPrice>11.90</ItemPrice>
      <UnitOfMeasurePrice>1.59</UnitOfMeasurePrice>
      <AllowDiscount>0</AllowDiscount>
      <itemStatus>1</itemStatus>
      <LastUpdateDate />
      <LastUpdateTime />
    </Product>
    <Product>
      <PriceUpdateDate>2018/04/24 09:48</PriceUpdateDate>
      <ItemCode>7290002075233</ItemCode>
      <ItemType>1</ItemType>
      <ItemName>אייסקונפקט 250 גר`</ItemName>
      <ManufactureName>שוקוטרייד בעמ</ManufactureName>
      <ManufactureCountry />
      <ManufactureItemDescription />
      <UnitQty>יח`</UnitQty>
      <Quantity>2.50</Quantity>
      <UnitMeasure>100 גרם</UnitMeasure>
      <BisWeighted>0</BisWeighted>
      <QtyInPackage>1</QtyInPackage>
      <ItemPrice>18.90</ItemPrice>
      <UnitOfMeasurePrice>7.56</UnitOfMeasurePrice>
      <AllowDiscount>0</AllowDiscount>
      <itemStatus>1</itemStatus>
      <LastUpdateDate />
      <LastUpdateTime />
    </Product>
    <Product>
      <PriceUpdateDate>2018/04/24 10:54</PriceUpdateDate>
      <ItemCode>7290002077725</ItemCode>
      <ItemType>1</ItemType>
      <ItemName>סלמון מעושן דלידג (100 גרם)</ItemName>
      <ManufactureName>נטו מלינדה סחר בעמ</ManufactureName>
      <ManufactureCountry />
      <ManufactureItemDescription />
      <UnitQty>יח`</UnitQty>
      <Quantity>1</Quantity>
      <UnitMeasure>100 גרם</UnitMeasure>
      <BisWeighted>0</BisWeighted>
      <QtyInPackage>1</QtyInPackage>
      <ItemPrice>15.90</ItemPrice>
      <UnitOfMeasurePrice>15.90</UnitOfMeasurePrice>
      <AllowDiscount>1</AllowDiscount>
      <itemStatus>1</itemStatus>
      <LastUpdateDate />
      <LastUpdateTime />
    </Product>
    <Product>
      <PriceUpdateDate>2018/10/10 15:30</PriceUpdateDate>
      <ItemCode>7290002107019</ItemCode>
      <ItemType>1</ItemType>
      <ItemName>צפתית מעודנת 5% בגביע צוריאל</ItemName>
      <ManufactureName>החב` המרכזית - טרה</ManufactureName>
      <ManufactureCountry />
      <ManufactureItemDescription />
      <UnitQty>יח`</UnitQty>
      <Quantity>2.50</Quantity>
      <UnitMeasure>100 גרם</UnitMeasure>
      <BisWeighted>0</BisWeighted>
      <QtyInPackage>1</QtyInPackage>
      <ItemPrice>18.20</ItemPrice>
      <UnitOfMeasurePrice>7.28</UnitOfMeasurePrice>
      <AllowDiscount>1</AllowDiscount>
      <itemStatus>1</itemStatus>
      <LastUpdateDate />
      <LastUpdateTime />
    </Product>
    <Product>
      <PriceUpdateDate>2018/10/10 15:30</PriceUpdateDate>
      <ItemCode>7290002107385</ItemCode>
      <ItemType>1</ItemType>
      <ItemName>דליקט עז 200 גרם צוריאל</ItemName>
      <ManufactureName>החב` המרכזית - טרה</ManufactureName>
      <ManufactureCountry />
      <ManufactureItemDescription />
      <UnitQty>יח`</UnitQty>
      <Quantity>1.80</Quantity>
      <UnitMeasure>100 גרם</UnitMeasure>
      <BisWeighted>0</BisWeighted>
      <QtyInPackage>1</QtyInPackage>
      <ItemPrice>23.50</ItemPrice>
      <UnitOfMeasurePrice>13.06</UnitOfMeasurePrice>
      <AllowDiscount>1</AllowDiscount>
      <itemStatus>1</itemStatus>
      <LastUpdateDate />
      <LastUpdateTime />
    </Product>
    <Product>
      <PriceUpdateDate>2018/10/10 15:30</PriceUpdateDate>
      <ItemCode>7290002107491</ItemCode>
      <ItemType>1</ItemType>
      <ItemName>גבינה עיזים 5% למריחה 200 גר`</ItemName>
      <ManufactureName>החב` המרכזית - טרה</ManufactureName>
      <ManufactureCountry />
      <ManufactureItemDescription />
      <UnitQty>יח`</UnitQty>
      <Quantity>2.50</Quantity>
      <UnitMeasure>100 גרם</UnitMeasure>
      <BisWeighted>0</BisWeighted>
      <QtyInPackage>1</QtyInPackage>
      <ItemPrice>15.90</ItemPrice>
      <UnitOfMeasurePrice>6.36</UnitOfMeasurePrice>
      <AllowDiscount>1</AllowDiscount>
      <itemStatus>1</itemStatus>
      <LastUpdateDate />
      <LastUpdateTime />
    </Product>
    <Product>
      <PriceUpdateDate>2018/10/10 15:30</PriceUpdateDate>
      <ItemCode>7290002107798</ItemCode>
      <ItemType>1</ItemType>
      <ItemName>בולגרית בקר 5% בגביע 250 גר`</ItemName>
      <ManufactureName>החב` המרכזית - טרה</ManufactureName>
      <ManufactureCountry />
      <ManufactureItemDescription />
      <UnitQty>יח`</UnitQty>
      <Quantity>2.50</Quantity>
      <UnitMeasure>100 גרם</UnitMeasure>
      <BisWeighted>0</BisWeighted>
      <QtyInPackage>1</QtyInPackage>
      <ItemPrice>22.90</ItemPrice>
      <UnitOfMeasurePrice>9.16</UnitOfMeasurePrice>
      <AllowDiscount>1</AllowDiscount>
      <itemStatus>1</itemStatus>
      <LastUpdateDate />
      <LastUpdateTime />
    </Product>
    <Product>
      <PriceUpdateDate>2019/01/07 10:57</PriceUpdateDate>
      <ItemCode>7290002107965</ItemCode>
      <ItemType>1</ItemType>
      <ItemName>טבורוג 5% 500גר צוריאל</ItemName>
      <ManufactureName>החב` המרכזית - טרה</ManufactureName>
      <ManufactureCountry />
      <ManufactureItemDescription />
      <UnitQty>יח`</UnitQty>
      <Quantity>5</Quantity>
      <UnitMeasure>100 גרם</UnitMeasure>
      <BisWeighted>0</BisWeighted>
      <QtyInPackage>1</QtyInPackage>
      <ItemPrice>24.90</ItemPrice>
      <UnitOfMeasurePrice>4.98</UnitOfMeasurePrice>
      <AllowDiscount>1</AllowDiscount>
      <itemStatus>1</itemStatus>
      <LastUpdateDate />
      <LastUpdateTime />
    </Product>
    <Product>
      <PriceUpdateDate>2018/07/25 08:51</PriceUpdateDate>
      <ItemCode>7290002109372</ItemCode>
      <ItemType>1</ItemType>
      <ItemName>בורקס פילו אצבעות בולגרית 700 גר`</ItemName>
      <ManufactureName>נטו מלינדה סחר בעמ</ManufactureName>
      <ManufactureCountry />
      <ManufactureItemDescription />
      <UnitQty>יח`</UnitQty>
      <Quantity>7</Quantity>
      <UnitMeasure>100 גרם</UnitMeasure>
      <BisWeighted>0</BisWeighted>
      <QtyInPackage>1</QtyInPackage>
      <ItemPrice>18.90</ItemPrice>
      <UnitOfMeasurePrice>2.70</UnitOfMeasurePrice>
      <AllowDiscount>1</AllowDiscount>
      <itemStatus>1</itemStatus>
      <LastUpdateDate />
      <LastUpdateTime />
    </Product>
    <Product>
      <PriceUpdateDate>2020/04/30 08:21</PriceUpdateDate>
      <ItemCode>7290002111122</ItemCode>
      <ItemType>1</ItemType>
      <ItemName>A2 רסק תפוע מתו</ItemName>
      <ManufactureName>זנלכל בעמ</ManufactureName>
      <ManufactureCountry />
      <ManufactureItemDescription />
      <UnitQty>יח`</UnitQty>
      <Quantity>5.60</Quantity>
      <UnitMeasure>100 גרם</UnitMeasure>
      <BisWeighted>0</BisWeighted>
      <QtyInPackage>1</QtyInPackage>
      <ItemPrice>5.90</ItemPrice>
      <UnitOfMeasurePrice>1.05</UnitOfMeasurePrice>
      <AllowDiscount>0</AllowDiscount>
      <itemStatus>1</itemStatus>
      <LastUpdateDate />
      <LastUpdateTime />
    </Product>
    <Product>
      <PriceUpdateDate>2018/04/24 09:24</PriceUpdateDate>
      <ItemCode>7290002111818</ItemCode>
      <ItemType>1</ItemType>
      <ItemName>גרעיני תירס מתוק פרי מבורך (400 גרם)</ItemName>
      <ManufactureName>זנלכל בעמ</ManufactureName>
      <ManufactureCountry />
      <ManufactureItemDescription />
      <UnitQty>יח`</UnitQty>
      <Quantity>3.40</Quantity>
      <UnitMeasure>100 גרם</UnitMeasure>
      <BisWeighted>0</BisWeighted>
      <QtyInPackage>1</QtyInPackage>
      <ItemPrice>4.90</ItemPrice>
      <UnitOfMeasurePrice>1.44</UnitOfMeasurePrice>
      <AllowDiscount>0</AllowDiscount>
      <itemStatus>1</itemStatus>
      <LastUpdateDate />
      <LastUpdateTime />
    </Product>
    <Product>
      <PriceUpdateDate>2018/04/24 12:58</PriceUpdateDate>
      <ItemCode>7290002129431</ItemCode>
      <ItemType>1</ItemType>
      <ItemName>שניצולני דג 600 גר דלידג</ItemName>
      <ManufactureName>נטו מלינדה סחר בעמ</ManufactureName>
      <ManufactureCountry />
      <ManufactureItemDescription />
      <UnitQty>יח`</UnitQty>
      <Quantity>6</Quantity>
      <UnitMeasure>100 גרם</UnitMeasure>
      <BisWeighted>0</BisWeighted>
      <QtyInPackage>1</QtyInPackage>
      <ItemPrice>25</ItemPrice>
      <UnitOfMeasurePrice>4.17</UnitOfMeasurePrice>
      <AllowDiscount>1</AllowDiscount>
      <itemStatus>1</itemStatus>
      <LastUpdateDate />
      <LastUpdateTime />
    </Product>
    <Product>
      <PriceUpdateDate>2018/04/24 13:08</PriceUpdateDate>
      <ItemCode>7290002129455</ItemCode>
      <ItemType>1</ItemType>
      <ItemName>פיצה איטלקית xl גדולה 450 גר` שלושת האופ</ItemName>
      <ManufactureName>נטו מלינדה סחר בעמ</ManufactureName>
      <ManufactureCountry />
      <ManufactureItemDescription />
      <UnitQty>יח`</UnitQty>
      <Quantity>4.50</Quantity>
      <UnitMeasure>100 גרם</UnitMeasure>
      <BisWeighted>0</BisWeighted>
      <QtyInPackage>1</QtyInPackage>
      <ItemPrice>19.90</ItemPrice>
      <UnitOfMeasurePrice>4.42</UnitOfMeasurePrice>
      <AllowDiscount>0</AllowDiscount>
      <itemStatus>1</itemStatus>
      <LastUpdateDate />
      <LastUpdateTime />
    </Product>
    <Product>
      <PriceUpdateDate>2018/04/24 13:00</PriceUpdateDate>
      <ItemCode>7290002129479</ItemCode>
      <ItemType>1</ItemType>
      <ItemName>פיצה איטלקית דקה שלושת האופים 320 גר</ItemName>
      <ManufactureName>נטו מלינדה סחר בעמ</ManufactureName>
      <ManufactureCountry />
      <ManufactureItemDescription />
      <UnitQty>יח`</UnitQty>
      <Quantity>3.20</Quantity>
      <UnitMeasure>100 גרם</UnitMeasure>
      <BisWeighted>0</BisWeighted>
      <QtyInPackage>1</QtyInPackage>
      <ItemPrice>13.90</ItemPrice>
      <UnitOfMeasurePrice>4.34</UnitOfMeasurePrice>
      <AllowDiscount>0</AllowDiscount>
      <itemStatus>1</itemStatus>
      <LastUpdateDate />
      <LastUpdateTime />
    </Product>
    <Product>
      <PriceUpdateDate>2018/04/24 09:49</PriceUpdateDate>
      <ItemCode>7290002130567</ItemCode>
      <ItemType>1</ItemType>
      <ItemName>דבש טהור מפרחי בר יד מרדכי (350 גרם)</ItemName>
      <ManufactureName>שטראוס גרופ בעמ</ManufactureName>
      <ManufactureCountry />
      <ManufactureItemDescription />
      <UnitQty>יח`</UnitQty>
      <Quantity>3.50</Quantity>
      <UnitMeasure>100 גרם</UnitMeasure>
      <BisWeighted>0</BisWeighted>
      <QtyInPackage>1</QtyInPackage>
      <ItemPrice>16.90</ItemPrice>
      <UnitOfMeasurePrice>4.83</UnitOfMeasurePrice>
      <AllowDiscount>0</AllowDiscount>
      <itemStatus>1</itemStatus>
      <LastUpdateDate />
      <LastUpdateTime />
    </Product>
    <Product>
      <PriceUpdateDate>2018/09/16 13:56</PriceUpdateDate>
      <ItemCode>7290002130574</ItemCode>
      <ItemType>1</ItemType>
      <ItemName>דבש דבורים טהור 500גר</ItemName>
      <ManufactureName>שטראוס גרופ בעמ</ManufactureName>
      <ManufactureCountry />
      <ManufactureItemDescription />
      <UnitQty>יח`</UnitQty>
      <Quantity>5</Quantity>
      <UnitMeasure>100 גרם</UnitMeasure>
      <BisWeighted>0</BisWeighted>
      <QtyInPackage>1</QtyInPackage>
      <ItemPrice>26.90</ItemPrice>
      <UnitOfMeasurePrice>5.38</UnitOfMeasurePrice>
      <AllowDiscount>0</AllowDiscount>
      <itemStatus>1</itemStatus>
      <LastUpdateDate />
      <LastUpdateTime />
    </Product>
    <Product>
      <PriceUpdateDate>2018/09/16 13:56</PriceUpdateDate>
      <ItemCode>7290002130581</ItemCode>
      <ItemType>1</ItemType>
      <ItemName>דבש טהור מפרחי בר יד מרדכי (1 קג)</ItemName>
      <ManufactureName>שטראוס גרופ בעמ</ManufactureName>
      <ManufactureCountry />
      <ManufactureItemDescription />
      <UnitQty>יח`</UnitQty>
      <Quantity>1</Quantity>
      <UnitMeasure>ק"ג</UnitMeasure>
      <BisWeighted>0</BisWeighted>
      <QtyInPackage>1</QtyInPackage>
      <ItemPrice>42.90</ItemPrice>
      <UnitOfMeasurePrice>42.90</UnitOfMeasurePrice>
      <AllowDiscount>0</AllowDiscount>
      <itemStatus>1</itemStatus>
      <LastUpdateDate />
      <LastUpdateTime />
    </Product>
    <Product>
      <PriceUpdateDate>2018/04/24 10:09</PriceUpdateDate>
      <ItemCode>7290002132011</ItemCode>
      <ItemType>1</ItemType>
      <ItemName>עוגיות מזרחיות עם שומשום עבאדי (400 גר)</ItemName>
      <ManufactureName>תה ויסוצקי (ישראל) בעמ</ManufactureName>
      <ManufactureCountry />
      <ManufactureItemDescription />
      <UnitQty>יח`</UnitQty>
      <Quantity>4</Quantity>
      <UnitMeasure>100 גרם</UnitMeasure>
      <BisWeighted>0</BisWeighted>
      <QtyInPackage>1</QtyInPackage>
      <ItemPrice>16.90</ItemPrice>
      <UnitOfMeasurePrice>4.23</UnitOfMeasurePrice>
      <AllowDiscount>0</AllowDiscount>
      <itemStatus>1</itemStatus>
      <LastUpdateDate />
      <LastUpdateTime />
    </Product>
    <Product>
      <PriceUpdateDate>2020/04/30 08:21</PriceUpdateDate>
      <ItemCode>7290002150732</ItemCode>
      <ItemType>1</ItemType>
      <ItemName>קרפלך בשר מטוגן 400 גר`</ItemName>
      <ManufactureName>חמים וטעים בעמ</ManufactureName>
      <ManufactureCountry />
      <ManufactureItemDescription />
      <UnitQty>יח`</UnitQty>
      <Quantity>4</Quantity>
      <UnitMeasure>100 גרם</UnitMeasure>
      <BisWeighted>0</BisWeighted>
      <QtyInPackage>1</QtyInPackage>
      <ItemPrice>11.90</ItemPrice>
      <UnitOfMeasurePrice>2.98</UnitOfMeasurePrice>
      <AllowDiscount>0</AllowDiscount>
      <itemStatus>1</itemStatus>
      <LastUpdateDate />
      <LastUpdateTime />
    </Product>
    <Product>
      <PriceUpdateDate>2020/04/30 08:21</PriceUpdateDate>
      <ItemCode>7290002150794</ItemCode>
      <ItemType>1</ItemType>
      <ItemName>סיגר בשר 400</ItemName>
      <ManufactureName>חמים וטעים בעמ</ManufactureName>
      <ManufactureCountry />
      <ManufactureItemDescription />
      <UnitQty>יח`</UnitQty>
      <Quantity>4</Quantity>
      <UnitMeasure>100 גרם</UnitMeasure>
      <BisWeighted>0</BisWeighted>
      <QtyInPackage>1</QtyInPackage>
      <ItemPrice>11.90</ItemPrice>
      <UnitOfMeasurePrice>2.98</UnitOfMeasurePrice>
      <AllowDiscount>0</AllowDiscount>
      <itemStatus>1</itemStatus>
      <LastUpdateDate />
      <LastUpdateTime />
    </Product>
    <Product>
      <PriceUpdateDate>2020/04/30 11:52</PriceUpdateDate>
      <ItemCode>7290002150862</ItemCode>
      <ItemType>1</ItemType>
      <ItemName>קובה בורגול במילוי בשר 400  גר`חמים וטמי</ItemName>
      <ManufactureName>חמים וטעים בעמ</ManufactureName>
      <ManufactureCountry />
      <ManufactureItemDescription />
      <UnitQty>יח`</UnitQty>
      <Quantity>4</Quantity>
      <UnitMeasure>100 גרם</UnitMeasure>
      <BisWeighted>0</BisWeighted>
      <QtyInPackage>1</QtyInPackage>
      <ItemPrice>11.90</ItemPrice>
      <UnitOfMeasurePrice>2.98</UnitOfMeasurePrice>
      <AllowDiscount>0</AllowDiscount>
      <itemStatus>1</itemStatus>
      <LastUpdateDate />
      <LastUpdateTime />
    </Product>
    <Product>
      <PriceUpdateDate>2019/10/23 09:40</PriceUpdateDate>
      <ItemCode>7290002195054</ItemCode>
      <ItemType>1</ItemType>
      <ItemName>המבורגר קפוא בלדי (400 גרם)</ItemName>
      <ManufactureName>בלדי בעמ</ManufactureName>
      <ManufactureCountry />
      <ManufactureItemDescription />
      <UnitQty>יח`</UnitQty>
      <Quantity>4</Quantity>
      <UnitMeasure>100 גרם</UnitMeasure>
      <BisWeighted>0</BisWeighted>
      <QtyInPackage>1</QtyInPackage>
      <ItemPrice>12.90</ItemPrice>
      <UnitOfMeasurePrice>3.23</UnitOfMeasurePrice>
      <AllowDiscount>1</AllowDiscount>
      <itemStatus>1</itemStatus>
      <LastUpdateDate />
      <LastUpdateTime />
    </Product>
    <Product>
      <PriceUpdateDate>2019/09/03 12:32</PriceUpdateDate>
      <ItemCode>7290002195078</ItemCode>
      <ItemType>1</ItemType>
      <ItemName>קבב כבש קפוא בלדי (400 גרם)</ItemName>
      <ManufactureName>בלדי בעמ</ManufactureName>
      <ManufactureCountry />
      <ManufactureItemDescription />
      <UnitQty>יח`</UnitQty>
      <Quantity>4</Quantity>
      <UnitMeasure>100 גרם</UnitMeasure>
      <BisWeighted>0</BisWeighted>
      <QtyInPackage>1</QtyInPackage>
      <ItemPrice>11.90</ItemPrice>
      <UnitOfMeasurePrice>2.98</UnitOfMeasurePrice>
      <AllowDiscount>1</AllowDiscount>
      <itemStatus>1</itemStatus>
      <LastUpdateDate />
      <LastUpdateTime />
    </Product>
    <Product>
      <PriceUpdateDate>2019/09/03 12:32</PriceUpdateDate>
      <ItemCode>7290002195085</ItemCode>
      <ItemType>1</ItemType>
      <ItemName>קבב מזרחי קפוא בלדי (400 גרם)</ItemName>
      <ManufactureName>בלדי בעמ</ManufactureName>
      <ManufactureCountry />
      <ManufactureItemDescription />
      <UnitQty>יח`</UnitQty>
      <Quantity>4</Quantity>
      <UnitMeasure>100 גרם</UnitMeasure>
      <BisWeighted>0</BisWeighted>
      <QtyInPackage>1</QtyInPackage>
      <ItemPrice>11.90</ItemPrice>
      <UnitOfMeasurePrice>2.98</UnitOfMeasurePrice>
      <AllowDiscount>1</AllowDiscount>
      <itemStatus>1</itemStatus>
      <LastUpdateDate />
      <LastUpdateTime />
    </Product>
    <Product>
      <PriceUpdateDate>2019/09/03 12:32</PriceUpdateDate>
      <ItemCode>7290002195092</ItemCode>
      <ItemType>1</ItemType>
      <ItemName>קבב רומני קפוא בלדי (400 גרם)</ItemName>
      <ManufactureName>בלדי בעמ</ManufactureName>
      <ManufactureCountry />
      <ManufactureItemDescription />
      <UnitQty>יח`</UnitQty>
      <Quantity>4</Quantity>
      <UnitMeasure>100 גרם</UnitMeasure>
      <BisWeighted>0</BisWeighted>
      <QtyInPackage>1</QtyInPackage>
      <ItemPrice>11.90</ItemPrice>
      <UnitOfMeasurePrice>2.98</UnitOfMeasurePrice>
      <AllowDiscount>1</AllowDiscount>
      <itemStatus>1</itemStatus>
      <LastUpdateDate />
      <LastUpdateTime />
    </Product>
    <Product>
      <PriceUpdateDate>2020/05/03 09:34</PriceUpdateDate>
      <ItemCode>7290002211013</ItemCode>
      <ItemType>1</ItemType>
      <ItemName>קמח 1 קג</ItemName>
      <ManufactureName>טחנת קמח רוט קרית גת</ManufactureName>
      <ManufactureCountry />
      <ManufactureItemDescription />
      <UnitQty>יח`</UnitQty>
      <Quantity>1</Quantity>
      <UnitMeasure>ק"ג</UnitMeasure>
      <BisWeighted>0</BisWeighted>
      <QtyInPackage>1</QtyInPackage>
      <ItemPrice>3.70</ItemPrice>
      <UnitOfMeasurePrice>3.70</UnitOfMeasurePrice>
      <AllowDiscount>0</AllowDiscount>
      <itemStatus>1</itemStatus>
      <LastUpdateDate />
      <LastUpdateTime />
    </Product>
    <Product>
      <PriceUpdateDate>2020/05/03 09:34</PriceUpdateDate>
      <ItemCode>7290002211044</ItemCode>
      <ItemType>1</ItemType>
      <ItemName>סולת 1 קג</ItemName>
      <ManufactureName>טחנת קמח רוט קרית גת</ManufactureName>
      <ManufactureCountry />
      <ManufactureItemDescription />
      <UnitQty>יח`</UnitQty>
      <Quantity>1</Quantity>
      <UnitMeasure>ק"ג</UnitMeasure>
      <BisWeighted>0</BisWeighted>
      <QtyInPackage>1</QtyInPackage>
      <ItemPrice>4.90</ItemPrice>
      <UnitOfMeasurePrice>4.90</UnitOfMeasurePrice>
      <AllowDiscount>0</AllowDiscount>
      <itemStatus>1</itemStatus>
      <LastUpdateDate />
      <LastUpdateTime />
    </Product>
    <Product>
      <PriceUpdateDate>2020/05/03 09:34</PriceUpdateDate>
      <ItemCode>7290002211051</ItemCode>
      <ItemType>1</ItemType>
      <ItemName>קמח מלא 1 קג</ItemName>
      <ManufactureName>טחנת קמח רוט קרית גת</ManufactureName>
      <ManufactureCountry />
      <ManufactureItemDescription />
      <UnitQty>יח`</UnitQty>
      <Quantity>1</Quantity>
      <UnitMeasure>ק"ג</UnitMeasure>
      <BisWeighted>0</BisWeighted>
      <QtyInPackage>1</QtyInPackage>
      <ItemPrice>4.30</ItemPrice>
      <UnitOfMeasurePrice>4.30</UnitOfMeasurePrice>
      <AllowDiscount>0</AllowDiscount>
      <itemStatus>1</itemStatus>
      <LastUpdateDate />
      <LastUpdateTime />
    </Product>
    <Product>
      <PriceUpdateDate>2020/05/03 09:34</PriceUpdateDate>
      <ItemCode>7290002211068</ItemCode>
      <ItemType>1</ItemType>
      <ItemName>קמח תופח 1 קג</ItemName>
      <ManufactureName>טחנת קמח רוט קרית גת</ManufactureName>
      <ManufactureCountry />
      <ManufactureItemDescription />
      <UnitQty>יח`</UnitQty>
      <Quantity>1</Quantity>
      <UnitMeasure>ק"ג</UnitMeasure>
      <BisWeighted>0</BisWeighted>
      <QtyInPackage>1</QtyInPackage>
      <ItemPrice>4.30</ItemPrice>
      <UnitOfMeasurePrice>4.30</UnitOfMeasurePrice>
      <AllowDiscount>0</AllowDiscount>
      <itemStatus>1</itemStatus>
      <LastUpdateDate />
      <LastUpdateTime />
    </Product>
    <Product>
      <PriceUpdateDate>2019/05/10 11:55</PriceUpdateDate>
      <ItemCode>7290002253006</ItemCode>
      <ItemType>1</ItemType>
      <ItemName>שום כתוש דורות (200 גרם)</ItemName>
      <ManufactureName>קבוצת אסם סחר שות. מוגבלת</ManufactureName>
      <ManufactureCountry />
      <ManufactureItemDescription />
      <UnitQty>יח`</UnitQty>
      <Quantity>2</Quantity>
      <UnitMeasure>100 גרם</UnitMeasure>
      <BisWeighted>0</BisWeighted>
      <QtyInPackage>1</QtyInPackage>
      <ItemPrice>15.90</ItemPrice>
      <UnitOfMeasurePrice>7.95</UnitOfMeasurePrice>
      <AllowDiscount>0</AllowDiscount>
      <itemStatus>1</itemStatus>
      <LastUpdateDate />
      <LastUpdateTime />
    </Product>
    <Product>
      <PriceUpdateDate>2018/04/24 10:04</PriceUpdateDate>
      <ItemCode>7290002253037</ItemCode>
      <ItemType>1</ItemType>
      <ItemName>ראשום שום כתוש דורות (200 גרם)</ItemName>
      <ManufactureName>קבוצת אסם סחר שות. מוגבלת</ManufactureName>
      <ManufactureCountry />
      <ManufactureItemDescription />
      <UnitQty>יח`</UnitQty>
      <Quantity>2.50</Quantity>
      <UnitMeasure>100 גרם</UnitMeasure>
      <BisWeighted>0</BisWeighted>
      <QtyInPackage>1</QtyInPackage>
      <ItemPrice>19.90</ItemPrice>
      <UnitOfMeasurePrice>7.96</UnitOfMeasurePrice>
      <AllowDiscount>0</AllowDiscount>
      <itemStatus>1</itemStatus>
      <LastUpdateDate />
      <LastUpdateTime />
    </Product>
    <Product>
      <PriceUpdateDate>2018/08/05 11:28</PriceUpdateDate>
      <ItemCode>7290002253105</ItemCode>
      <ItemType>1</ItemType>
      <ItemName>קוביות שום כתוש דורות (80 גרם)</ItemName>
      <ManufactureName>קבוצת אסם סחר שות. מוגבלת</ManufactureName>
      <ManufactureCountry />
      <ManufactureItemDescription />
      <UnitQty>יח`</UnitQty>
      <Quantity>0.80</Quantity>
      <UnitMeasure>100 גרם</UnitMeasure>
      <BisWeighted>0</BisWeighted>
      <QtyInPackage>1</QtyInPackage>
      <ItemPrice>13.90</ItemPrice>
      <UnitOfMeasurePrice>17.38</UnitOfMeasurePrice>
      <AllowDiscount>0</AllowDiscount>
      <itemStatus>1</itemStatus>
      <LastUpdateDate />
      <LastUpdateTime />
    </Product>
    <Product>
      <PriceUpdateDate>2019/01/07 10:57</PriceUpdateDate>
      <ItemCode>7290002253150</ItemCode>
      <ItemType>1</ItemType>
      <ItemName>בזיליקום קצוץ דורות (70 גרם)</ItemName>
      <ManufactureName>קבוצת אסם סחר שות. מוגבלת</ManufactureName>
      <ManufactureCountry />
      <ManufactureItemDescription />
      <UnitQty>יח`</UnitQty>
      <Quantity>0.70</Quantity>
      <UnitMeasure>100 גרם</UnitMeasure>
      <BisWeighted>0</BisWeighted>
      <QtyInPackage>1</QtyInPackage>
      <ItemPrice>10.90</ItemPrice>
      <UnitOfMeasurePrice>15.57</UnitOfMeasurePrice>
      <AllowDiscount>0</AllowDiscount>
      <itemStatus>1</itemStatus>
      <LastUpdateDate />
      <LastUpdateTime />
    </Product>
    <Product>
      <PriceUpdateDate>2019/01/07 10:57</PriceUpdateDate>
      <ItemCode>7290002253167</ItemCode>
      <ItemType>1</ItemType>
      <ItemName>פטרוזיליה קצוצה דורות (70 גרם)</ItemName>
      <ManufactureName>קבוצת אסם סחר שות. מוגבלת</ManufactureName>
      <ManufactureCountry />
      <ManufactureItemDescription />
      <UnitQty>יח`</UnitQty>
      <Quantity>0.70</Quantity>
      <UnitMeasure>100 גרם</UnitMeasure>
      <BisWeighted>0</BisWeighted>
      <QtyInPackage>1</QtyInPackage>
      <ItemPrice>10.90</ItemPrice>
      <UnitOfMeasurePrice>15.57</UnitOfMeasurePrice>
      <AllowDiscount>0</AllowDiscount>
      <itemStatus>1</itemStatus>
      <LastUpdateDate />
      <LastUpdateTime />
    </Product>
    <Product>
      <PriceUpdateDate>2019/01/07 10:57</PriceUpdateDate>
      <ItemCode>7290002253181</ItemCode>
      <ItemType>1</ItemType>
      <ItemName>כוסברה קצוצה דורות (70 גרם)</ItemName>
      <ManufactureName>קבוצת אסם סחר שות. מוגבלת</ManufactureName>
      <ManufactureCountry />
      <ManufactureItemDescription />
      <UnitQty>יח`</UnitQty>
      <Quantity>0.70</Quantity>
      <UnitMeasure>100 גרם</UnitMeasure>
      <BisWeighted>0</BisWeighted>
      <QtyInPackage>1</QtyInPackage>
      <ItemPrice>10.90</ItemPrice>
      <UnitOfMeasurePrice>15.57</UnitOfMeasurePrice>
      <AllowDiscount>0</AllowDiscount>
      <itemStatus>1</itemStatus>
      <LastUpdateDate />
      <LastUpdateTime />
    </Product>
    <Product>
      <PriceUpdateDate>2018/12/19 10:44</PriceUpdateDate>
      <ItemCode>7290002253495</ItemCode>
      <ItemType>1</ItemType>
      <ItemName>דורות תבל לטחינה ביתית תערובת קוביות 70</ItemName>
      <ManufactureName>קבוצת אסם סחר שות. מוגבלת</ManufactureName>
      <ManufactureCountry />
      <ManufactureItemDescription />
      <UnitQty>יח`</UnitQty>
      <Quantity>0.70</Quantity>
      <UnitMeasure>100 גרם</UnitMeasure>
      <BisWeighted>0</BisWeighted>
      <QtyInPackage>1</QtyInPackage>
      <ItemPrice>10.90</ItemPrice>
      <UnitOfMeasurePrice>15.57</UnitOfMeasurePrice>
      <AllowDiscount>0</AllowDiscount>
      <itemStatus>1</itemStatus>
      <LastUpdateDate />
      <LastUpdateTime />
    </Product>
    <Product>
      <PriceUpdateDate>2019/08/07 13:27</PriceUpdateDate>
      <ItemCode>7290002259664</ItemCode>
      <ItemType>1</ItemType>
      <ItemName>רדיד אלומיניום 0.86</ItemName>
      <ManufactureName>גורי ע.ע.ע בעמ</ManufactureName>
      <ManufactureCountry />
      <ManufactureItemDescription />
      <UnitQty>יח`</UnitQty>
      <Quantity>1</Quantity>
      <UnitMeasure />
      <BisWeighted>0</BisWeighted>
      <QtyInPackage>1</QtyInPackage>
      <ItemPrice>44.90</ItemPrice>
      <UnitOfMeasurePrice>44.90</UnitOfMeasurePrice>
      <AllowDiscount>0</AllowDiscount>
      <itemStatus>1</itemStatus>
      <LastUpdateDate />
      <LastUpdateTime />
    </Product>
    <Product>
      <PriceUpdateDate>2019/02/17 08:38</PriceUpdateDate>
      <ItemCode>7290002281405</ItemCode>
      <ItemType>1</ItemType>
      <ItemName>סלט סלמון) (2*160 מעושן ויליגר</ItemName>
      <ManufactureName>נטו מלינדה סחר בעמ</ManufactureName>
      <ManufactureCountry />
      <ManufactureItemDescription />
      <UnitQty>יח`</UnitQty>
      <Quantity>3.20</Quantity>
      <UnitMeasure>100 גרם</UnitMeasure>
      <BisWeighted>0</BisWeighted>
      <QtyInPackage>1</QtyInPackage>
      <ItemPrice>9.90</ItemPrice>
      <UnitOfMeasurePrice>3.09</UnitOfMeasurePrice>
      <AllowDiscount>0</AllowDiscount>
      <itemStatus>1</itemStatus>
      <LastUpdateDate />
      <LastUpdateTime />
    </Product>
    <Product>
      <PriceUpdateDate>2018/04/24 10:58</PriceUpdateDate>
      <ItemCode>7290002291046</ItemCode>
      <ItemType>1</ItemType>
      <ItemName>בלדי המבורגר מסעדות קצבייה</ItemName>
      <ManufactureName>בלדי בעמ</ManufactureName>
      <ManufactureCountry />
      <ManufactureItemDescription />
      <UnitQty>יח`</UnitQty>
      <Quantity>4.80</Quantity>
      <UnitMeasure>100 גרם</UnitMeasure>
      <BisWeighted>0</BisWeighted>
      <QtyInPackage>1</QtyInPackage>
      <ItemPrice>24.90</ItemPrice>
      <UnitOfMeasurePrice>5.19</UnitOfMeasurePrice>
      <AllowDiscount>0</AllowDiscount>
      <itemStatus>1</itemStatus>
      <LastUpdateDate />
      <LastUpdateTime />
    </Product>
    <Product>
      <PriceUpdateDate>2018/04/24 09:35</PriceUpdateDate>
      <ItemCode>7290002304203</ItemCode>
      <ItemType>1</ItemType>
      <ItemName>קונפיטורה ענבי ציון לייט 600 גר` תות שדה</ItemName>
      <ManufactureName>אבאל יזמות בעמ</ManufactureName>
      <ManufactureCountry />
      <ManufactureItemDescription />
      <UnitQty>יח`</UnitQty>
      <Quantity>6</Quantity>
      <UnitMeasure>100 גרם</UnitMeasure>
      <BisWeighted>0</BisWeighted>
      <QtyInPackage>1</QtyInPackage>
      <ItemPrice>23.90</ItemPrice>
      <UnitOfMeasurePrice>3.98</UnitOfMeasurePrice>
      <AllowDiscount>1</AllowDiscount>
      <itemStatus>1</itemStatus>
      <LastUpdateDate />
      <LastUpdateTime />
    </Product>
    <Product>
      <PriceUpdateDate>2018/04/24 09:35</PriceUpdateDate>
      <ItemCode>7290002304210</ItemCode>
      <ItemType>1</ItemType>
      <ItemName>קונפיטורה ענבי ציון לייט 600 גר` משמש</ItemName>
      <ManufactureName>אבאל יזמות בעמ</ManufactureName>
      <ManufactureCountry />
      <ManufactureItemDescription />
      <UnitQty>יח`</UnitQty>
      <Quantity>6</Quantity>
      <UnitMeasure>100 גרם</UnitMeasure>
      <BisWeighted>0</BisWeighted>
      <QtyInPackage>1</QtyInPackage>
      <ItemPrice>23.90</ItemPrice>
      <UnitOfMeasurePrice>3.98</UnitOfMeasurePrice>
      <AllowDiscount>1</AllowDiscount>
      <itemStatus>1</itemStatus>
      <LastUpdateDate />
      <LastUpdateTime />
    </Product>
    <Product>
      <PriceUpdateDate>2018/04/24 09:35</PriceUpdateDate>
      <ItemCode>7290002304234</ItemCode>
      <ItemType>1</ItemType>
      <ItemName>קונפיטורה ענבי ציון לייט 600 גר` אוכמניו</ItemName>
      <ManufactureName>אבאל יזמות בעמ</ManufactureName>
      <ManufactureCountry />
      <ManufactureItemDescription />
      <UnitQty>יח`</UnitQty>
      <Quantity>6</Quantity>
      <UnitMeasure>100 גרם</UnitMeasure>
      <BisWeighted>0</BisWeighted>
      <QtyInPackage>1</QtyInPackage>
      <ItemPrice>23.90</ItemPrice>
      <UnitOfMeasurePrice>3.98</UnitOfMeasurePrice>
      <AllowDiscount>1</AllowDiscount>
      <itemStatus>1</itemStatus>
      <LastUpdateDate />
      <LastUpdateTime />
    </Product>
    <Product>
      <PriceUpdateDate>2018/04/24 09:35</PriceUpdateDate>
      <ItemCode>7290002304630</ItemCode>
      <ItemType>1</ItemType>
      <ItemName>קונפיטורה ענבי ציון 600 גר` דובדבן</ItemName>
      <ManufactureName>אבאל יזמות בעמ</ManufactureName>
      <ManufactureCountry />
      <ManufactureItemDescription />
      <UnitQty>יח`</UnitQty>
      <Quantity>7</Quantity>
      <UnitMeasure>100 גרם</UnitMeasure>
      <BisWeighted>0</BisWeighted>
      <QtyInPackage>1</QtyInPackage>
      <ItemPrice>19.90</ItemPrice>
      <UnitOfMeasurePrice>2.84</UnitOfMeasurePrice>
      <AllowDiscount>1</AllowDiscount>
      <itemStatus>1</itemStatus>
      <LastUpdateDate />
      <LastUpdateTime />
    </Product>
    <Product>
      <PriceUpdateDate>2018/04/24 10:04</PriceUpdateDate>
      <ItemCode>7290002319016</ItemCode>
      <ItemType>1</ItemType>
      <ItemName>אבקת אפיה מיה (10x10 גרם)</ItemName>
      <ManufactureName>מיה תעשיות מזון מ.ת.מ. בעמ</ManufactureName>
      <ManufactureCountry />
      <ManufactureItemDescription />
      <UnitQty>יח`</UnitQty>
      <Quantity>1</Quantity>
      <UnitMeasure>100 גרם</UnitMeasure>
      <BisWeighted>0</BisWeighted>
      <QtyInPackage>1</QtyInPackage>
      <ItemPrice>2.90</ItemPrice>
      <UnitOfMeasurePrice>2.90</UnitOfMeasurePrice>
      <AllowDiscount>1</AllowDiscount>
      <itemStatus>1</itemStatus>
      <LastUpdateDate />
      <LastUpdateTime />
    </Product>
    <Product>
      <PriceUpdateDate>2018/04/24 10:51</PriceUpdateDate>
      <ItemCode>7290002319047</ItemCode>
      <ItemType>1</ItemType>
      <ItemName>אגוזי מלך 100ג</ItemName>
      <ManufactureName>מיה תעשיות מזון מ.ת.מ. בעמ</ManufactureName>
      <ManufactureCountry />
      <ManufactureItemDescription />
      <UnitQty>יח`</UnitQty>
      <Quantity>1</Quantity>
      <UnitMeasure>100 גרם</UnitMeasure>
      <BisWeighted>0</BisWeighted>
      <QtyInPackage>1</QtyInPackage>
      <ItemPrice>11.90</ItemPrice>
      <UnitOfMeasurePrice>11.90</UnitOfMeasurePrice>
      <AllowDiscount>1</AllowDiscount>
      <itemStatus>1</itemStatus>
      <LastUpdateDate />
      <LastUpdateTime />
    </Product>
    <Product>
      <PriceUpdateDate>2018/04/24 10:04</PriceUpdateDate>
      <ItemCode>7290002319061</ItemCode>
      <ItemType>1</ItemType>
      <ItemName>קוקוס טחון מיה (100 גרם)</ItemName>
      <ManufactureName>מיה תעשיות מזון מ.ת.מ. בעמ</ManufactureName>
      <ManufactureCountry />
      <ManufactureItemDescription />
      <UnitQty>יח`</UnitQty>
      <Quantity>1</Quantity>
      <UnitMeasure>100 גרם</UnitMeasure>
      <BisWeighted>0</BisWeighted>
      <QtyInPackage>1</QtyInPackage>
      <ItemPrice>2.90</ItemPrice>
      <UnitOfMeasurePrice>2.90</UnitOfMeasurePrice>
      <AllowDiscount>1</AllowDiscount>
      <itemStatus>1</itemStatus>
      <LastUpdateDate />
      <LastUpdateTime />
    </Product>
    <Product>
      <PriceUpdateDate>2018/04/24 10:04</PriceUpdateDate>
      <ItemCode>7290002319078</ItemCode>
      <ItemType>1</ItemType>
      <ItemName>שומשום 100 גר`</ItemName>
      <ManufactureName>מיה תעשיות מזון מ.ת.מ. בעמ</ManufactureName>
      <ManufactureCountry />
      <ManufactureItemDescription />
      <UnitQty>יח`</UnitQty>
      <Quantity>1</Quantity>
      <UnitMeasure>100 גרם</UnitMeasure>
      <BisWeighted>0</BisWeighted>
      <QtyInPackage>1</QtyInPackage>
      <ItemPrice>2.90</ItemPrice>
      <UnitOfMeasurePrice>2.90</UnitOfMeasurePrice>
      <AllowDiscount>1</AllowDiscount>
      <itemStatus>1</itemStatus>
      <LastUpdateDate />
      <LastUpdateTime />
    </Product>
    <Product>
      <PriceUpdateDate>2018/04/24 10:04</PriceUpdateDate>
      <ItemCode>7290002319092</ItemCode>
      <ItemType>1</ItemType>
      <ItemName>קמח תפוחי אדמה 500 גר`</ItemName>
      <ManufactureName>מיה תעשיות מזון מ.ת.מ. בעמ</ManufactureName>
      <ManufactureCountry />
      <ManufactureItemDescription />
      <UnitQty>יח`</UnitQty>
      <Quantity>5</Quantity>
      <UnitMeasure>100 גרם</UnitMeasure>
      <BisWeighted>0</BisWeighted>
      <QtyInPackage>1</QtyInPackage>
      <ItemPrice>4.90</ItemPrice>
      <UnitOfMeasurePrice>0.98</UnitOfMeasurePrice>
      <AllowDiscount>0</AllowDiscount>
      <itemStatus>1</itemStatus>
      <LastUpdateDate />
      <LastUpdateTime />
    </Product>
    <Product>
      <PriceUpdateDate>2018/04/24 11:09</PriceUpdateDate>
      <ItemCode>7290002319122</ItemCode>
      <ItemType>1</ItemType>
      <ItemName>גריסים 500 גר` מיה</ItemName>
      <ManufactureName>מיה תעשיות מזון מ.ת.מ. בעמ</ManufactureName>
      <ManufactureCountry />
      <ManufactureItemDescription />
      <UnitQty>יח`</UnitQty>
      <Quantity>5</Quantity>
      <UnitMeasure>100 גרם</UnitMeasure>
      <BisWeighted>0</BisWeighted>
      <QtyInPackage>1</QtyInPackage>
      <ItemPrice>5.90</ItemPrice>
      <UnitOfMeasurePrice>1.18</UnitOfMeasurePrice>
      <AllowDiscount>0</AllowDiscount>
      <itemStatus>1</itemStatus>
      <LastUpdateDate />
      <LastUpdateTime />
    </Product>
    <Product>
      <PriceUpdateDate>2018/04/24 09:57</PriceUpdateDate>
      <ItemCode>7290002319139</ItemCode>
      <ItemType>1</ItemType>
      <ItemName>שעועית לבנה מיה (500 גרם)</ItemName>
      <ManufactureName>מיה תעשיות מזון מ.ת.מ. בעמ</ManufactureName>
      <ManufactureCountry />
      <ManufactureItemDescription />
      <UnitQty>יח`</UnitQty>
      <Quantity>5</Quantity>
      <UnitMeasure>100 גרם</UnitMeasure>
      <BisWeighted>0</BisWeighted>
      <QtyInPackage>1</QtyInPackage>
      <ItemPrice>9.90</ItemPrice>
      <UnitOfMeasurePrice>1.98</UnitOfMeasurePrice>
      <AllowDiscount>0</AllowDiscount>
      <itemStatus>1</itemStatus>
      <LastUpdateDate />
      <LastUpdateTime />
    </Product>
    <Product>
      <PriceUpdateDate>2018/04/24 09:57</PriceUpdateDate>
      <ItemCode>7290002319146</ItemCode>
      <ItemType>1</ItemType>
      <ItemName>שעועית אדומה מיה (500 גרם)</ItemName>
      <ManufactureName>מיה תעשיות מזון מ.ת.מ. בעמ</ManufactureName>
      <ManufactureCountry />
      <ManufactureItemDescription />
      <UnitQty>יח`</UnitQty>
      <Quantity>5</Quantity>
      <UnitMeasure>100 גרם</UnitMeasure>
      <BisWeighted>0</BisWeighted>
      <QtyInPackage>1</QtyInPackage>
      <ItemPrice>11.90</ItemPrice>
      <UnitOfMeasurePrice>2.38</UnitOfMeasurePrice>
      <AllowDiscount>0</AllowDiscount>
      <itemStatus>1</itemStatus>
      <LastUpdateDate />
      <LastUpdateTime />
    </Product>
    <Product>
      <PriceUpdateDate>2018/04/24 09:57</PriceUpdateDate>
      <ItemCode>7290002319184</ItemCode>
      <ItemType>1</ItemType>
      <ItemName>עדשים אדומות מיה (500 גרם)</ItemName>
      <ManufactureName>מיה תעשיות מזון מ.ת.מ. בעמ</ManufactureName>
      <ManufactureCountry />
      <ManufactureItemDescription />
      <UnitQty>יח`</UnitQty>
      <Quantity>5</Quantity>
      <UnitMeasure>100 גרם</UnitMeasure>
      <BisWeighted>0</BisWeighted>
      <QtyInPackage>1</QtyInPackage>
      <ItemPrice>9.90</ItemPrice>
      <UnitOfMeasurePrice>1.98</UnitOfMeasurePrice>
      <AllowDiscount>0</AllowDiscount>
      <itemStatus>1</itemStatus>
      <LastUpdateDate />
      <LastUpdateTime />
    </Product>
    <Product>
      <PriceUpdateDate>2018/04/24 09:57</PriceUpdateDate>
      <ItemCode>7290002319207</ItemCode>
      <ItemType>1</ItemType>
      <ItemName>כוסמת מיה (500 גרם)</ItemName>
      <ManufactureName>מיה תעשיות מזון מ.ת.מ. בעמ</ManufactureName>
      <ManufactureCountry />
      <ManufactureItemDescription />
      <UnitQty>יח`</UnitQty>
      <Quantity>5</Quantity>
      <UnitMeasure>100 גרם</UnitMeasure>
      <BisWeighted>0</BisWeighted>
      <QtyInPackage>1</QtyInPackage>
      <ItemPrice>8</ItemPrice>
      <UnitOfMeasurePrice>1.60</UnitOfMeasurePrice>
      <AllowDiscount>0</AllowDiscount>
      <itemStatus>1</itemStatus>
      <LastUpdateDate />
      <LastUpdateTime />
    </Product>
    <Product>
      <PriceUpdateDate>2018/04/24 10:51</PriceUpdateDate>
      <ItemCode>7290002319344</ItemCode>
      <ItemType>1</ItemType>
      <ItemName>שקדים 100ג</ItemName>
      <ManufactureName>מיה תעשיות מזון מ.ת.מ. בעמ</ManufactureName>
      <ManufactureCountry />
      <ManufactureItemDescription />
      <UnitQty>יח`</UnitQty>
      <Quantity>1</Quantity>
      <UnitMeasure>100 גרם</UnitMeasure>
      <BisWeighted>0</BisWeighted>
      <QtyInPackage>1</QtyInPackage>
      <ItemPrice>11.90</ItemPrice>
      <UnitOfMeasurePrice>11.90</UnitOfMeasurePrice>
      <AllowDiscount>1</AllowDiscount>
      <itemStatus>1</itemStatus>
      <LastUpdateDate />
      <LastUpdateTime />
    </Product>
    <Product>
      <PriceUpdateDate>2018/04/24 10:51</PriceUpdateDate>
      <ItemCode>7290002319733</ItemCode>
      <ItemType>1</ItemType>
      <ItemName>אגוזי פאקן 100 ג</ItemName>
      <ManufactureName>מיה תעשיות מזון מ.ת.מ. בעמ</ManufactureName>
      <ManufactureCountry />
      <ManufactureItemDescription />
      <UnitQty>יח`</UnitQty>
      <Quantity>1</Quantity>
      <UnitMeasure>100 גרם</UnitMeasure>
      <BisWeighted>0</BisWeighted>
      <QtyInPackage>1</QtyInPackage>
      <ItemPrice>17.90</ItemPrice>
      <UnitOfMeasurePrice>17.90</UnitOfMeasurePrice>
      <AllowDiscount>0</AllowDiscount>
      <itemStatus>1</itemStatus>
      <LastUpdateDate />
      <LastUpdateTime />
    </Product>
    <Product>
      <PriceUpdateDate>2018/04/24 09:57</PriceUpdateDate>
      <ItemCode>7290002319788</ItemCode>
      <ItemType>1</ItemType>
      <ItemName>תמצית אפיה בטעם רום כשלפ בדצ העדח</ItemName>
      <ManufactureName>מיה תעשיות מזון מ.ת.מ. בעמ</ManufactureName>
      <ManufactureCountry />
      <ManufactureItemDescription />
      <UnitQty>יח`</UnitQty>
      <Quantity>0.60</Quantity>
      <UnitMeasure>100 מ"ל</UnitMeasure>
      <BisWeighted>0</BisWeighted>
      <QtyInPackage>1</QtyInPackage>
      <ItemPrice>3.90</ItemPrice>
      <UnitOfMeasurePrice>6.50</UnitOfMeasurePrice>
      <AllowDiscount>1</AllowDiscount>
      <itemStatus>1</itemStatus>
      <LastUpdateDate />
      <LastUpdateTime />
    </Product>
    <Product>
      <PriceUpdateDate>2019/01/07 10:57</PriceUpdateDate>
      <ItemCode>7290002319825</ItemCode>
      <ItemType>1</ItemType>
      <ItemName>אבקת סוכר 100 גר`</ItemName>
      <ManufactureName>מיה תעשיות מזון מ.ת.מ. בעמ</ManufactureName>
      <ManufactureCountry />
      <ManufactureItemDescription />
      <UnitQty>יח`</UnitQty>
      <Quantity>1</Quantity>
      <UnitMeasure>100 גרם</UnitMeasure>
      <BisWeighted>0</BisWeighted>
      <QtyInPackage>1</QtyInPackage>
      <ItemPrice>2</ItemPrice>
      <UnitOfMeasurePrice>2</UnitOfMeasurePrice>
      <AllowDiscount>1</AllowDiscount>
      <itemStatus>1</itemStatus>
      <LastUpdateDate />
      <LastUpdateTime />
    </Product>
    <Product>
      <PriceUpdateDate>2019/01/14 09:58</PriceUpdateDate>
      <ItemCode>7290002323198</ItemCode>
      <ItemType>1</ItemType>
      <ItemName>משקה קל תפוחים ספרינג (1.5 ליטר)</ItemName>
      <ManufactureName>יפאורה</ManufactureName>
      <ManufactureCountry />
      <ManufactureItemDescription />
      <UnitQty>יח`</UnitQty>
      <Quantity>15</Quantity>
      <UnitMeasure>100 מ"ל</UnitMeasure>
      <BisWeighted>0</BisWeighted>
      <QtyInPackage>1</QtyInPackage>
      <ItemPrice>6.40</ItemPrice>
      <UnitOfMeasurePrice>0.43</UnitOfMeasurePrice>
      <AllowDiscount>1</AllowDiscount>
      <itemStatus>1</itemStatus>
      <LastUpdateDate />
      <LastUpdateTime />
    </Product>
    <Product>
      <PriceUpdateDate>2018/04/24 10:07</PriceUpdateDate>
      <ItemCode>7290002323815</ItemCode>
      <ItemType>1</ItemType>
      <ItemName>משקה קל תפוזים קריסטל (2 ליטר)</ItemName>
      <ManufactureName>יפאורה</ManufactureName>
      <ManufactureCountry />
      <ManufactureItemDescription />
      <UnitQty>יח`</UnitQty>
      <Quantity>2</Quantity>
      <UnitMeasure>1 ליטר</UnitMeasure>
      <BisWeighted>0</BisWeighted>
      <QtyInPackage>1</QtyInPackage>
      <ItemPrice>3.80</ItemPrice>
      <UnitOfMeasurePrice>1.90</UnitOfMeasurePrice>
      <AllowDiscount>0</AllowDiscount>
      <itemStatus>1</itemStatus>
      <LastUpdateDate />
      <LastUpdateTime />
    </Product>
    <Product>
      <PriceUpdateDate>2018/07/25 08:51</PriceUpdateDate>
      <ItemCode>7290002327028</ItemCode>
      <ItemType>1</ItemType>
      <ItemName>ג`חנון 650 גר` שלושת האופים</ItemName>
      <ManufactureName>נטו מלינדה סחר בעמ</ManufactureName>
      <ManufactureCountry />
      <ManufactureItemDescription />
      <UnitQty>יח`</UnitQty>
      <Quantity>6.50</Quantity>
      <UnitMeasure>100 גרם</UnitMeasure>
      <BisWeighted>0</BisWeighted>
      <QtyInPackage>1</QtyInPackage>
      <ItemPrice>16.90</ItemPrice>
      <UnitOfMeasurePrice>2.60</UnitOfMeasurePrice>
      <AllowDiscount>1</AllowDiscount>
      <itemStatus>1</itemStatus>
      <LastUpdateDate />
      <LastUpdateTime />
    </Product>
    <Product>
      <PriceUpdateDate>2018/07/25 08:51</PriceUpdateDate>
      <ItemCode>7290002327059</ItemCode>
      <ItemType>1</ItemType>
      <ItemName>בצק עלים מרודד שלושת האופים (1 קג)</ItemName>
      <ManufactureName>נטו מלינדה סחר בעמ</ManufactureName>
      <ManufactureCountry />
      <ManufactureItemDescription />
      <UnitQty>יח`</UnitQty>
      <Quantity>10</Quantity>
      <UnitMeasure>100 גרם</UnitMeasure>
      <BisWeighted>0</BisWeighted>
      <QtyInPackage>1</QtyInPackage>
      <ItemPrice>18.90</ItemPrice>
      <UnitOfMeasurePrice>1.89</UnitOfMeasurePrice>
      <AllowDiscount>1</AllowDiscount>
      <itemStatus>1</itemStatus>
      <LastUpdateDate />
      <LastUpdateTime />
    </Product>
    <Product>
      <PriceUpdateDate>2018/04/24 09:17</PriceUpdateDate>
      <ItemCode>7290002327066</ItemCode>
      <ItemType>1</ItemType>
      <ItemName>קונכיות 625  גר`שלושת האופים</ItemName>
      <ManufactureName>נטו מלינדה סחר בעמ</ManufactureName>
      <ManufactureCountry />
      <ManufactureItemDescription />
      <UnitQty>יח`</UnitQty>
      <Quantity>6.25</Quantity>
      <UnitMeasure>100 גרם</UnitMeasure>
      <BisWeighted>0</BisWeighted>
      <QtyInPackage>1</QtyInPackage>
      <ItemPrice>23.90</ItemPrice>
      <UnitOfMeasurePrice>3.82</UnitOfMeasurePrice>
      <AllowDiscount>0</AllowDiscount>
      <itemStatus>1</itemStatus>
      <LastUpdateDate />
      <LastUpdateTime />
    </Product>
    <Product>
      <PriceUpdateDate>2018/04/24 09:41</PriceUpdateDate>
      <ItemCode>7290002331025</ItemCode>
      <ItemType>1</ItemType>
      <ItemName>נביעות 500 תו-גוווו</ItemName>
      <ManufactureName>החברה המרכזית להפצת משקאות בעמ</ManufactureName>
      <ManufactureCountry />
      <ManufactureItemDescription />
      <UnitQty>יח`</UnitQty>
      <Quantity>5</Quantity>
      <UnitMeasure>100 מ"ל</UnitMeasure>
      <BisWeighted>0</BisWeighted>
      <QtyInPackage>1</QtyInPackage>
      <ItemPrice>3.30</ItemPrice>
      <UnitOfMeasurePrice>0.60</UnitOfMeasurePrice>
      <AllowDiscount>0</AllowDiscount>
      <itemStatus>1</itemStatus>
      <LastUpdateDate />
      <LastUpdateTime />
    </Product>
    <Product>
      <PriceUpdateDate>2018/04/24 09:41</PriceUpdateDate>
      <ItemCode>7290002331094</ItemCode>
      <ItemType>1</ItemType>
      <ItemName>בקבוק נביעות תו-גוו 750</ItemName>
      <ManufactureName>החברה המרכזית להפצת משקאות בעמ</ManufactureName>
      <ManufactureCountry />
      <ManufactureItemDescription />
      <UnitQty>יח`</UnitQty>
      <Quantity>7.50</Quantity>
      <UnitMeasure>100 מ"ל</UnitMeasure>
      <BisWeighted>0</BisWeighted>
      <QtyInPackage>1</QtyInPackage>
      <ItemPrice>3.50</ItemPrice>
      <UnitOfMeasurePrice>0.43</UnitOfMeasurePrice>
      <AllowDiscount>0</AllowDiscount>
      <itemStatus>1</itemStatus>
      <LastUpdateDate />
      <LastUpdateTime />
    </Product>
    <Product>
      <PriceUpdateDate>2018/08/01 14:43</PriceUpdateDate>
      <ItemCode>7290002331117</ItemCode>
      <ItemType>1</ItemType>
      <ItemName>מים בטעם ענבים נביעות פלוס (1.5 ליטר)</ItemName>
      <ManufactureName>החברה המרכזית להפצת משקאות בעמ</ManufactureName>
      <ManufactureCountry />
      <ManufactureItemDescription />
      <UnitQty>יח`</UnitQty>
      <Quantity>1.50</Quantity>
      <UnitMeasure>1 ליטר</UnitMeasure>
      <BisWeighted>0</BisWeighted>
      <QtyInPackage>1</QtyInPackage>
      <ItemPrice>7.70</ItemPrice>
      <UnitOfMeasurePrice>5.13</UnitOfMeasurePrice>
      <AllowDiscount>0</AllowDiscount>
      <itemStatus>1</itemStatus>
      <LastUpdateDate />
      <LastUpdateTime />
    </Product>
    <Product>
      <PriceUpdateDate>2018/07/08 10:38</PriceUpdateDate>
      <ItemCode>7290002331148</ItemCode>
      <ItemType>1</ItemType>
      <ItemName>נביעות פלוס 1.5 ליטר תפוח</ItemName>
      <ManufactureName>החברה המרכזית להפצת משקאות בעמ</ManufactureName>
      <ManufactureCountry />
      <ManufactureItemDescription />
      <UnitQty>יח`</UnitQty>
      <Quantity>1.50</Quantity>
      <UnitMeasure>1 ליטר</UnitMeasure>
      <BisWeighted>0</BisWeighted>
      <QtyInPackage>1</QtyInPackage>
      <ItemPrice>7.70</ItemPrice>
      <UnitOfMeasurePrice>5.13</UnitOfMeasurePrice>
      <AllowDiscount>0</AllowDiscount>
      <itemStatus>1</itemStatus>
      <LastUpdateDate />
      <LastUpdateTime />
    </Product>
    <Product>
      <PriceUpdateDate>2018/04/24 09:41</PriceUpdateDate>
      <ItemCode>7290002331162</ItemCode>
      <ItemType>1</ItemType>
      <ItemName>מים נביעות 1.5לי</ItemName>
      <ManufactureName>החברה המרכזית להפצת משקאות בעמ</ManufactureName>
      <ManufactureCountry />
      <ManufactureItemDescription />
      <UnitQty>יח`</UnitQty>
      <Quantity>1.50</Quantity>
      <UnitMeasure>1 ליטר</UnitMeasure>
      <BisWeighted>0</BisWeighted>
      <QtyInPackage>1</QtyInPackage>
      <ItemPrice>3.90</ItemPrice>
      <UnitOfMeasurePrice>2.60</UnitOfMeasurePrice>
      <AllowDiscount>0</AllowDiscount>
      <itemStatus>1</itemStatus>
      <LastUpdateDate />
      <LastUpdateTime />
    </Product>
    <Product>
      <PriceUpdateDate>2018/08/01 14:43</PriceUpdateDate>
      <ItemCode>7290002331179</ItemCode>
      <ItemType>1</ItemType>
      <ItemName>נביעות פלוס 1.5 ליטר אפרסק</ItemName>
      <ManufactureName>החברה המרכזית להפצת משקאות בעמ</ManufactureName>
      <ManufactureCountry />
      <ManufactureItemDescription />
      <UnitQty>יח`</UnitQty>
      <Quantity>1.50</Quantity>
      <UnitMeasure>1 ליטר</UnitMeasure>
      <BisWeighted>0</BisWeighted>
      <QtyInPackage>1</QtyInPackage>
      <ItemPrice>7.70</ItemPrice>
      <UnitOfMeasurePrice>5.13</UnitOfMeasurePrice>
      <AllowDiscount>0</AllowDiscount>
      <itemStatus>1</itemStatus>
      <LastUpdateDate />
      <LastUpdateTime />
    </Product>
    <Product>
      <PriceUpdateDate>2019/01/30 10:28</PriceUpdateDate>
      <ItemCode>7290002331322</ItemCode>
      <ItemType>1</ItemType>
      <ItemName>שישיית מים מינרלים נביעות (1.5x6 ליטר)</ItemName>
      <ManufactureName>החברה המרכזית להפצת משקאות בעמ</ManufactureName>
      <ManufactureCountry />
      <ManufactureItemDescription />
      <UnitQty>יח`</UnitQty>
      <Quantity>9</Quantity>
      <UnitMeasure>1 ליטר</UnitMeasure>
      <BisWeighted>0</BisWeighted>
      <QtyInPackage>1</QtyInPackage>
      <ItemPrice>11.90</ItemPrice>
      <UnitOfMeasurePrice>1.32</UnitOfMeasurePrice>
      <AllowDiscount>1</AllowDiscount>
      <itemStatus>1</itemStatus>
      <LastUpdateDate />
      <LastUpdateTime />
    </Product>
    <Product>
      <PriceUpdateDate>2018/07/25 13:24</PriceUpdateDate>
      <ItemCode>7290002331360</ItemCode>
      <ItemType>1</ItemType>
      <ItemName>נביעות שישיה 0.500 טו גוווווו</ItemName>
      <ManufactureName>החברה המרכזית להפצת משקאות בעמ</ManufactureName>
      <ManufactureCountry />
      <ManufactureItemDescription />
      <UnitQty>יח`</UnitQty>
      <Quantity>3</Quantity>
      <UnitMeasure>1 ליטר</UnitMeasure>
      <BisWeighted>0</BisWeighted>
      <QtyInPackage>1</QtyInPackage>
      <ItemPrice>15.70</ItemPrice>
      <UnitOfMeasurePrice>4.63</UnitOfMeasurePrice>
      <AllowDiscount>1</AllowDiscount>
      <itemStatus>1</itemStatus>
      <LastUpdateDate />
      <LastUpdateTime />
    </Product>
    <Product>
      <PriceUpdateDate>2018/04/24 09:52</PriceUpdateDate>
      <ItemCode>7290002331421</ItemCode>
      <ItemType>1</ItemType>
      <ItemName>שישית נביעות תו-גוו 755</ItemName>
      <ManufactureName>החברה המרכזית להפצת משקאות בעמ</ManufactureName>
      <ManufactureCountry />
      <ManufactureItemDescription />
      <UnitQty>יח`</UnitQty>
      <Quantity>3</Quantity>
      <UnitMeasure>1 ליטר</UnitMeasure>
      <BisWeighted>0</BisWeighted>
      <QtyInPackage>1</QtyInPackage>
      <ItemPrice>16.90</ItemPrice>
      <UnitOfMeasurePrice>5.03</UnitOfMeasurePrice>
      <AllowDiscount>0</AllowDiscount>
      <itemStatus>1</itemStatus>
      <LastUpdateDate />
      <LastUpdateTime />
    </Product>
    <Product>
      <PriceUpdateDate>2018/12/28 08:01</PriceUpdateDate>
      <ItemCode>7290002331483</ItemCode>
      <ItemType>1</ItemType>
      <ItemName>נביעות בייבי 320*6 מל</ItemName>
      <ManufactureName>החברה המרכזית להפצת משקאות בעמ</ManufactureName>
      <ManufactureCountry />
      <ManufactureItemDescription />
      <UnitQty>יח`</UnitQty>
      <Quantity>19.20</Quantity>
      <UnitMeasure>100 מ"ל</UnitMeasure>
      <BisWeighted>0</BisWeighted>
      <QtyInPackage>1</QtyInPackage>
      <ItemPrice>13.90</ItemPrice>
      <UnitOfMeasurePrice>0.63</UnitOfMeasurePrice>
      <AllowDiscount>0</AllowDiscount>
      <itemStatus>1</itemStatus>
      <LastUpdateDate />
      <LastUpdateTime />
    </Product>
    <Product>
      <PriceUpdateDate>2018/04/24 12:01</PriceUpdateDate>
      <ItemCode>7290002331490</ItemCode>
      <ItemType>1</ItemType>
      <ItemName>מים מינרלים נביעות (1 ליטר)</ItemName>
      <ManufactureName>החברה המרכזית להפצת משקאות בעמ</ManufactureName>
      <ManufactureCountry />
      <ManufactureItemDescription />
      <UnitQty>יח`</UnitQty>
      <Quantity>1</Quantity>
      <UnitMeasure>1 ליטר</UnitMeasure>
      <BisWeighted>0</BisWeighted>
      <QtyInPackage>1</QtyInPackage>
      <ItemPrice>3.20</ItemPrice>
      <UnitOfMeasurePrice>3.20</UnitOfMeasurePrice>
      <AllowDiscount>0</AllowDiscount>
      <itemStatus>1</itemStatus>
      <LastUpdateDate />
      <LastUpdateTime />
    </Product>
    <Product>
      <PriceUpdateDate>2018/04/24 13:01</PriceUpdateDate>
      <ItemCode>7290002345015</ItemCode>
      <ItemType>1</ItemType>
      <ItemName>דק דק סינטה אל גאוצו</ItemName>
      <ManufactureName>נטו מלינדה סחר בעמ</ManufactureName>
      <ManufactureCountry />
      <ManufactureItemDescription />
      <UnitQty>יח`</UnitQty>
      <Quantity>2.50</Quantity>
      <UnitMeasure>100 גרם</UnitMeasure>
      <BisWeighted>0</BisWeighted>
      <QtyInPackage>1</QtyInPackage>
      <ItemPrice>24.90</ItemPrice>
      <UnitOfMeasurePrice>9.96</UnitOfMeasurePrice>
      <AllowDiscount>1</AllowDiscount>
      <itemStatus>1</itemStatus>
      <LastUpdateDate />
      <LastUpdateTime />
    </Product>
    <Product>
      <PriceUpdateDate>2018/10/07 11:54</PriceUpdateDate>
      <ItemCode>7290002345022</ItemCode>
      <ItemType>1</ItemType>
      <ItemName>דק דק אנטריקוט אל גאוצו</ItemName>
      <ManufactureName>נטו מלינדה סחר בעמ</ManufactureName>
      <ManufactureCountry />
      <ManufactureItemDescription />
      <UnitQty>יח`</UnitQty>
      <Quantity>2.50</Quantity>
      <UnitMeasure>100 גרם</UnitMeasure>
      <BisWeighted>0</BisWeighted>
      <QtyInPackage>1</QtyInPackage>
      <ItemPrice>24.90</ItemPrice>
      <UnitOfMeasurePrice>9.96</UnitOfMeasurePrice>
      <AllowDiscount>1</AllowDiscount>
      <itemStatus>1</itemStatus>
      <LastUpdateDate />
      <LastUpdateTime />
    </Product>
    <Product>
      <PriceUpdateDate>2018/05/18 09:20</PriceUpdateDate>
      <ItemCode>7290002345077</ItemCode>
      <ItemType>1</ItemType>
      <ItemName>דק דק שניצל בקר 250 גר` טיבון ויל אל גא</ItemName>
      <ManufactureName>נטו מלינדה סחר בעמ</ManufactureName>
      <ManufactureCountry />
      <ManufactureItemDescription />
      <UnitQty>יח`</UnitQty>
      <Quantity>2.50</Quantity>
      <UnitMeasure>100 גרם</UnitMeasure>
      <BisWeighted>0</BisWeighted>
      <QtyInPackage>1</QtyInPackage>
      <ItemPrice>19.90</ItemPrice>
      <UnitOfMeasurePrice>7.96</UnitOfMeasurePrice>
      <AllowDiscount>1</AllowDiscount>
      <itemStatus>1</itemStatus>
      <LastUpdateDate />
      <LastUpdateTime />
    </Product>
    <Product>
      <PriceUpdateDate>2018/04/24 09:18</PriceUpdateDate>
      <ItemCode>7290002353836</ItemCode>
      <ItemType>1</ItemType>
      <ItemName>סרדין רוברט בשמן זית</ItemName>
      <ManufactureName>נטו מלינדה סחר בעמ</ManufactureName>
      <ManufactureCountry />
      <ManufactureItemDescription />
      <UnitQty>יח`</UnitQty>
      <Quantity>1.20</Quantity>
      <UnitMeasure>100 גרם</UnitMeasure>
      <BisWeighted>0</BisWeighted>
      <QtyInPackage>1</QtyInPackage>
      <ItemPrice>8.90</ItemPrice>
      <UnitOfMeasurePrice>7.42</UnitOfMeasurePrice>
      <AllowDiscount>0</AllowDiscount>
      <itemStatus>1</itemStatus>
      <LastUpdateDate />
      <LastUpdateTime />
    </Product>
    <Product>
      <PriceUpdateDate>2018/04/24 11:24</PriceUpdateDate>
      <ItemCode>7290002360124</ItemCode>
      <ItemType>1</ItemType>
      <ItemName>פומפדור חליטת צמחים ורד הבר והיביסקו חדש</ItemName>
      <ManufactureName>ש.שסטוביץ בעמ</ManufactureName>
      <ManufactureCountry />
      <ManufactureItemDescription />
      <UnitQty>יח`</UnitQty>
      <Quantity>0.30</Quantity>
      <UnitMeasure>100 גרם</UnitMeasure>
      <BisWeighted>0</BisWeighted>
      <QtyInPackage>1</QtyInPackage>
      <ItemPrice>15.90</ItemPrice>
      <UnitOfMeasurePrice>53</UnitOfMeasurePrice>
      <AllowDiscount>0</AllowDiscount>
      <itemStatus>1</itemStatus>
      <LastUpdateDate />
      <LastUpdateTime />
    </Product>
    <Product>
      <PriceUpdateDate>2018/07/25 13:24</PriceUpdateDate>
      <ItemCode>7290002360155</ItemCode>
      <ItemType>1</ItemType>
      <ItemName>חליטת צמחים שומר פומפדור) (20</ItemName>
      <ManufactureName>ש.שסטוביץ בעמ</ManufactureName>
      <ManufactureCountry />
      <ManufactureItemDescription />
      <UnitQty>יח`</UnitQty>
      <Quantity>0.40</Quantity>
      <UnitMeasure>100 גרם</UnitMeasure>
      <BisWeighted>0</BisWeighted>
      <QtyInPackage>1</QtyInPackage>
      <ItemPrice>15.90</ItemPrice>
      <UnitOfMeasurePrice>39.75</UnitOfMeasurePrice>
      <AllowDiscount>0</AllowDiscount>
      <itemStatus>1</itemStatus>
      <LastUpdateDate />
      <LastUpdateTime />
    </Product>
    <Product>
      <PriceUpdateDate>2018/07/25 13:24</PriceUpdateDate>
      <ItemCode>7290002360278</ItemCode>
      <ItemType>1</ItemType>
      <ItemName>תה מנטה פומפדור) (20</ItemName>
      <ManufactureName>ש.שסטוביץ בעמ</ManufactureName>
      <ManufactureCountry />
      <ManufactureItemDescription />
      <UnitQty>יח`</UnitQty>
      <Quantity>0.45</Quantity>
      <UnitMeasure>100 גרם</UnitMeasure>
      <BisWeighted>0</BisWeighted>
      <QtyInPackage>1</QtyInPackage>
      <ItemPrice>15.90</ItemPrice>
      <UnitOfMeasurePrice>35.33</UnitOfMeasurePrice>
      <AllowDiscount>0</AllowDiscount>
      <itemStatus>1</itemStatus>
      <LastUpdateDate />
      <LastUpdateTime />
    </Product>
    <Product>
      <PriceUpdateDate>2018/04/24 12:02</PriceUpdateDate>
      <ItemCode>7290002371526</ItemCode>
      <ItemType>1</ItemType>
      <ItemName>סלסולי פסטרמה שום וצ`ילי 120 גר` טירת צב</ItemName>
      <ManufactureName>תנובה קפואים</ManufactureName>
      <ManufactureCountry />
      <ManufactureItemDescription />
      <UnitQty>יח`</UnitQty>
      <Quantity>1.20</Quantity>
      <UnitMeasure>100 גרם</UnitMeasure>
      <BisWeighted>0</BisWeighted>
      <QtyInPackage>1</QtyInPackage>
      <ItemPrice>15.90</ItemPrice>
      <UnitOfMeasurePrice>13.25</UnitOfMeasurePrice>
      <AllowDiscount>1</AllowDiscount>
      <itemStatus>1</itemStatus>
      <LastUpdateDate />
      <LastUpdateTime />
    </Product>
    <Product>
      <PriceUpdateDate>2018/04/24 12:02</PriceUpdateDate>
      <ItemCode>7290002371533</ItemCode>
      <ItemType>1</ItemType>
      <ItemName>סלסולי פסטרמה בדבש טירת צבי (120 גרם)</ItemName>
      <ManufactureName>תנובה קפואים</ManufactureName>
      <ManufactureCountry />
      <ManufactureItemDescription />
      <UnitQty>יח`</UnitQty>
      <Quantity>1.20</Quantity>
      <UnitMeasure>100 גרם</UnitMeasure>
      <BisWeighted>0</BisWeighted>
      <QtyInPackage>1</QtyInPackage>
      <ItemPrice>15.90</ItemPrice>
      <UnitOfMeasurePrice>13.25</UnitOfMeasurePrice>
      <AllowDiscount>1</AllowDiscount>
      <itemStatus>1</itemStatus>
      <LastUpdateDate />
      <LastUpdateTime />
    </Product>
    <Product>
      <PriceUpdateDate>2018/04/24 12:02</PriceUpdateDate>
      <ItemCode>7290002371540</ItemCode>
      <ItemType>1</ItemType>
      <ItemName>נקניקים קורנדביף 120 גר` טירת צבי</ItemName>
      <ManufactureName>תנובה קפואים</ManufactureName>
      <ManufactureCountry />
      <ManufactureItemDescription />
      <UnitQty>יח`</UnitQty>
      <Quantity>1.20</Quantity>
      <UnitMeasure>100 גרם</UnitMeasure>
      <BisWeighted>0</BisWeighted>
      <QtyInPackage>1</QtyInPackage>
      <ItemPrice>15.90</ItemPrice>
      <UnitOfMeasurePrice>13.25</UnitOfMeasurePrice>
      <AllowDiscount>1</AllowDiscount>
      <itemStatus>1</itemStatus>
      <LastUpdateDate />
      <LastUpdateTime />
    </Product>
    <Product>
      <PriceUpdateDate>2018/04/24 09:35</PriceUpdateDate>
      <ItemCode>7290002371854</ItemCode>
      <ItemType>1</ItemType>
      <ItemName>נקניקיות עוף חריפות 1 קג` טירת צבי</ItemName>
      <ManufactureName>תנובה קפואים</ManufactureName>
      <ManufactureCountry />
      <ManufactureItemDescription />
      <UnitQty>יח`</UnitQty>
      <Quantity>10</Quantity>
      <UnitMeasure>100 גרם</UnitMeasure>
      <BisWeighted>0</BisWeighted>
      <QtyInPackage>1</QtyInPackage>
      <ItemPrice>31.90</ItemPrice>
      <UnitOfMeasurePrice>3.19</UnitOfMeasurePrice>
      <AllowDiscount>1</AllowDiscount>
      <itemStatus>1</itemStatus>
      <LastUpdateDate />
      <LastUpdateTime />
    </Product>
    <Product>
      <PriceUpdateDate>2018/04/24 09:35</PriceUpdateDate>
      <ItemCode>7290002371939</ItemCode>
      <ItemType>1</ItemType>
      <ItemName>סרוולד צרפתי 120 גר` טירת צבי</ItemName>
      <ManufactureName>תנובה קפואים</ManufactureName>
      <ManufactureCountry />
      <ManufactureItemDescription />
      <UnitQty>יח`</UnitQty>
      <Quantity>1.20</Quantity>
      <UnitMeasure>100 גרם</UnitMeasure>
      <BisWeighted>0</BisWeighted>
      <QtyInPackage>1</QtyInPackage>
      <ItemPrice>27.90</ItemPrice>
      <UnitOfMeasurePrice>23.25</UnitOfMeasurePrice>
      <AllowDiscount>1</AllowDiscount>
      <itemStatus>1</itemStatus>
      <LastUpdateDate />
      <LastUpdateTime />
    </Product>
    <Product>
      <PriceUpdateDate>2020/04/20 12:46</PriceUpdateDate>
      <ItemCode>7290002374312</ItemCode>
      <ItemType>1</ItemType>
      <ItemName>שמן קנולה מזוכך 6% מילומור (1 ליטר)</ItemName>
      <ManufactureName>שמן תעשיות בעמ</ManufactureName>
      <ManufactureCountry />
      <ManufactureItemDescription />
      <UnitQty>יח`</UnitQty>
      <Quantity>1</Quantity>
      <UnitMeasure>1 ליטר</UnitMeasure>
      <BisWeighted>0</BisWeighted>
      <QtyInPackage>1</QtyInPackage>
      <ItemPrice>6.90</ItemPrice>
      <UnitOfMeasurePrice>6.90</UnitOfMeasurePrice>
      <AllowDiscount>0</AllowDiscount>
      <itemStatus>1</itemStatus>
      <LastUpdateDate />
      <LastUpdateTime />
    </Product>
    <Product>
      <PriceUpdateDate>2018/07/25 08:49</PriceUpdateDate>
      <ItemCode>7290002374640</ItemCode>
      <ItemType>1</ItemType>
      <ItemName>שמן קנולה פלוס אומגה 3 עץ הזית (1 ליטר)</ItemName>
      <ManufactureName>שמן תעשיות בעמ</ManufactureName>
      <ManufactureCountry />
      <ManufactureItemDescription />
      <UnitQty>יח`</UnitQty>
      <Quantity>1</Quantity>
      <UnitMeasure>1 ליטר</UnitMeasure>
      <BisWeighted>0</BisWeighted>
      <QtyInPackage>1</QtyInPackage>
      <ItemPrice>15.90</ItemPrice>
      <UnitOfMeasurePrice>15.90</UnitOfMeasurePrice>
      <AllowDiscount>0</AllowDiscount>
      <itemStatus>1</itemStatus>
      <LastUpdateDate />
      <LastUpdateTime />
    </Product>
    <Product>
      <PriceUpdateDate>2018/04/24 10:29</PriceUpdateDate>
      <ItemCode>7290002409014</ItemCode>
      <ItemType>1</ItemType>
      <ItemName>ג`חנון אפוי</ItemName>
      <ManufactureName>ציפור השרון יהוד 1990 בעמ</ManufactureName>
      <ManufactureCountry />
      <ManufactureItemDescription />
      <UnitQty>יח`</UnitQty>
      <Quantity>6</Quantity>
      <UnitMeasure>100 גרם</UnitMeasure>
      <BisWeighted>0</BisWeighted>
      <QtyInPackage>1</QtyInPackage>
      <ItemPrice>15.90</ItemPrice>
      <UnitOfMeasurePrice>2.65</UnitOfMeasurePrice>
      <AllowDiscount>0</AllowDiscount>
      <itemStatus>1</itemStatus>
      <LastUpdateDate />
      <LastUpdateTime />
    </Product>
    <Product>
      <PriceUpdateDate>2019/11/20 11:18</PriceUpdateDate>
      <ItemCode>7290002409021</ItemCode>
      <ItemType>1</ItemType>
      <ItemName>מלווח ציפור השרון (7 יח` - 1 קג)</ItemName>
      <ManufactureName>ציפור השרון יהוד 1990 בעמ</ManufactureName>
      <ManufactureCountry />
      <ManufactureItemDescription />
      <UnitQty>יח`</UnitQty>
      <Quantity>1</Quantity>
      <UnitMeasure>ק"ג</UnitMeasure>
      <BisWeighted>0</BisWeighted>
      <QtyInPackage>1</QtyInPackage>
      <ItemPrice>12.90</ItemPrice>
      <UnitOfMeasurePrice>12.90</UnitOfMeasurePrice>
      <AllowDiscount>1</AllowDiscount>
      <itemStatus>1</itemStatus>
      <LastUpdateDate />
      <LastUpdateTime />
    </Product>
    <Product>
      <PriceUpdateDate>2019/11/20 11:18</PriceUpdateDate>
      <ItemCode>7290002409076</ItemCode>
      <ItemType>1</ItemType>
      <ItemName>ג`חנון בצק ציפור השרון (800 גרם)</ItemName>
      <ManufactureName>ציפור השרון יהוד 1990 בעמ</ManufactureName>
      <ManufactureCountry />
      <ManufactureItemDescription />
      <UnitQty>יח`</UnitQty>
      <Quantity>8</Quantity>
      <UnitMeasure>100 גרם</UnitMeasure>
      <BisWeighted>0</BisWeighted>
      <QtyInPackage>1</QtyInPackage>
      <ItemPrice>12.90</ItemPrice>
      <UnitOfMeasurePrice>1.61</UnitOfMeasurePrice>
      <AllowDiscount>1</AllowDiscount>
      <itemStatus>1</itemStatus>
      <LastUpdateDate />
      <LastUpdateTime />
    </Product>
    <Product>
      <PriceUpdateDate>2018/07/25 08:51</PriceUpdateDate>
      <ItemCode>7290002507604</ItemCode>
      <ItemType>1</ItemType>
      <ItemName>פיצת השף-שגב מאיטליה 320 גר</ItemName>
      <ManufactureName>נטו מלינדה סחר בעמ</ManufactureName>
      <ManufactureCountry />
      <ManufactureItemDescription />
      <UnitQty>יח`</UnitQty>
      <Quantity>3.20</Quantity>
      <UnitMeasure>100 גרם</UnitMeasure>
      <BisWeighted>0</BisWeighted>
      <QtyInPackage>1</QtyInPackage>
      <ItemPrice>15.90</ItemPrice>
      <UnitOfMeasurePrice>4.97</UnitOfMeasurePrice>
      <AllowDiscount>0</AllowDiscount>
      <itemStatus>1</itemStatus>
      <LastUpdateDate />
      <LastUpdateTime />
    </Product>
    <Product>
      <PriceUpdateDate>2020/04/19 08:11</PriceUpdateDate>
      <ItemCode>7290002512004</ItemCode>
      <ItemType>1</ItemType>
      <ItemName>מלווח צנעני (900 גרם)</ItemName>
      <ManufactureName>צנעני מוצרי בצק בעמ</ManufactureName>
      <ManufactureCountry />
      <ManufactureItemDescription />
      <UnitQty>יח`</UnitQty>
      <Quantity>9</Quantity>
      <UnitMeasure>100 גרם</UnitMeasure>
      <BisWeighted>0</BisWeighted>
      <QtyInPackage>1</QtyInPackage>
      <ItemPrice>17.90</ItemPrice>
      <UnitOfMeasurePrice>1.99</UnitOfMeasurePrice>
      <AllowDiscount>0</AllowDiscount>
      <itemStatus>1</itemStatus>
      <LastUpdateDate />
      <LastUpdateTime />
    </Product>
    <Product>
      <PriceUpdateDate>2020/04/19 08:11</PriceUpdateDate>
      <ItemCode>7290002512011</ItemCode>
      <ItemType>1</ItemType>
      <ItemName>ג`חנון צנעני (900 גרם)</ItemName>
      <ManufactureName>צנעני מוצרי בצק בעמ</ManufactureName>
      <ManufactureCountry />
      <ManufactureItemDescription />
      <UnitQty>יח`</UnitQty>
      <Quantity>9</Quantity>
      <UnitMeasure>100 גרם</UnitMeasure>
      <BisWeighted>0</BisWeighted>
      <QtyInPackage>1</QtyInPackage>
      <ItemPrice>17.90</ItemPrice>
      <UnitOfMeasurePrice>1.99</UnitOfMeasurePrice>
      <AllowDiscount>0</AllowDiscount>
      <itemStatus>1</itemStatus>
      <LastUpdateDate />
      <LastUpdateTime />
    </Product>
    <Product>
      <PriceUpdateDate>2018/04/24 10:17</PriceUpdateDate>
      <ItemCode>7290002515364</ItemCode>
      <ItemType>1</ItemType>
      <ItemName>קמיל בלו אל  סבון+ מילוי</ItemName>
      <ManufactureName>פישר תעשיות פרמצבטיות בעמ</ManufactureName>
      <ManufactureCountry />
      <ManufactureItemDescription />
      <UnitQty>יח`</UnitQty>
      <Quantity>5</Quantity>
      <UnitMeasure>100 מ"ל</UnitMeasure>
      <BisWeighted>0</BisWeighted>
      <QtyInPackage>1</QtyInPackage>
      <ItemPrice>15.90</ItemPrice>
      <UnitOfMeasurePrice>3.18</UnitOfMeasurePrice>
      <AllowDiscount>0</AllowDiscount>
      <itemStatus>1</itemStatus>
      <LastUpdateDate />
      <LastUpdateTime />
    </Product>
    <Product>
      <PriceUpdateDate>2018/04/24 13:19</PriceUpdateDate>
      <ItemCode>7290002517269</ItemCode>
      <ItemType>1</ItemType>
      <ItemName>פלפל שחור שלם 35 גר`</ItemName>
      <ManufactureName>תבליני טעם וריח בעמ</ManufactureName>
      <ManufactureCountry />
      <ManufactureItemDescription />
      <UnitQty>יח`</UnitQty>
      <Quantity>0.35</Quantity>
      <UnitMeasure>100 גרם</UnitMeasure>
      <BisWeighted>0</BisWeighted>
      <QtyInPackage>1</QtyInPackage>
      <ItemPrice>8.90</ItemPrice>
      <UnitOfMeasurePrice>25.43</UnitOfMeasurePrice>
      <AllowDiscount>0</AllowDiscount>
      <itemStatus>1</itemStatus>
      <LastUpdateDate />
      <LastUpdateTime />
    </Product>
    <Product>
      <PriceUpdateDate>2018/04/24 13:19</PriceUpdateDate>
      <ItemCode>7290002517276</ItemCode>
      <ItemType>1</ItemType>
      <ItemName>פלפל אנגלי שלם 25 גר`</ItemName>
      <ManufactureName>תבליני טעם וריח בעמ</ManufactureName>
      <ManufactureCountry />
      <ManufactureItemDescription />
      <UnitQty>יח`</UnitQty>
      <Quantity>0.25</Quantity>
      <UnitMeasure>100 גרם</UnitMeasure>
      <BisWeighted>0</BisWeighted>
      <QtyInPackage>1</QtyInPackage>
      <ItemPrice>5.90</ItemPrice>
      <UnitOfMeasurePrice>23.60</UnitOfMeasurePrice>
      <AllowDiscount>0</AllowDiscount>
      <itemStatus>1</itemStatus>
      <LastUpdateDate />
      <LastUpdateTime />
    </Product>
    <Product>
      <PriceUpdateDate>2018/04/24 13:19</PriceUpdateDate>
      <ItemCode>7290002517634</ItemCode>
      <ItemType>1</ItemType>
      <ItemName>כוסברה 30 גר`</ItemName>
      <ManufactureName>תבליני טעם וריח בעמ</ManufactureName>
      <ManufactureCountry />
      <ManufactureItemDescription />
      <UnitQty>יח`</UnitQty>
      <Quantity>0.30</Quantity>
      <UnitMeasure>100 גרם</UnitMeasure>
      <BisWeighted>0</BisWeighted>
      <QtyInPackage>1</QtyInPackage>
      <ItemPrice>5.90</ItemPrice>
      <UnitOfMeasurePrice>19.67</UnitOfMeasurePrice>
      <AllowDiscount>0</AllowDiscount>
      <itemStatus>1</itemStatus>
      <LastUpdateDate />
      <LastUpdateTime />
    </Product>
    <Product>
      <PriceUpdateDate>2018/04/24 13:19</PriceUpdateDate>
      <ItemCode>7290002517658</ItemCode>
      <ItemType>1</ItemType>
      <ItemName>כורכום 40 גר`</ItemName>
      <ManufactureName>תבליני טעם וריח בעמ</ManufactureName>
      <ManufactureCountry />
      <ManufactureItemDescription />
      <UnitQty>יח`</UnitQty>
      <Quantity>0.40</Quantity>
      <UnitMeasure>100 גרם</UnitMeasure>
      <BisWeighted>0</BisWeighted>
      <QtyInPackage>1</QtyInPackage>
      <ItemPrice>5.90</ItemPrice>
      <UnitOfMeasurePrice>14.75</UnitOfMeasurePrice>
      <AllowDiscount>0</AllowDiscount>
      <itemStatus>1</itemStatus>
      <LastUpdateDate />
      <LastUpdateTime />
    </Product>
    <Product>
      <PriceUpdateDate>2018/04/24 12:55</PriceUpdateDate>
      <ItemCode>7290002517689</ItemCode>
      <ItemType>1</ItemType>
      <ItemName>קרי אבקה 40 גר`</ItemName>
      <ManufactureName>תבליני טעם וריח בעמ</ManufactureName>
      <ManufactureCountry />
      <ManufactureItemDescription />
      <UnitQty>יח`</UnitQty>
      <Quantity>0.40</Quantity>
      <UnitMeasure>100 גרם</UnitMeasure>
      <BisWeighted>0</BisWeighted>
      <QtyInPackage>1</QtyInPackage>
      <ItemPrice>5.90</ItemPrice>
      <UnitOfMeasurePrice>14.75</UnitOfMeasurePrice>
      <AllowDiscount>0</AllowDiscount>
      <itemStatus>1</itemStatus>
      <LastUpdateDate />
      <LastUpdateTime />
    </Product>
    <Product>
      <PriceUpdateDate>2018/04/24 13:19</PriceUpdateDate>
      <ItemCode>7290002517726</ItemCode>
      <ItemType>1</ItemType>
      <ItemName>קינמון מקלות 15 גר`</ItemName>
      <ManufactureName>תבליני טעם וריח בעמ</ManufactureName>
      <ManufactureCountry />
      <ManufactureItemDescription />
      <UnitQty>יח`</UnitQty>
      <Quantity>0.15</Quantity>
      <UnitMeasure>100 גרם</UnitMeasure>
      <BisWeighted>0</BisWeighted>
      <QtyInPackage>1</QtyInPackage>
      <ItemPrice>5.90</ItemPrice>
      <UnitOfMeasurePrice>39.33</UnitOfMeasurePrice>
      <AllowDiscount>0</AllowDiscount>
      <itemStatus>1</itemStatus>
      <LastUpdateDate />
      <LastUpdateTime />
    </Product>
    <Product>
      <PriceUpdateDate>2018/04/24 12:55</PriceUpdateDate>
      <ItemCode>7290002517733</ItemCode>
      <ItemType>1</ItemType>
      <ItemName>קצח 40 גר`</ItemName>
      <ManufactureName>תבליני טעם וריח בעמ</ManufactureName>
      <ManufactureCountry />
      <ManufactureItemDescription />
      <UnitQty>יח`</UnitQty>
      <Quantity>0.40</Quantity>
      <UnitMeasure>100 גרם</UnitMeasure>
      <BisWeighted>0</BisWeighted>
      <QtyInPackage>1</QtyInPackage>
      <ItemPrice>5.90</ItemPrice>
      <UnitOfMeasurePrice>14.75</UnitOfMeasurePrice>
      <AllowDiscount>0</AllowDiscount>
      <itemStatus>1</itemStatus>
      <LastUpdateDate />
      <LastUpdateTime />
    </Product>
    <Product>
      <PriceUpdateDate>2019/01/07 10:57</PriceUpdateDate>
      <ItemCode>7290002541370</ItemCode>
      <ItemType>1</ItemType>
      <ItemName>משקה סויה בטעם טבעי אלפרו (1 ליטר)</ItemName>
      <ManufactureName>ש.שסטוביץ בעמ</ManufactureName>
      <ManufactureCountry />
      <ManufactureItemDescription />
      <UnitQty>יח`</UnitQty>
      <Quantity>0.01</Quantity>
      <UnitMeasure>100 מ"ל</UnitMeasure>
      <BisWeighted>0</BisWeighted>
      <QtyInPackage>1</QtyInPackage>
      <ItemPrice>14.90</ItemPrice>
      <UnitOfMeasurePrice>1490</UnitOfMeasurePrice>
      <AllowDiscount>1</AllowDiscount>
      <itemStatus>1</itemStatus>
      <LastUpdateDate />
      <LastUpdateTime />
    </Product>
    <Product>
      <PriceUpdateDate>2019/01/07 10:57</PriceUpdateDate>
      <ItemCode>7290002541981</ItemCode>
      <ItemType>1</ItemType>
      <ItemName>אלפרו סויה ללא סוכר 1 ליטר</ItemName>
      <ManufactureName>ש.שסטוביץ בעמ</ManufactureName>
      <ManufactureCountry />
      <ManufactureItemDescription />
      <UnitQty>יח`</UnitQty>
      <Quantity>0.01</Quantity>
      <UnitMeasure>100 מ"ל</UnitMeasure>
      <BisWeighted>0</BisWeighted>
      <QtyInPackage>1</QtyInPackage>
      <ItemPrice>14.90</ItemPrice>
      <UnitOfMeasurePrice>1490</UnitOfMeasurePrice>
      <AllowDiscount>1</AllowDiscount>
      <itemStatus>1</itemStatus>
      <LastUpdateDate />
      <LastUpdateTime />
    </Product>
    <Product>
      <PriceUpdateDate>2019/05/02 14:02</PriceUpdateDate>
      <ItemCode>7290002543237</ItemCode>
      <ItemType>1</ItemType>
      <ItemName>קורנפלקס קלוגס (750 גרם)</ItemName>
      <ManufactureName>דיפלומט היינץ</ManufactureName>
      <ManufactureCountry />
      <ManufactureItemDescription />
      <UnitQty>יח`</UnitQty>
      <Quantity>7.50</Quantity>
      <UnitMeasure>100 גרם</UnitMeasure>
      <BisWeighted>0</BisWeighted>
      <QtyInPackage>1</QtyInPackage>
      <ItemPrice>13.90</ItemPrice>
      <UnitOfMeasurePrice>1.85</UnitOfMeasurePrice>
      <AllowDiscount>1</AllowDiscount>
      <itemStatus>1</itemStatus>
      <LastUpdateDate />
      <LastUpdateTime />
    </Product>
    <Product>
      <PriceUpdateDate>2018/04/24 12:13</PriceUpdateDate>
      <ItemCode>7290002544203</ItemCode>
      <ItemType>1</ItemType>
      <ItemName>ממרח פסטו מוטי שף (180 גרם)</ItemName>
      <ManufactureName>ל.י.ב. (לחיות יותר בטבע) בעמ</ManufactureName>
      <ManufactureCountry />
      <ManufactureItemDescription />
      <UnitQty>יח`</UnitQty>
      <Quantity>1.80</Quantity>
      <UnitMeasure>100 גרם</UnitMeasure>
      <BisWeighted>0</BisWeighted>
      <QtyInPackage>1</QtyInPackage>
      <ItemPrice>23.90</ItemPrice>
      <UnitOfMeasurePrice>13.28</UnitOfMeasurePrice>
      <AllowDiscount>0</AllowDiscount>
      <itemStatus>1</itemStatus>
      <LastUpdateDate />
      <LastUpdateTime />
    </Product>
    <Product>
      <PriceUpdateDate>2018/04/24 13:15</PriceUpdateDate>
      <ItemCode>7290002603016</ItemCode>
      <ItemType>1</ItemType>
      <ItemName>טונה ויליגר במים 140 גר רביעייה</ItemName>
      <ManufactureName>נטו מלינדה סחר בעמ</ManufactureName>
      <ManufactureCountry />
      <ManufactureItemDescription />
      <UnitQty>יח`</UnitQty>
      <Quantity>4.60</Quantity>
      <UnitMeasure>100 גרם</UnitMeasure>
      <BisWeighted>0</BisWeighted>
      <QtyInPackage>1</QtyInPackage>
      <ItemPrice>19.90</ItemPrice>
      <UnitOfMeasurePrice>4.33</UnitOfMeasurePrice>
      <AllowDiscount>1</AllowDiscount>
      <itemStatus>1</itemStatus>
      <LastUpdateDate />
      <LastUpdateTime />
    </Product>
    <Product>
      <PriceUpdateDate>2018/07/25 08:51</PriceUpdateDate>
      <ItemCode>7290002603481</ItemCode>
      <ItemType>1</ItemType>
      <ItemName>פיצת השף מאיטליה CHEF שגב פסטו ועגבניות</ItemName>
      <ManufactureName>נטו מלינדה סחר בעמ</ManufactureName>
      <ManufactureCountry />
      <ManufactureItemDescription />
      <UnitQty>יח`</UnitQty>
      <Quantity>2</Quantity>
      <UnitMeasure>100 גרם</UnitMeasure>
      <BisWeighted>0</BisWeighted>
      <QtyInPackage>1</QtyInPackage>
      <ItemPrice>14.90</ItemPrice>
      <UnitOfMeasurePrice>7.45</UnitOfMeasurePrice>
      <AllowDiscount>0</AllowDiscount>
      <itemStatus>1</itemStatus>
      <LastUpdateDate />
      <LastUpdateTime />
    </Product>
    <Product>
      <PriceUpdateDate>2018/07/25 08:51</PriceUpdateDate>
      <ItemCode>7290002603498</ItemCode>
      <ItemType>1</ItemType>
      <ItemName>פיצת השף מאיטליה CHEF שגב אנטיפסטי 220</ItemName>
      <ManufactureName>נטו מלינדה סחר בעמ</ManufactureName>
      <ManufactureCountry />
      <ManufactureItemDescription />
      <UnitQty>יח`</UnitQty>
      <Quantity>2.20</Quantity>
      <UnitMeasure>100 גרם</UnitMeasure>
      <BisWeighted>0</BisWeighted>
      <QtyInPackage>1</QtyInPackage>
      <ItemPrice>14.90</ItemPrice>
      <UnitOfMeasurePrice>6.77</UnitOfMeasurePrice>
      <AllowDiscount>0</AllowDiscount>
      <itemStatus>1</itemStatus>
      <LastUpdateDate />
      <LastUpdateTime />
    </Product>
    <Product>
      <PriceUpdateDate>2018/04/24 13:11</PriceUpdateDate>
      <ItemCode>7290002603504</ItemCode>
      <ItemType>1</ItemType>
      <ItemName>פיצת השף מאיטליה CHEF שגב עגבניות ובצל ס</ItemName>
      <ManufactureName>נטו מלינדה סחר בעמ</ManufactureName>
      <ManufactureCountry />
      <ManufactureItemDescription />
      <UnitQty>יח`</UnitQty>
      <Quantity>2.20</Quantity>
      <UnitMeasure>100 גרם</UnitMeasure>
      <BisWeighted>0</BisWeighted>
      <QtyInPackage>1</QtyInPackage>
      <ItemPrice>14.90</ItemPrice>
      <UnitOfMeasurePrice>6.77</UnitOfMeasurePrice>
      <AllowDiscount>0</AllowDiscount>
      <itemStatus>1</itemStatus>
      <LastUpdateDate />
      <LastUpdateTime />
    </Product>
    <Product>
      <PriceUpdateDate>2020/03/24 14:07</PriceUpdateDate>
      <ItemCode>7290002618263</ItemCode>
      <ItemType>1</ItemType>
      <ItemName>טבעות בצל 600  גר`שף הטבע</ItemName>
      <ManufactureName>קפוא-זן תעשיות מזון בעמ - תפוג</ManufactureName>
      <ManufactureCountry />
      <ManufactureItemDescription />
      <UnitQty>יח`</UnitQty>
      <Quantity>6</Quantity>
      <UnitMeasure>100 גרם</UnitMeasure>
      <BisWeighted>0</BisWeighted>
      <QtyInPackage>1</QtyInPackage>
      <ItemPrice>12.90</ItemPrice>
      <UnitOfMeasurePrice>2.15</UnitOfMeasurePrice>
      <AllowDiscount>0</AllowDiscount>
      <itemStatus>1</itemStatus>
      <LastUpdateDate />
      <LastUpdateTime />
    </Product>
    <Product>
      <PriceUpdateDate>2018/07/09 14:50</PriceUpdateDate>
      <ItemCode>7290002628064</ItemCode>
      <ItemType>1</ItemType>
      <ItemName>בשר בקר טחון קפוא בלדי (500 גרם)</ItemName>
      <ManufactureName>בלדי בעמ</ManufactureName>
      <ManufactureCountry />
      <ManufactureItemDescription />
      <UnitQty>יח`</UnitQty>
      <Quantity>5</Quantity>
      <UnitMeasure>100 גרם</UnitMeasure>
      <BisWeighted>0</BisWeighted>
      <QtyInPackage>1</QtyInPackage>
      <ItemPrice>15.90</ItemPrice>
      <UnitOfMeasurePrice>3.18</UnitOfMeasurePrice>
      <AllowDiscount>0</AllowDiscount>
      <itemStatus>1</itemStatus>
      <LastUpdateDate />
      <LastUpdateTime />
    </Product>
    <Product>
      <PriceUpdateDate>2018/04/24 10:40</PriceUpdateDate>
      <ItemCode>7290002628088</ItemCode>
      <ItemType>1</ItemType>
      <ItemName>טחון הודו בלדי 500</ItemName>
      <ManufactureName>בלדי בעמ</ManufactureName>
      <ManufactureCountry />
      <ManufactureItemDescription />
      <UnitQty>יח`</UnitQty>
      <Quantity>5</Quantity>
      <UnitMeasure>100 גרם</UnitMeasure>
      <BisWeighted>0</BisWeighted>
      <QtyInPackage>1</QtyInPackage>
      <ItemPrice>10.90</ItemPrice>
      <UnitOfMeasurePrice>2.18</UnitOfMeasurePrice>
      <AllowDiscount>0</AllowDiscount>
      <itemStatus>1</itemStatus>
      <LastUpdateDate />
      <LastUpdateTime />
    </Product>
    <Product>
      <PriceUpdateDate>2018/04/24 10:40</PriceUpdateDate>
      <ItemCode>7290002628293</ItemCode>
      <ItemType>1</ItemType>
      <ItemName>טחון עוף בלדי 500</ItemName>
      <ManufactureName>בלדי בעמ</ManufactureName>
      <ManufactureCountry />
      <ManufactureItemDescription />
      <UnitQty>יח`</UnitQty>
      <Quantity>5</Quantity>
      <UnitMeasure>100 גרם</UnitMeasure>
      <BisWeighted>0</BisWeighted>
      <QtyInPackage>1</QtyInPackage>
      <ItemPrice>10.90</ItemPrice>
      <UnitOfMeasurePrice>2.18</UnitOfMeasurePrice>
      <AllowDiscount>0</AllowDiscount>
      <itemStatus>1</itemStatus>
      <LastUpdateDate />
      <LastUpdateTime />
    </Product>
    <Product>
      <PriceUpdateDate>2018/04/24 09:30</PriceUpdateDate>
      <ItemCode>7290002661115</ItemCode>
      <ItemType>1</ItemType>
      <ItemName>לחם הולנדי פרוס ברמן (1.2 קג)</ItemName>
      <ManufactureName>י.את א. ברמן בעמ</ManufactureName>
      <ManufactureCountry />
      <ManufactureItemDescription />
      <UnitQty>יח`</UnitQty>
      <Quantity>10</Quantity>
      <UnitMeasure>100 גרם</UnitMeasure>
      <BisWeighted>0</BisWeighted>
      <QtyInPackage>1</QtyInPackage>
      <ItemPrice>15.20</ItemPrice>
      <UnitOfMeasurePrice>1.52</UnitOfMeasurePrice>
      <AllowDiscount>0</AllowDiscount>
      <itemStatus>1</itemStatus>
      <LastUpdateDate />
      <LastUpdateTime />
    </Product>
    <Product>
      <PriceUpdateDate>2018/04/24 09:30</PriceUpdateDate>
      <ItemCode>7290002661153</ItemCode>
      <ItemType>1</ItemType>
      <ItemName>לחם דני קל פרוס ברמן (1 קג)</ItemName>
      <ManufactureName>י.את א. ברמן בעמ</ManufactureName>
      <ManufactureCountry />
      <ManufactureItemDescription />
      <UnitQty>יח`</UnitQty>
      <Quantity>1</Quantity>
      <UnitMeasure>ק"ג</UnitMeasure>
      <BisWeighted>0</BisWeighted>
      <QtyInPackage>1</QtyInPackage>
      <ItemPrice>14.90</ItemPrice>
      <UnitOfMeasurePrice>14.90</UnitOfMeasurePrice>
      <AllowDiscount>0</AllowDiscount>
      <itemStatus>1</itemStatus>
      <LastUpdateDate />
      <LastUpdateTime />
    </Product>
    <Product>
      <PriceUpdateDate>2019/03/24 20:17</PriceUpdateDate>
      <ItemCode>7290002663522</ItemCode>
      <ItemType>1</ItemType>
      <ItemName>משקה קל תפוזים תפוזינה (1.5 ליטר)</ItemName>
      <ManufactureName>יפאורה</ManufactureName>
      <ManufactureCountry />
      <ManufactureItemDescription />
      <UnitQty>יח`</UnitQty>
      <Quantity>15</Quantity>
      <UnitMeasure>100 מ"ל</UnitMeasure>
      <BisWeighted>0</BisWeighted>
      <QtyInPackage>1</QtyInPackage>
      <ItemPrice>6.50</ItemPrice>
      <UnitOfMeasurePrice>0.43</UnitOfMeasurePrice>
      <AllowDiscount>1</AllowDiscount>
      <itemStatus>1</itemStatus>
      <LastUpdateDate />
      <LastUpdateTime />
    </Product>
    <Product>
      <PriceUpdateDate>2019/03/24 20:17</PriceUpdateDate>
      <ItemCode>7290002663539</ItemCode>
      <ItemType>1</ItemType>
      <ItemName>משקה קל אשכוליות תפוזינה (1.5 ליטר)</ItemName>
      <ManufactureName>יפאורה</ManufactureName>
      <ManufactureCountry />
      <ManufactureItemDescription />
      <UnitQty>יח`</UnitQty>
      <Quantity>15</Quantity>
      <UnitMeasure>100 מ"ל</UnitMeasure>
      <BisWeighted>0</BisWeighted>
      <QtyInPackage>1</QtyInPackage>
      <ItemPrice>6.50</ItemPrice>
      <UnitOfMeasurePrice>0.43</UnitOfMeasurePrice>
      <AllowDiscount>1</AllowDiscount>
      <itemStatus>1</itemStatus>
      <LastUpdateDate />
      <LastUpdateTime />
    </Product>
    <Product>
      <PriceUpdateDate>2018/08/01 13:45</PriceUpdateDate>
      <ItemCode>7290002663805</ItemCode>
      <ItemType>1</ItemType>
      <ItemName>מי טוניק שוופס (1.5 ליטר)</ItemName>
      <ManufactureName>יפאורה</ManufactureName>
      <ManufactureCountry />
      <ManufactureItemDescription />
      <UnitQty>יח`</UnitQty>
      <Quantity>1.50</Quantity>
      <UnitMeasure>1 ליטר</UnitMeasure>
      <BisWeighted>0</BisWeighted>
      <QtyInPackage>1</QtyInPackage>
      <ItemPrice>9.90</ItemPrice>
      <UnitOfMeasurePrice>6.60</UnitOfMeasurePrice>
      <AllowDiscount>0</AllowDiscount>
      <itemStatus>1</itemStatus>
      <LastUpdateDate />
      <LastUpdateTime />
    </Product>
    <Product>
      <PriceUpdateDate>2019/01/15 19:59</PriceUpdateDate>
      <ItemCode>7290002663829</ItemCode>
      <ItemType>1</ItemType>
      <ItemName>משקה ביטר למון שוופס (1.5 ליטר)</ItemName>
      <ManufactureName>יפאורה</ManufactureName>
      <ManufactureCountry />
      <ManufactureItemDescription />
      <UnitQty>יח`</UnitQty>
      <Quantity>1.50</Quantity>
      <UnitMeasure>1 ליטר</UnitMeasure>
      <BisWeighted>0</BisWeighted>
      <QtyInPackage>1</QtyInPackage>
      <ItemPrice>9.90</ItemPrice>
      <UnitOfMeasurePrice>6.60</UnitOfMeasurePrice>
      <AllowDiscount>0</AllowDiscount>
      <itemStatus>1</itemStatus>
      <LastUpdateDate />
      <LastUpdateTime />
    </Product>
    <Product>
      <PriceUpdateDate>2019/03/24 20:17</PriceUpdateDate>
      <ItemCode>7290002663881</ItemCode>
      <ItemType>1</ItemType>
      <ItemName>משקה קל תפוזינה אשכוליות 1.5 ליטר לייט</ItemName>
      <ManufactureName>יפאורה</ManufactureName>
      <ManufactureCountry />
      <ManufactureItemDescription />
      <UnitQty>יח`</UnitQty>
      <Quantity>15</Quantity>
      <UnitMeasure>100 מ"ל</UnitMeasure>
      <BisWeighted>0</BisWeighted>
      <QtyInPackage>1</QtyInPackage>
      <ItemPrice>6.50</ItemPrice>
      <UnitOfMeasurePrice>0.43</UnitOfMeasurePrice>
      <AllowDiscount>1</AllowDiscount>
      <itemStatus>1</itemStatus>
      <LastUpdateDate />
      <LastUpdateTime />
    </Product>
    <Product>
      <PriceUpdateDate>2018/08/01 13:56</PriceUpdateDate>
      <ItemCode>7290002692409</ItemCode>
      <ItemType>1</ItemType>
      <ItemName>שמן חמניות ויטמין E 1 ליטר עץ הזית</ItemName>
      <ManufactureName>שמן תעשיות בעמ</ManufactureName>
      <ManufactureCountry />
      <ManufactureItemDescription />
      <UnitQty>יח`</UnitQty>
      <Quantity>1</Quantity>
      <UnitMeasure>1 ליטר</UnitMeasure>
      <BisWeighted>0</BisWeighted>
      <QtyInPackage>1</QtyInPackage>
      <ItemPrice>14.90</ItemPrice>
      <UnitOfMeasurePrice>14.90</UnitOfMeasurePrice>
      <AllowDiscount>1</AllowDiscount>
      <itemStatus>1</itemStatus>
      <LastUpdateDate />
      <LastUpdateTime />
    </Product>
    <Product>
      <PriceUpdateDate>2018/08/01 13:56</PriceUpdateDate>
      <ItemCode>7290002692478</ItemCode>
      <ItemType>1</ItemType>
      <ItemName>שמן זית כתית מעולה 750 מל עץ הזית</ItemName>
      <ManufactureName>שמן תעשיות בעמ</ManufactureName>
      <ManufactureCountry />
      <ManufactureItemDescription />
      <UnitQty>יח`</UnitQty>
      <Quantity>7.50</Quantity>
      <UnitMeasure>100 מ"ל</UnitMeasure>
      <BisWeighted>0</BisWeighted>
      <QtyInPackage>1</QtyInPackage>
      <ItemPrice>34.90</ItemPrice>
      <UnitOfMeasurePrice>4.65</UnitOfMeasurePrice>
      <AllowDiscount>1</AllowDiscount>
      <itemStatus>1</itemStatus>
      <LastUpdateDate />
      <LastUpdateTime />
    </Product>
    <Product>
      <PriceUpdateDate>2018/12/17 11:15</PriceUpdateDate>
      <ItemCode>7290002692775</ItemCode>
      <ItemType>1</ItemType>
      <ItemName>תרסיס מופחת קלוריות בטעם חמאה</ItemName>
      <ManufactureName>שמן תעשיות בעמ</ManufactureName>
      <ManufactureCountry />
      <ManufactureItemDescription />
      <UnitQty>יח`</UnitQty>
      <Quantity>2</Quantity>
      <UnitMeasure>100 מ"ל</UnitMeasure>
      <BisWeighted>0</BisWeighted>
      <QtyInPackage>1</QtyInPackage>
      <ItemPrice>19.90</ItemPrice>
      <UnitOfMeasurePrice>9.95</UnitOfMeasurePrice>
      <AllowDiscount>0</AllowDiscount>
      <itemStatus>1</itemStatus>
      <LastUpdateDate />
      <LastUpdateTime />
    </Product>
    <Product>
      <PriceUpdateDate>2018/04/24 09:36</PriceUpdateDate>
      <ItemCode>7290002692782</ItemCode>
      <ItemType>1</ItemType>
      <ItemName>תרסיס שמן זית כתית מעולה ללא תוספת גז 15</ItemName>
      <ManufactureName>שמן תעשיות בעמ</ManufactureName>
      <ManufactureCountry />
      <ManufactureItemDescription />
      <UnitQty>יח`</UnitQty>
      <Quantity>1.50</Quantity>
      <UnitMeasure>100 מ"ל</UnitMeasure>
      <BisWeighted>0</BisWeighted>
      <QtyInPackage>1</QtyInPackage>
      <ItemPrice>19.90</ItemPrice>
      <UnitOfMeasurePrice>13.27</UnitOfMeasurePrice>
      <AllowDiscount>0</AllowDiscount>
      <itemStatus>1</itemStatus>
      <LastUpdateDate />
      <LastUpdateTime />
    </Product>
    <Product>
      <PriceUpdateDate>2018/04/24 09:18</PriceUpdateDate>
      <ItemCode>7290002715504</ItemCode>
      <ItemType>1</ItemType>
      <ItemName>ארוחת נודלס בטעם עוף מג`יק (70 גרם)</ItemName>
      <ManufactureName>נטו מלינדה סחר בעמ</ManufactureName>
      <ManufactureCountry />
      <ManufactureItemDescription />
      <UnitQty>יח`</UnitQty>
      <Quantity>0.70</Quantity>
      <UnitMeasure>100 גרם</UnitMeasure>
      <BisWeighted>0</BisWeighted>
      <QtyInPackage>1</QtyInPackage>
      <ItemPrice>4.90</ItemPrice>
      <UnitOfMeasurePrice>7</UnitOfMeasurePrice>
      <AllowDiscount>1</AllowDiscount>
      <itemStatus>1</itemStatus>
      <LastUpdateDate />
      <LastUpdateTime />
    </Product>
    <Product>
      <PriceUpdateDate>2018/04/24 09:18</PriceUpdateDate>
      <ItemCode>7290002715511</ItemCode>
      <ItemType>1</ItemType>
      <ItemName>ארוחת נודלס בטעם בשר מג`יק (70 גרם)</ItemName>
      <ManufactureName>נטו מלינדה סחר בעמ</ManufactureName>
      <ManufactureCountry />
      <ManufactureItemDescription />
      <UnitQty>יח`</UnitQty>
      <Quantity>0.70</Quantity>
      <UnitMeasure>100 גרם</UnitMeasure>
      <BisWeighted>0</BisWeighted>
      <QtyInPackage>1</QtyInPackage>
      <ItemPrice>4.90</ItemPrice>
      <UnitOfMeasurePrice>7</UnitOfMeasurePrice>
      <AllowDiscount>1</AllowDiscount>
      <itemStatus>1</itemStatus>
      <LastUpdateDate />
      <LastUpdateTime />
    </Product>
    <Product>
      <PriceUpdateDate>2018/04/24 09:18</PriceUpdateDate>
      <ItemCode>7290002715528</ItemCode>
      <ItemType>1</ItemType>
      <ItemName>ארוחת נודלס בטעם ירקות מג`יק (70 גרם)</ItemName>
      <ManufactureName>נטו מלינדה סחר בעמ</ManufactureName>
      <ManufactureCountry />
      <ManufactureItemDescription />
      <UnitQty>יח`</UnitQty>
      <Quantity>0.70</Quantity>
      <UnitMeasure>100 גרם</UnitMeasure>
      <BisWeighted>0</BisWeighted>
      <QtyInPackage>1</QtyInPackage>
      <ItemPrice>4.90</ItemPrice>
      <UnitOfMeasurePrice>7</UnitOfMeasurePrice>
      <AllowDiscount>1</AllowDiscount>
      <itemStatus>1</itemStatus>
      <LastUpdateDate />
      <LastUpdateTime />
    </Product>
    <Product>
      <PriceUpdateDate>2018/04/24 09:23</PriceUpdateDate>
      <ItemCode>7290002730262</ItemCode>
      <ItemType>1</ItemType>
      <ItemName>נוזל לניקוי כלים קלאסי פלמוליב (750 מל)</ItemName>
      <ManufactureName>ש.שסטוביץ בעמ</ManufactureName>
      <ManufactureCountry />
      <ManufactureItemDescription />
      <UnitQty>יח`</UnitQty>
      <Quantity>7.50</Quantity>
      <UnitMeasure>100 מ"ל</UnitMeasure>
      <BisWeighted>0</BisWeighted>
      <QtyInPackage>1</QtyInPackage>
      <ItemPrice>11.90</ItemPrice>
      <UnitOfMeasurePrice>1.59</UnitOfMeasurePrice>
      <AllowDiscount>1</AllowDiscount>
      <itemStatus>1</itemStatus>
      <LastUpdateDate />
      <LastUpdateTime />
    </Product>
    <Product>
      <PriceUpdateDate>2018/04/24 11:26</PriceUpdateDate>
      <ItemCode>7290002730521</ItemCode>
      <ItemType>1</ItemType>
      <ItemName>מקלוני צמר גפן בלונס) (200</ItemName>
      <ManufactureName>ש.שסטוביץ בעמ</ManufactureName>
      <ManufactureCountry />
      <ManufactureItemDescription />
      <UnitQty>יח`</UnitQty>
      <Quantity>1</Quantity>
      <UnitMeasure>100 גרם</UnitMeasure>
      <BisWeighted>0</BisWeighted>
      <QtyInPackage>1</QtyInPackage>
      <ItemPrice>5.90</ItemPrice>
      <UnitOfMeasurePrice>5.90</UnitOfMeasurePrice>
      <AllowDiscount>0</AllowDiscount>
      <itemStatus>1</itemStatus>
      <LastUpdateDate />
      <LastUpdateTime />
    </Product>
    <Product>
      <PriceUpdateDate>2020/01/03 10:56</PriceUpdateDate>
      <ItemCode>7290002730811</ItemCode>
      <ItemType>1</ItemType>
      <ItemName>משחת שיניים ג`ל קולגייט (100 מל)</ItemName>
      <ManufactureName>ש.שסטוביץ בעמ</ManufactureName>
      <ManufactureCountry />
      <ManufactureItemDescription />
      <UnitQty>יח`</UnitQty>
      <Quantity>1.38</Quantity>
      <UnitMeasure>100 גרם</UnitMeasure>
      <BisWeighted>0</BisWeighted>
      <QtyInPackage>1</QtyInPackage>
      <ItemPrice>12.90</ItemPrice>
      <UnitOfMeasurePrice>9.35</UnitOfMeasurePrice>
      <AllowDiscount>0</AllowDiscount>
      <itemStatus>1</itemStatus>
      <LastUpdateDate />
      <LastUpdateTime />
    </Product>
    <Product>
      <PriceUpdateDate>2018/04/24 09:24</PriceUpdateDate>
      <ItemCode>7290002730958</ItemCode>
      <ItemType>1</ItemType>
      <ItemName>פלמוליב סבון מוצק רביעייה ירוק זית</ItemName>
      <ManufactureName>ש.שסטוביץ בעמ</ManufactureName>
      <ManufactureCountry />
      <ManufactureItemDescription />
      <UnitQty>יח`</UnitQty>
      <Quantity>4</Quantity>
      <UnitMeasure>100 גרם</UnitMeasure>
      <BisWeighted>0</BisWeighted>
      <QtyInPackage>1</QtyInPackage>
      <ItemPrice>16.90</ItemPrice>
      <UnitOfMeasurePrice>4.23</UnitOfMeasurePrice>
      <AllowDiscount>0</AllowDiscount>
      <itemStatus>1</itemStatus>
      <LastUpdateDate />
      <LastUpdateTime />
    </Product>
    <Product>
      <PriceUpdateDate>2020/03/22 15:11</PriceUpdateDate>
      <ItemCode>7290002735014</ItemCode>
      <ItemType>1</ItemType>
      <ItemName>מלווח ארוז יינון 800 גר`</ItemName>
      <ManufactureName>קפוא-זן תעשיות מזון בעמ - תפוג</ManufactureName>
      <ManufactureCountry />
      <ManufactureItemDescription />
      <UnitQty>יח`</UnitQty>
      <Quantity>8</Quantity>
      <UnitMeasure>100 גרם</UnitMeasure>
      <BisWeighted>0</BisWeighted>
      <QtyInPackage>1</QtyInPackage>
      <ItemPrice>13.90</ItemPrice>
      <UnitOfMeasurePrice>1.74</UnitOfMeasurePrice>
      <AllowDiscount>0</AllowDiscount>
      <itemStatus>1</itemStatus>
      <LastUpdateDate />
      <LastUpdateTime />
    </Product>
    <Product>
      <PriceUpdateDate>2020/03/22 15:11</PriceUpdateDate>
      <ItemCode>7290002735021</ItemCode>
      <ItemType>1</ItemType>
      <ItemName>ג`חנון ארוז 750  גר`יינון</ItemName>
      <ManufactureName>קפוא-זן תעשיות מזון בעמ - תפוג</ManufactureName>
      <ManufactureCountry />
      <ManufactureItemDescription />
      <UnitQty>יח`</UnitQty>
      <Quantity>7.50</Quantity>
      <UnitMeasure>100 גרם</UnitMeasure>
      <BisWeighted>0</BisWeighted>
      <QtyInPackage>1</QtyInPackage>
      <ItemPrice>13.90</ItemPrice>
      <UnitOfMeasurePrice>1.85</UnitOfMeasurePrice>
      <AllowDiscount>0</AllowDiscount>
      <itemStatus>1</itemStatus>
      <LastUpdateDate />
      <LastUpdateTime />
    </Product>
    <Product>
      <PriceUpdateDate>2020/03/22 15:11</PriceUpdateDate>
      <ItemCode>7290002735113</ItemCode>
      <ItemType>1</ItemType>
      <ItemName>בורקס גבינה ינון 800 גר`</ItemName>
      <ManufactureName>קפוא-זן תעשיות מזון בעמ - תפוג</ManufactureName>
      <ManufactureCountry />
      <ManufactureItemDescription />
      <UnitQty>יח`</UnitQty>
      <Quantity>8</Quantity>
      <UnitMeasure>100 גרם</UnitMeasure>
      <BisWeighted>0</BisWeighted>
      <QtyInPackage>1</QtyInPackage>
      <ItemPrice>15.90</ItemPrice>
      <UnitOfMeasurePrice>1.99</UnitOfMeasurePrice>
      <AllowDiscount>0</AllowDiscount>
      <itemStatus>1</itemStatus>
      <LastUpdateDate />
      <LastUpdateTime />
    </Product>
    <Product>
      <PriceUpdateDate>2019/01/07 10:57</PriceUpdateDate>
      <ItemCode>7290002752332</ItemCode>
      <ItemType>1</ItemType>
      <ItemName>מנטוס גליל פירות</ItemName>
      <ManufactureName>ליימן שליסל בעמ</ManufactureName>
      <ManufactureCountry />
      <ManufactureItemDescription />
      <UnitQty>יח`</UnitQty>
      <Quantity>0.3750</Quantity>
      <UnitMeasure>100 גרם</UnitMeasure>
      <BisWeighted>0</BisWeighted>
      <QtyInPackage>1</QtyInPackage>
      <ItemPrice>3.90</ItemPrice>
      <UnitOfMeasurePrice>10.40</UnitOfMeasurePrice>
      <AllowDiscount>0</AllowDiscount>
      <itemStatus>1</itemStatus>
      <LastUpdateDate />
      <LastUpdateTime />
    </Product>
    <Product>
      <PriceUpdateDate>2018/04/24 09:18</PriceUpdateDate>
      <ItemCode>7290002752349</ItemCode>
      <ItemType>1</ItemType>
      <ItemName>מנטוס גליל טעם מנטה (37.5 גרם)</ItemName>
      <ManufactureName>ליימן שליסל בעמ</ManufactureName>
      <ManufactureCountry />
      <ManufactureItemDescription />
      <UnitQty>יח`</UnitQty>
      <Quantity>0.3750</Quantity>
      <UnitMeasure>100 גרם</UnitMeasure>
      <BisWeighted>0</BisWeighted>
      <QtyInPackage>1</QtyInPackage>
      <ItemPrice>3.90</ItemPrice>
      <UnitOfMeasurePrice>10.40</UnitOfMeasurePrice>
      <AllowDiscount>0</AllowDiscount>
      <itemStatus>1</itemStatus>
      <LastUpdateDate />
      <LastUpdateTime />
    </Product>
    <Product>
      <PriceUpdateDate>2019/01/30 09:36</PriceUpdateDate>
      <ItemCode>7290002757139</ItemCode>
      <ItemType>1</ItemType>
      <ItemName>מלוואח 700 גר` שלושת האופים</ItemName>
      <ManufactureName>נטו מלינדה סחר בעמ</ManufactureName>
      <ManufactureCountry />
      <ManufactureItemDescription />
      <UnitQty>יח`</UnitQty>
      <Quantity>7</Quantity>
      <UnitMeasure>100 גרם</UnitMeasure>
      <BisWeighted>0</BisWeighted>
      <QtyInPackage>1</QtyInPackage>
      <ItemPrice>14.50</ItemPrice>
      <UnitOfMeasurePrice>2.07</UnitOfMeasurePrice>
      <AllowDiscount>1</AllowDiscount>
      <itemStatus>1</itemStatus>
      <LastUpdateDate />
      <LastUpdateTime />
    </Product>
    <Product>
      <PriceUpdateDate>2019/08/09 11:31</PriceUpdateDate>
      <ItemCode>7290002757665</ItemCode>
      <ItemType>1</ItemType>
      <ItemName>קבב מיזרחי 400 גר`</ItemName>
      <ManufactureName>נטו מלינדה סחר בעמ</ManufactureName>
      <ManufactureCountry />
      <ManufactureItemDescription />
      <UnitQty>יח`</UnitQty>
      <Quantity>4</Quantity>
      <UnitMeasure>100 גרם</UnitMeasure>
      <BisWeighted>0</BisWeighted>
      <QtyInPackage>1</QtyInPackage>
      <ItemPrice>9.90</ItemPrice>
      <UnitOfMeasurePrice>2.48</UnitOfMeasurePrice>
      <AllowDiscount>0</AllowDiscount>
      <itemStatus>1</itemStatus>
      <LastUpdateDate />
      <LastUpdateTime />
    </Product>
    <Product>
      <PriceUpdateDate>2018/04/24 12:21</PriceUpdateDate>
      <ItemCode>7290002787884</ItemCode>
      <ItemType>1</ItemType>
      <ItemName>מקלות בורקס פילו תפוא</ItemName>
      <ManufactureName>נטו מלינדה סחר בעמ</ManufactureName>
      <ManufactureCountry />
      <ManufactureItemDescription />
      <UnitQty>יח`</UnitQty>
      <Quantity>6</Quantity>
      <UnitMeasure>100 גרם</UnitMeasure>
      <BisWeighted>0</BisWeighted>
      <QtyInPackage>1</QtyInPackage>
      <ItemPrice>18.90</ItemPrice>
      <UnitOfMeasurePrice>3.15</UnitOfMeasurePrice>
      <AllowDiscount>1</AllowDiscount>
      <itemStatus>1</itemStatus>
      <LastUpdateDate />
      <LastUpdateTime />
    </Product>
    <Product>
      <PriceUpdateDate>2018/04/24 09:20</PriceUpdateDate>
      <ItemCode>7290002805151</ItemCode>
      <ItemType>1</ItemType>
      <ItemName>סיף פנטסטיק שמפו רצפות 4 ליטר</ItemName>
      <ManufactureName>יוניליוור ישראל שיווק בעמ</ManufactureName>
      <ManufactureCountry />
      <ManufactureItemDescription />
      <UnitQty>יח`</UnitQty>
      <Quantity>40</Quantity>
      <UnitMeasure>100 מ"ל</UnitMeasure>
      <BisWeighted>0</BisWeighted>
      <QtyInPackage>1</QtyInPackage>
      <ItemPrice>19.90</ItemPrice>
      <UnitOfMeasurePrice>0.50</UnitOfMeasurePrice>
      <AllowDiscount>0</AllowDiscount>
      <itemStatus>1</itemStatus>
      <LastUpdateDate />
      <LastUpdateTime />
    </Product>
    <Product>
      <PriceUpdateDate>2020/02/16 07:48</PriceUpdateDate>
      <ItemCode>7290002814016</ItemCode>
      <ItemType>1</ItemType>
      <ItemName>מסיר שומנים קר סנט מוריץ (750 מל)</ItemName>
      <ManufactureName>קומפלקס כימיקלים בעמ</ManufactureName>
      <ManufactureCountry />
      <ManufactureItemDescription />
      <UnitQty>יח`</UnitQty>
      <Quantity>7.50</Quantity>
      <UnitMeasure>100 מ"ל</UnitMeasure>
      <BisWeighted>0</BisWeighted>
      <QtyInPackage>1</QtyInPackage>
      <ItemPrice>13.90</ItemPrice>
      <UnitOfMeasurePrice>1.85</UnitOfMeasurePrice>
      <AllowDiscount>1</AllowDiscount>
      <itemStatus>1</itemStatus>
      <LastUpdateDate />
      <LastUpdateTime />
    </Product>
    <Product>
      <PriceUpdateDate>2019/06/10 09:52</PriceUpdateDate>
      <ItemCode>7290002814023</ItemCode>
      <ItemType>1</ItemType>
      <ItemName>מבהיק אסלות 750 מל</ItemName>
      <ManufactureName>קומפלקס כימיקלים בעמ</ManufactureName>
      <ManufactureCountry />
      <ManufactureItemDescription />
      <UnitQty>יח`</UnitQty>
      <Quantity>1</Quantity>
      <UnitMeasure>1 ליטר</UnitMeasure>
      <BisWeighted>0</BisWeighted>
      <QtyInPackage>1</QtyInPackage>
      <ItemPrice>6.90</ItemPrice>
      <UnitOfMeasurePrice>6.90</UnitOfMeasurePrice>
      <AllowDiscount>1</AllowDiscount>
      <itemStatus>1</itemStatus>
      <LastUpdateDate />
      <LastUpdateTime />
    </Product>
    <Product>
      <PriceUpdateDate>2020/02/16 07:48</PriceUpdateDate>
      <ItemCode>7290002814078</ItemCode>
      <ItemType>1</ItemType>
      <ItemName>אנטרטיק לניקוי</ItemName>
      <ManufactureName>קומפלקס כימיקלים בעמ</ManufactureName>
      <ManufactureCountry />
      <ManufactureItemDescription />
      <UnitQty>יח`</UnitQty>
      <Quantity>1</Quantity>
      <UnitMeasure>1 ליטר</UnitMeasure>
      <BisWeighted>0</BisWeighted>
      <QtyInPackage>1</QtyInPackage>
      <ItemPrice>7.90</ItemPrice>
      <UnitOfMeasurePrice>7.90</UnitOfMeasurePrice>
      <AllowDiscount>1</AllowDiscount>
      <itemStatus>1</itemStatus>
      <LastUpdateDate />
      <LastUpdateTime />
    </Product>
    <Product>
      <PriceUpdateDate>2018/04/24 10:25</PriceUpdateDate>
      <ItemCode>7290002814214</ItemCode>
      <ItemType>1</ItemType>
      <ItemName>קצף ניקוי כלים סינטריים סנט מוריץ 750 מ</ItemName>
      <ManufactureName>קומפלקס כימיקלים בעמ</ManufactureName>
      <ManufactureCountry />
      <ManufactureItemDescription />
      <UnitQty>יח`</UnitQty>
      <Quantity>7.50</Quantity>
      <UnitMeasure>100 מ"ל</UnitMeasure>
      <BisWeighted>0</BisWeighted>
      <QtyInPackage>1</QtyInPackage>
      <ItemPrice>10.90</ItemPrice>
      <UnitOfMeasurePrice>1.45</UnitOfMeasurePrice>
      <AllowDiscount>0</AllowDiscount>
      <itemStatus>1</itemStatus>
      <LastUpdateDate />
      <LastUpdateTime />
    </Product>
    <Product>
      <PriceUpdateDate>2020/03/08 18:31</PriceUpdateDate>
      <ItemCode>7290002814245</ItemCode>
      <ItemType>1</ItemType>
      <ItemName>מגבוני אקונומיקה בדלי 400 יח סנט מוריץ</ItemName>
      <ManufactureName>קומפלקס כימיקלים בעמ</ManufactureName>
      <ManufactureCountry />
      <ManufactureItemDescription />
      <UnitQty>יח`</UnitQty>
      <Quantity>1</Quantity>
      <UnitMeasure />
      <BisWeighted>0</BisWeighted>
      <QtyInPackage>1</QtyInPackage>
      <ItemPrice>24.90</ItemPrice>
      <UnitOfMeasurePrice>24.90</UnitOfMeasurePrice>
      <AllowDiscount>0</AllowDiscount>
      <itemStatus>1</itemStatus>
      <LastUpdateDate />
      <LastUpdateTime />
    </Product>
    <Product>
      <PriceUpdateDate>2020/02/16 07:48</PriceUpdateDate>
      <ItemCode>7290002814412</ItemCode>
      <ItemType>1</ItemType>
      <ItemName>שמפו כלים 1.5 ליטר ירוק סנט מוריץ</ItemName>
      <ManufactureName>קומפלקס כימיקלים בעמ</ManufactureName>
      <ManufactureCountry />
      <ManufactureItemDescription />
      <UnitQty>יח`</UnitQty>
      <Quantity>15</Quantity>
      <UnitMeasure>100 מ"ל</UnitMeasure>
      <BisWeighted>0</BisWeighted>
      <QtyInPackage>1</QtyInPackage>
      <ItemPrice>8.90</ItemPrice>
      <UnitOfMeasurePrice>0.59</UnitOfMeasurePrice>
      <AllowDiscount>1</AllowDiscount>
      <itemStatus>1</itemStatus>
      <LastUpdateDate />
      <LastUpdateTime />
    </Product>
    <Product>
      <PriceUpdateDate>2020/02/16 07:48</PriceUpdateDate>
      <ItemCode>7290002814511</ItemCode>
      <ItemType>1</ItemType>
      <ItemName>סבונומיקה 4 ליטר</ItemName>
      <ManufactureName>קומפלקס כימיקלים בעמ</ManufactureName>
      <ManufactureCountry />
      <ManufactureItemDescription />
      <UnitQty>יח`</UnitQty>
      <Quantity>40</Quantity>
      <UnitMeasure>100 מ"ל</UnitMeasure>
      <BisWeighted>0</BisWeighted>
      <QtyInPackage>1</QtyInPackage>
      <ItemPrice>11.90</ItemPrice>
      <UnitOfMeasurePrice>0.30</UnitOfMeasurePrice>
      <AllowDiscount>0</AllowDiscount>
      <itemStatus>1</itemStatus>
      <LastUpdateDate />
      <LastUpdateTime />
    </Product>
    <Product>
      <PriceUpdateDate>2020/02/16 07:48</PriceUpdateDate>
      <ItemCode>7290002814528</ItemCode>
      <ItemType>1</ItemType>
      <ItemName>ניקוי אסלות NO.1</ItemName>
      <ManufactureName>קומפלקס כימיקלים בעמ</ManufactureName>
      <ManufactureCountry />
      <ManufactureItemDescription />
      <UnitQty>יח`</UnitQty>
      <Quantity>1</Quantity>
      <UnitMeasure>1 ליטר</UnitMeasure>
      <BisWeighted>0</BisWeighted>
      <QtyInPackage>1</QtyInPackage>
      <ItemPrice>5.90</ItemPrice>
      <UnitOfMeasurePrice>5.90</UnitOfMeasurePrice>
      <AllowDiscount>1</AllowDiscount>
      <itemStatus>1</itemStatus>
      <LastUpdateDate />
      <LastUpdateTime />
    </Product>
    <Product>
      <PriceUpdateDate>2019/06/10 09:52</PriceUpdateDate>
      <ItemCode>7290002814580</ItemCode>
      <ItemType>1</ItemType>
      <ItemName>טורנדו גרגרים לפתיחת סתימות 200 גר סנט מ</ItemName>
      <ManufactureName>קומפלקס כימיקלים בעמ</ManufactureName>
      <ManufactureCountry />
      <ManufactureItemDescription />
      <UnitQty>יח`</UnitQty>
      <Quantity>2</Quantity>
      <UnitMeasure>100 גרם</UnitMeasure>
      <BisWeighted>0</BisWeighted>
      <QtyInPackage>1</QtyInPackage>
      <ItemPrice>9.90</ItemPrice>
      <UnitOfMeasurePrice>4.95</UnitOfMeasurePrice>
      <AllowDiscount>0</AllowDiscount>
      <itemStatus>1</itemStatus>
      <LastUpdateDate />
      <LastUpdateTime />
    </Product>
    <Product>
      <PriceUpdateDate>2020/02/16 07:48</PriceUpdateDate>
      <ItemCode>7290002814603</ItemCode>
      <ItemType>1</ItemType>
      <ItemName>מסיר שומנים קר מבושם 750 מל</ItemName>
      <ManufactureName>קומפלקס כימיקלים בעמ</ManufactureName>
      <ManufactureCountry />
      <ManufactureItemDescription />
      <UnitQty>יח`</UnitQty>
      <Quantity>7.50</Quantity>
      <UnitMeasure>100 מ"ל</UnitMeasure>
      <BisWeighted>0</BisWeighted>
      <QtyInPackage>1</QtyInPackage>
      <ItemPrice>12.90</ItemPrice>
      <UnitOfMeasurePrice>1.72</UnitOfMeasurePrice>
      <AllowDiscount>1</AllowDiscount>
      <itemStatus>1</itemStatus>
      <LastUpdateDate />
      <LastUpdateTime />
    </Product>
    <Product>
      <PriceUpdateDate>2018/04/24 13:09</PriceUpdateDate>
      <ItemCode>7290002814849</ItemCode>
      <ItemType>1</ItemType>
      <ItemName>סבון אסלה שלישייה סנט מוריץ</ItemName>
      <ManufactureName>קומפלקס כימיקלים בעמ</ManufactureName>
      <ManufactureCountry />
      <ManufactureItemDescription />
      <UnitQty>יח`</UnitQty>
      <Quantity>1.20</Quantity>
      <UnitMeasure>100 גרם</UnitMeasure>
      <BisWeighted>0</BisWeighted>
      <QtyInPackage>1</QtyInPackage>
      <ItemPrice>9.90</ItemPrice>
      <UnitOfMeasurePrice>8.25</UnitOfMeasurePrice>
      <AllowDiscount>0</AllowDiscount>
      <itemStatus>1</itemStatus>
      <LastUpdateDate />
      <LastUpdateTime />
    </Product>
    <Product>
      <PriceUpdateDate>2020/02/16 07:48</PriceUpdateDate>
      <ItemCode>7290002814917</ItemCode>
      <ItemType>1</ItemType>
      <ItemName>שמפו רצפות 4 ליטר לבנדר</ItemName>
      <ManufactureName>קומפלקס כימיקלים בעמ</ManufactureName>
      <ManufactureCountry />
      <ManufactureItemDescription />
      <UnitQty>יח`</UnitQty>
      <Quantity>4</Quantity>
      <UnitMeasure>1 ליטר</UnitMeasure>
      <BisWeighted>0</BisWeighted>
      <QtyInPackage>1</QtyInPackage>
      <ItemPrice>11.90</ItemPrice>
      <UnitOfMeasurePrice>2.98</UnitOfMeasurePrice>
      <AllowDiscount>1</AllowDiscount>
      <itemStatus>1</itemStatus>
      <LastUpdateDate />
      <LastUpdateTime />
    </Product>
    <Product>
      <PriceUpdateDate>2020/02/16 07:48</PriceUpdateDate>
      <ItemCode>7290002814931</ItemCode>
      <ItemType>1</ItemType>
      <ItemName>נוזל לניקוי רצפות סנט מוריץ (4 ליטר)</ItemName>
      <ManufactureName>קומפלקס כימיקלים בעמ</ManufactureName>
      <ManufactureCountry />
      <ManufactureItemDescription />
      <UnitQty>יח`</UnitQty>
      <Quantity>4</Quantity>
      <UnitMeasure>1 ליטר</UnitMeasure>
      <BisWeighted>0</BisWeighted>
      <QtyInPackage>1</QtyInPackage>
      <ItemPrice>11.90</ItemPrice>
      <UnitOfMeasurePrice>2.98</UnitOfMeasurePrice>
      <AllowDiscount>1</AllowDiscount>
      <itemStatus>1</itemStatus>
      <LastUpdateDate />
      <LastUpdateTime />
    </Product>
    <Product>
      <PriceUpdateDate>2019/06/19 09:52</PriceUpdateDate>
      <ItemCode>7290002824183</ItemCode>
      <ItemType>1</ItemType>
      <ItemName>קרם גבינה 5% סקי (500 גרם)</ItemName>
      <ManufactureName>שטראוס גרופ בעמ/מצונן</ManufactureName>
      <ManufactureCountry />
      <ManufactureItemDescription />
      <UnitQty>יח`</UnitQty>
      <Quantity>5</Quantity>
      <UnitMeasure>100 גרם</UnitMeasure>
      <BisWeighted>0</BisWeighted>
      <QtyInPackage>1</QtyInPackage>
      <ItemPrice>9.50</ItemPrice>
      <UnitOfMeasurePrice>1.90</UnitOfMeasurePrice>
      <AllowDiscount>0</AllowDiscount>
      <itemStatus>1</itemStatus>
      <LastUpdateDate />
      <LastUpdateTime />
    </Product>
    <Product>
      <PriceUpdateDate>2018/04/24 10:38</PriceUpdateDate>
      <ItemCode>7290002824466</ItemCode>
      <ItemType>1</ItemType>
      <ItemName>יוגורט ביו 0% דנונה (200 גרם)</ItemName>
      <ManufactureName>שטראוס גרופ בעמ/מצונן</ManufactureName>
      <ManufactureCountry />
      <ManufactureItemDescription />
      <UnitQty>יח`</UnitQty>
      <Quantity>2</Quantity>
      <UnitMeasure>100 מ"ל</UnitMeasure>
      <BisWeighted>0</BisWeighted>
      <QtyInPackage>1</QtyInPackage>
      <ItemPrice>3.40</ItemPrice>
      <UnitOfMeasurePrice>1.70</UnitOfMeasurePrice>
      <AllowDiscount>0</AllowDiscount>
      <itemStatus>1</itemStatus>
      <LastUpdateDate />
      <LastUpdateTime />
    </Product>
    <Product>
      <PriceUpdateDate>2019/06/19 09:52</PriceUpdateDate>
      <ItemCode>7290002824640</ItemCode>
      <ItemType>1</ItemType>
      <ItemName>קרם גבינה 5% סקי (250 גרם)</ItemName>
      <ManufactureName>שטראוס גרופ בעמ/מצונן</ManufactureName>
      <ManufactureCountry />
      <ManufactureItemDescription />
      <UnitQty>יח`</UnitQty>
      <Quantity>2.50</Quantity>
      <UnitMeasure>100 גרם</UnitMeasure>
      <BisWeighted>0</BisWeighted>
      <QtyInPackage>1</QtyInPackage>
      <ItemPrice>4.75</ItemPrice>
      <UnitOfMeasurePrice>1.90</UnitOfMeasurePrice>
      <AllowDiscount>0</AllowDiscount>
      <itemStatus>1</itemStatus>
      <LastUpdateDate />
      <LastUpdateTime />
    </Product>
    <Product>
      <PriceUpdateDate>2018/08/01 14:14</PriceUpdateDate>
      <ItemCode>7290002825722</ItemCode>
      <ItemType>1</ItemType>
      <ItemName>כרוב אדום במיונז אחלה (500 גרם)</ItemName>
      <ManufactureName>שטראוס גרופ בעמ/מצונן</ManufactureName>
      <ManufactureCountry />
      <ManufactureItemDescription />
      <UnitQty>יח`</UnitQty>
      <Quantity>5.75</Quantity>
      <UnitMeasure>100 גרם</UnitMeasure>
      <BisWeighted>0</BisWeighted>
      <QtyInPackage>1</QtyInPackage>
      <ItemPrice>14.90</ItemPrice>
      <UnitOfMeasurePrice>2.59</UnitOfMeasurePrice>
      <AllowDiscount>0</AllowDiscount>
      <itemStatus>1</itemStatus>
      <LastUpdateDate />
      <LastUpdateTime />
    </Product>
    <Product>
      <PriceUpdateDate>2018/07/25 08:51</PriceUpdateDate>
      <ItemCode>7290002830948</ItemCode>
      <ItemType>1</ItemType>
      <ItemName>גבינת מון בלאן עיזים 120 גר`</ItemName>
      <ManufactureName>נטו מלינדה סחר בעמ</ManufactureName>
      <ManufactureCountry />
      <ManufactureItemDescription />
      <UnitQty>יח`</UnitQty>
      <Quantity>1.20</Quantity>
      <UnitMeasure>100 גרם</UnitMeasure>
      <BisWeighted>0</BisWeighted>
      <QtyInPackage>1</QtyInPackage>
      <ItemPrice>12.90</ItemPrice>
      <UnitOfMeasurePrice>10.75</UnitOfMeasurePrice>
      <AllowDiscount>1</AllowDiscount>
      <itemStatus>1</itemStatus>
      <LastUpdateDate />
      <LastUpdateTime />
    </Product>
    <Product>
      <PriceUpdateDate>2018/04/24 10:22</PriceUpdateDate>
      <ItemCode>7290002868996</ItemCode>
      <ItemType>1</ItemType>
      <ItemName>קוטג` 5% מועשר 250 גר`</ItemName>
      <ManufactureName>החב` המרכזית - טרה</ManufactureName>
      <ManufactureCountry />
      <ManufactureItemDescription />
      <UnitQty>יח`</UnitQty>
      <Quantity>2.50</Quantity>
      <UnitMeasure>100 גרם</UnitMeasure>
      <BisWeighted>0</BisWeighted>
      <QtyInPackage>1</QtyInPackage>
      <ItemPrice>5.30</ItemPrice>
      <UnitOfMeasurePrice>2.12</UnitOfMeasurePrice>
      <AllowDiscount>0</AllowDiscount>
      <itemStatus>1</itemStatus>
      <LastUpdateDate />
      <LastUpdateTime />
    </Product>
    <Product>
      <PriceUpdateDate>2018/04/24 09:52</PriceUpdateDate>
      <ItemCode>7290002871248</ItemCode>
      <ItemType>1</ItemType>
      <ItemName>בירה טובורג רד (500 מל)</ItemName>
      <ManufactureName>החברה המרכזית להפצת משקאות בעמ</ManufactureName>
      <ManufactureCountry />
      <ManufactureItemDescription />
      <UnitQty>יח`</UnitQty>
      <Quantity>5</Quantity>
      <UnitMeasure>100 מ"ל</UnitMeasure>
      <BisWeighted>0</BisWeighted>
      <QtyInPackage>1</QtyInPackage>
      <ItemPrice>7.50</ItemPrice>
      <UnitOfMeasurePrice>1.26</UnitOfMeasurePrice>
      <AllowDiscount>0</AllowDiscount>
      <itemStatus>1</itemStatus>
      <LastUpdateDate />
      <LastUpdateTime />
    </Product>
    <Product>
      <PriceUpdateDate>2018/04/24 09:52</PriceUpdateDate>
      <ItemCode>7290002871361</ItemCode>
      <ItemType>1</ItemType>
      <ItemName>בירה קרלסברג (500 מל)</ItemName>
      <ManufactureName>החברה המרכזית להפצת משקאות בעמ</ManufactureName>
      <ManufactureCountry />
      <ManufactureItemDescription />
      <UnitQty>יח`</UnitQty>
      <Quantity>5</Quantity>
      <UnitMeasure>100 מ"ל</UnitMeasure>
      <BisWeighted>0</BisWeighted>
      <QtyInPackage>1</QtyInPackage>
      <ItemPrice>7.50</ItemPrice>
      <UnitOfMeasurePrice>1.26</UnitOfMeasurePrice>
      <AllowDiscount>0</AllowDiscount>
      <itemStatus>1</itemStatus>
      <LastUpdateDate />
      <LastUpdateTime />
    </Product>
    <Product>
      <PriceUpdateDate>2018/11/12 07:49</PriceUpdateDate>
      <ItemCode>7290002871446</ItemCode>
      <ItemType>1</ItemType>
      <ItemName>משקה קל ענבים פריגת (1.5 ליטר)</ItemName>
      <ManufactureName>החברה המרכזית להפצת משקאות בעמ</ManufactureName>
      <ManufactureCountry />
      <ManufactureItemDescription />
      <UnitQty>יח`</UnitQty>
      <Quantity>15</Quantity>
      <UnitMeasure>100 מ"ל</UnitMeasure>
      <BisWeighted>0</BisWeighted>
      <QtyInPackage>1</QtyInPackage>
      <ItemPrice>7.20</ItemPrice>
      <UnitOfMeasurePrice>0.48</UnitOfMeasurePrice>
      <AllowDiscount>1</AllowDiscount>
      <itemStatus>1</itemStatus>
      <LastUpdateDate />
      <LastUpdateTime />
    </Product>
    <Product>
      <PriceUpdateDate>2018/11/12 07:49</PriceUpdateDate>
      <ItemCode>7290002871460</ItemCode>
      <ItemType>1</ItemType>
      <ItemName>משקה קל בטעם תפוזים פריגת (1.5 ליטר)</ItemName>
      <ManufactureName>החברה המרכזית להפצת משקאות בעמ</ManufactureName>
      <ManufactureCountry />
      <ManufactureItemDescription />
      <UnitQty>יח`</UnitQty>
      <Quantity>15</Quantity>
      <UnitMeasure>100 מ"ל</UnitMeasure>
      <BisWeighted>0</BisWeighted>
      <QtyInPackage>1</QtyInPackage>
      <ItemPrice>7.20</ItemPrice>
      <UnitOfMeasurePrice>0.48</UnitOfMeasurePrice>
      <AllowDiscount>1</AllowDiscount>
      <itemStatus>1</itemStatus>
      <LastUpdateDate />
      <LastUpdateTime />
    </Product>
    <Product>
      <PriceUpdateDate>2018/11/12 07:49</PriceUpdateDate>
      <ItemCode>7290002871477</ItemCode>
      <ItemType>1</ItemType>
      <ItemName>משקה קל אשכוליות פריגת (1.5 ליטר)</ItemName>
      <ManufactureName>החברה המרכזית להפצת משקאות בעמ</ManufactureName>
      <ManufactureCountry />
      <ManufactureItemDescription />
      <UnitQty>יח`</UnitQty>
      <Quantity>15</Quantity>
      <UnitMeasure>100 מ"ל</UnitMeasure>
      <BisWeighted>0</BisWeighted>
      <QtyInPackage>1</QtyInPackage>
      <ItemPrice>7.20</ItemPrice>
      <UnitOfMeasurePrice>0.48</UnitOfMeasurePrice>
      <AllowDiscount>1</AllowDiscount>
      <itemStatus>1</itemStatus>
      <LastUpdateDate />
      <LastUpdateTime />
    </Product>
    <Product>
      <PriceUpdateDate>2018/11/12 07:49</PriceUpdateDate>
      <ItemCode>7290002871484</ItemCode>
      <ItemType>1</ItemType>
      <ItemName>משקה קל תפוזים לייט פריגת (1.5 ליטר)</ItemName>
      <ManufactureName>החברה המרכזית להפצת משקאות בעמ</ManufactureName>
      <ManufactureCountry />
      <ManufactureItemDescription />
      <UnitQty>יח`</UnitQty>
      <Quantity>15</Quantity>
      <UnitMeasure>100 מ"ל</UnitMeasure>
      <BisWeighted>0</BisWeighted>
      <QtyInPackage>1</QtyInPackage>
      <ItemPrice>7.20</ItemPrice>
      <UnitOfMeasurePrice>0.48</UnitOfMeasurePrice>
      <AllowDiscount>1</AllowDiscount>
      <itemStatus>1</itemStatus>
      <LastUpdateDate />
      <LastUpdateTime />
    </Product>
    <Product>
      <PriceUpdateDate>2018/11/12 07:49</PriceUpdateDate>
      <ItemCode>7290002871491</ItemCode>
      <ItemType>1</ItemType>
      <ItemName>משקה קל דיאט אשכוליות פריגת (1.5 ליטר)</ItemName>
      <ManufactureName>החברה המרכזית להפצת משקאות בעמ</ManufactureName>
      <ManufactureCountry />
      <ManufactureItemDescription />
      <UnitQty>יח`</UnitQty>
      <Quantity>15</Quantity>
      <UnitMeasure>100 מ"ל</UnitMeasure>
      <BisWeighted>0</BisWeighted>
      <QtyInPackage>1</QtyInPackage>
      <ItemPrice>7.20</ItemPrice>
      <UnitOfMeasurePrice>0.48</UnitOfMeasurePrice>
      <AllowDiscount>1</AllowDiscount>
      <itemStatus>1</itemStatus>
      <LastUpdateDate />
      <LastUpdateTime />
    </Product>
    <Product>
      <PriceUpdateDate>2018/04/24 09:50</PriceUpdateDate>
      <ItemCode>7290002881032</ItemCode>
      <ItemType>1</ItemType>
      <ItemName>סן מורנו מעדן אוכמניות כחולות 284 גר`</ItemName>
      <ManufactureName>תומר יבוא ושיווק מוצרי מזון (1</ManufactureName>
      <ManufactureCountry />
      <ManufactureItemDescription />
      <UnitQty>יח`</UnitQty>
      <Quantity>2.84</Quantity>
      <UnitMeasure>100 גרם</UnitMeasure>
      <BisWeighted>0</BisWeighted>
      <QtyInPackage>1</QtyInPackage>
      <ItemPrice>11.90</ItemPrice>
      <UnitOfMeasurePrice>4.19</UnitOfMeasurePrice>
      <AllowDiscount>0</AllowDiscount>
      <itemStatus>1</itemStatus>
      <LastUpdateDate />
      <LastUpdateTime />
    </Product>
    <Product>
      <PriceUpdateDate>2018/04/24 09:50</PriceUpdateDate>
      <ItemCode>7290002881056</ItemCode>
      <ItemType>1</ItemType>
      <ItemName>סן מורנו מעדן משמש 284 גר`</ItemName>
      <ManufactureName>תומר יבוא ושיווק מוצרי מזון (1</ManufactureName>
      <ManufactureCountry />
      <ManufactureItemDescription />
      <UnitQty>יח`</UnitQty>
      <Quantity>2.84</Quantity>
      <UnitMeasure>100 גרם</UnitMeasure>
      <BisWeighted>0</BisWeighted>
      <QtyInPackage>1</QtyInPackage>
      <ItemPrice>11.90</ItemPrice>
      <UnitOfMeasurePrice>4.19</UnitOfMeasurePrice>
      <AllowDiscount>0</AllowDiscount>
      <itemStatus>1</itemStatus>
      <LastUpdateDate />
      <LastUpdateTime />
    </Product>
    <Product>
      <PriceUpdateDate>2020/01/14 08:12</PriceUpdateDate>
      <ItemCode>7290002881230</ItemCode>
      <ItemType>1</ItemType>
      <ItemName>אננס חתוך תומר (850 גרם)</ItemName>
      <ManufactureName>תומר יבוא ושיווק מוצרי מזון (1</ManufactureName>
      <ManufactureCountry />
      <ManufactureItemDescription />
      <UnitQty>יח`</UnitQty>
      <Quantity>8.25</Quantity>
      <UnitMeasure>100 גרם</UnitMeasure>
      <BisWeighted>0</BisWeighted>
      <QtyInPackage>1</QtyInPackage>
      <ItemPrice>6.90</ItemPrice>
      <UnitOfMeasurePrice>0.84</UnitOfMeasurePrice>
      <AllowDiscount>0</AllowDiscount>
      <itemStatus>1</itemStatus>
      <LastUpdateDate />
      <LastUpdateTime />
    </Product>
    <Product>
      <PriceUpdateDate>2020/01/14 08:12</PriceUpdateDate>
      <ItemCode>7290002881247</ItemCode>
      <ItemType>1</ItemType>
      <ItemName>אננס שלם 825  גר`תומר</ItemName>
      <ManufactureName>תומר יבוא ושיווק מוצרי מזון (1</ManufactureName>
      <ManufactureCountry />
      <ManufactureItemDescription />
      <UnitQty>יח`</UnitQty>
      <Quantity>8.25</Quantity>
      <UnitMeasure>100 גרם</UnitMeasure>
      <BisWeighted>0</BisWeighted>
      <QtyInPackage>1</QtyInPackage>
      <ItemPrice>6.90</ItemPrice>
      <UnitOfMeasurePrice>0.84</UnitOfMeasurePrice>
      <AllowDiscount>0</AllowDiscount>
      <itemStatus>1</itemStatus>
      <LastUpdateDate />
      <LastUpdateTime />
    </Product>
    <Product>
      <PriceUpdateDate>2020/01/14 08:12</PriceUpdateDate>
      <ItemCode>7290002881346</ItemCode>
      <ItemType>1</ItemType>
      <ItemName>אגסים חצאים 820  גר`תומר</ItemName>
      <ManufactureName>תומר יבוא ושיווק מוצרי מזון (1</ManufactureName>
      <ManufactureCountry />
      <ManufactureItemDescription />
      <UnitQty>יח`</UnitQty>
      <Quantity>8.20</Quantity>
      <UnitMeasure>100 גרם</UnitMeasure>
      <BisWeighted>0</BisWeighted>
      <QtyInPackage>1</QtyInPackage>
      <ItemPrice>6.90</ItemPrice>
      <UnitOfMeasurePrice>0.84</UnitOfMeasurePrice>
      <AllowDiscount>0</AllowDiscount>
      <itemStatus>1</itemStatus>
      <LastUpdateDate />
      <LastUpdateTime />
    </Product>
    <Product>
      <PriceUpdateDate>2020/01/14 08:12</PriceUpdateDate>
      <ItemCode>7290002881940</ItemCode>
      <ItemType>1</ItemType>
      <ItemName>סרדינים בשמן צמחי 125 גר`</ItemName>
      <ManufactureName>תומר יבוא ושיווק מוצרי מזון (1</ManufactureName>
      <ManufactureCountry />
      <ManufactureItemDescription />
      <UnitQty>יח`</UnitQty>
      <Quantity>1.25</Quantity>
      <UnitMeasure>100 גרם</UnitMeasure>
      <BisWeighted>0</BisWeighted>
      <QtyInPackage>1</QtyInPackage>
      <ItemPrice>3.90</ItemPrice>
      <UnitOfMeasurePrice>3.12</UnitOfMeasurePrice>
      <AllowDiscount>0</AllowDiscount>
      <itemStatus>1</itemStatus>
      <LastUpdateDate />
      <LastUpdateTime />
    </Product>
    <Product>
      <PriceUpdateDate>2020/01/14 08:12</PriceUpdateDate>
      <ItemCode>7290002881957</ItemCode>
      <ItemType>1</ItemType>
      <ItemName>סרדינים בשמן עם פלפל חריף 125 גר`</ItemName>
      <ManufactureName>תומר יבוא ושיווק מוצרי מזון (1</ManufactureName>
      <ManufactureCountry />
      <ManufactureItemDescription />
      <UnitQty>יח`</UnitQty>
      <Quantity>1.25</Quantity>
      <UnitMeasure>100 גרם</UnitMeasure>
      <BisWeighted>0</BisWeighted>
      <QtyInPackage>1</QtyInPackage>
      <ItemPrice>3.90</ItemPrice>
      <UnitOfMeasurePrice>3.12</UnitOfMeasurePrice>
      <AllowDiscount>0</AllowDiscount>
      <itemStatus>1</itemStatus>
      <LastUpdateDate />
      <LastUpdateTime />
    </Product>
    <Product>
      <PriceUpdateDate>2020/01/14 08:12</PriceUpdateDate>
      <ItemCode>7290002881971</ItemCode>
      <ItemType>1</ItemType>
      <ItemName>סרדין מרוקאי בשמן זית 115 גר`</ItemName>
      <ManufactureName>תומר יבוא ושיווק מוצרי מזון (1</ManufactureName>
      <ManufactureCountry />
      <ManufactureItemDescription />
      <UnitQty>יח`</UnitQty>
      <Quantity>1.15</Quantity>
      <UnitMeasure>100 גרם</UnitMeasure>
      <BisWeighted>0</BisWeighted>
      <QtyInPackage>1</QtyInPackage>
      <ItemPrice>4.90</ItemPrice>
      <UnitOfMeasurePrice>4.26</UnitOfMeasurePrice>
      <AllowDiscount>0</AllowDiscount>
      <itemStatus>1</itemStatus>
      <LastUpdateDate />
      <LastUpdateTime />
    </Product>
    <Product>
      <PriceUpdateDate>2020/01/14 08:12</PriceUpdateDate>
      <ItemCode>7290002881988</ItemCode>
      <ItemType>1</ItemType>
      <ItemName>סרדין מרוקאי בשמן ולימון</ItemName>
      <ManufactureName>תומר יבוא ושיווק מוצרי מזון (1</ManufactureName>
      <ManufactureCountry />
      <ManufactureItemDescription />
      <UnitQty>יח`</UnitQty>
      <Quantity>1.25</Quantity>
      <UnitMeasure>100 גרם</UnitMeasure>
      <BisWeighted>0</BisWeighted>
      <QtyInPackage>1</QtyInPackage>
      <ItemPrice>3.90</ItemPrice>
      <UnitOfMeasurePrice>3.12</UnitOfMeasurePrice>
      <AllowDiscount>0</AllowDiscount>
      <itemStatus>1</itemStatus>
      <LastUpdateDate />
      <LastUpdateTime />
    </Product>
    <Product>
      <PriceUpdateDate>2019/03/24 20:17</PriceUpdateDate>
      <ItemCode>7290002900566</ItemCode>
      <ItemType>1</ItemType>
      <ItemName>פסטרמה ברביקיו דל שומן 360 גר` טירת צבי</ItemName>
      <ManufactureName>תנובה קפואים</ManufactureName>
      <ManufactureCountry />
      <ManufactureItemDescription />
      <UnitQty>יח`</UnitQty>
      <Quantity>3.60</Quantity>
      <UnitMeasure>100 גרם</UnitMeasure>
      <BisWeighted>0</BisWeighted>
      <QtyInPackage>1</QtyInPackage>
      <ItemPrice>31.90</ItemPrice>
      <UnitOfMeasurePrice>8.86</UnitOfMeasurePrice>
      <AllowDiscount>1</AllowDiscount>
      <itemStatus>1</itemStatus>
      <LastUpdateDate />
      <LastUpdateTime />
    </Product>
    <Product>
      <PriceUpdateDate>2018/07/09 14:50</PriceUpdateDate>
      <ItemCode>7290002909576</ItemCode>
      <ItemType>1</ItemType>
      <ItemName>בשר בקר טחון לקציצות ולקבב 500 גר`</ItemName>
      <ManufactureName>בלדי בעמ</ManufactureName>
      <ManufactureCountry />
      <ManufactureItemDescription />
      <UnitQty>יח`</UnitQty>
      <Quantity>5</Quantity>
      <UnitMeasure>100 גרם</UnitMeasure>
      <BisWeighted>0</BisWeighted>
      <QtyInPackage>1</QtyInPackage>
      <ItemPrice>11.90</ItemPrice>
      <UnitOfMeasurePrice>2.38</UnitOfMeasurePrice>
      <AllowDiscount>0</AllowDiscount>
      <itemStatus>1</itemStatus>
      <LastUpdateDate />
      <LastUpdateTime />
    </Product>
    <Product>
      <PriceUpdateDate>2018/04/24 12:37</PriceUpdateDate>
      <ItemCode>7290002909880</ItemCode>
      <ItemType>1</ItemType>
      <ItemName>פולי סויה אדממה בלדי (400 גרם)</ItemName>
      <ManufactureName>בלדי בעמ</ManufactureName>
      <ManufactureCountry />
      <ManufactureItemDescription />
      <UnitQty>יח`</UnitQty>
      <Quantity>4</Quantity>
      <UnitMeasure>100 גרם</UnitMeasure>
      <BisWeighted>0</BisWeighted>
      <QtyInPackage>1</QtyInPackage>
      <ItemPrice>5</ItemPrice>
      <UnitOfMeasurePrice>1.25</UnitOfMeasurePrice>
      <AllowDiscount>0</AllowDiscount>
      <itemStatus>1</itemStatus>
      <LastUpdateDate />
      <LastUpdateTime />
    </Product>
    <Product>
      <PriceUpdateDate>2018/04/24 10:05</PriceUpdateDate>
      <ItemCode>7290002921240</ItemCode>
      <ItemType>1</ItemType>
      <ItemName>שמפוזר קרבונה אדום</ItemName>
      <ManufactureName>יעקב יעקבי ובניו בעמ</ManufactureName>
      <ManufactureCountry />
      <ManufactureItemDescription />
      <UnitQty>יח`</UnitQty>
      <Quantity>6.50</Quantity>
      <UnitMeasure>100 מ"ל</UnitMeasure>
      <BisWeighted>0</BisWeighted>
      <QtyInPackage>1</QtyInPackage>
      <ItemPrice>27.90</ItemPrice>
      <UnitOfMeasurePrice>4.29</UnitOfMeasurePrice>
      <AllowDiscount>0</AllowDiscount>
      <itemStatus>1</itemStatus>
      <LastUpdateDate />
      <LastUpdateTime />
    </Product>
    <Product>
      <PriceUpdateDate>2018/04/24 10:05</PriceUpdateDate>
      <ItemCode>7290002921332</ItemCode>
      <ItemType>1</ItemType>
      <ItemName>סבון אסטוניש בקופסא</ItemName>
      <ManufactureName>יעקב יעקבי ובניו בעמ</ManufactureName>
      <ManufactureCountry />
      <ManufactureItemDescription />
      <UnitQty>יח`</UnitQty>
      <Quantity>0.75</Quantity>
      <UnitMeasure>100 גרם</UnitMeasure>
      <BisWeighted>0</BisWeighted>
      <QtyInPackage>1</QtyInPackage>
      <ItemPrice>17.90</ItemPrice>
      <UnitOfMeasurePrice>23.87</UnitOfMeasurePrice>
      <AllowDiscount>0</AllowDiscount>
      <itemStatus>1</itemStatus>
      <LastUpdateDate />
      <LastUpdateTime />
    </Product>
    <Product>
      <PriceUpdateDate>2018/06/26 08:27</PriceUpdateDate>
      <ItemCode>7290002922117</ItemCode>
      <ItemType>1</ItemType>
      <ItemName>עוגיות פרימיום אקלר</ItemName>
      <ManufactureName>אקלר בעמ</ManufactureName>
      <ManufactureCountry />
      <ManufactureItemDescription />
      <UnitQty>יח`</UnitQty>
      <Quantity>1</Quantity>
      <UnitMeasure />
      <BisWeighted>0</BisWeighted>
      <QtyInPackage>1</QtyInPackage>
      <ItemPrice>19.90</ItemPrice>
      <UnitOfMeasurePrice>19.90</UnitOfMeasurePrice>
      <AllowDiscount>0</AllowDiscount>
      <itemStatus>1</itemStatus>
      <LastUpdateDate />
      <LastUpdateTime />
    </Product>
    <Product>
      <PriceUpdateDate>2018/04/24 12:10</PriceUpdateDate>
      <ItemCode>7290002929642</ItemCode>
      <ItemType>1</ItemType>
      <ItemName>נתחי טונה בהירה בשמן ויליגר (140x4 גרם)</ItemName>
      <ManufactureName>נטו מלינדה סחר בעמ</ManufactureName>
      <ManufactureCountry />
      <ManufactureItemDescription />
      <UnitQty>יח`</UnitQty>
      <Quantity>4.60</Quantity>
      <UnitMeasure>100 גרם</UnitMeasure>
      <BisWeighted>0</BisWeighted>
      <QtyInPackage>1</QtyInPackage>
      <ItemPrice>19.90</ItemPrice>
      <UnitOfMeasurePrice>4.33</UnitOfMeasurePrice>
      <AllowDiscount>1</AllowDiscount>
      <itemStatus>1</itemStatus>
      <LastUpdateDate />
      <LastUpdateTime />
    </Product>
    <Product>
      <PriceUpdateDate>2018/04/24 09:45</PriceUpdateDate>
      <ItemCode>7290002954026</ItemCode>
      <ItemType>1</ItemType>
      <ItemName>שמן תירס 3 ליטר - שוקחא</ItemName>
      <ManufactureName>בני ג`ורג` שוקחה (חיפה) בעמ</ManufactureName>
      <ManufactureCountry />
      <ManufactureItemDescription />
      <UnitQty>יח`</UnitQty>
      <Quantity>3</Quantity>
      <UnitMeasure>1 ליטר</UnitMeasure>
      <BisWeighted>0</BisWeighted>
      <QtyInPackage>1</QtyInPackage>
      <ItemPrice>25.90</ItemPrice>
      <UnitOfMeasurePrice>8.63</UnitOfMeasurePrice>
      <AllowDiscount>1</AllowDiscount>
      <itemStatus>1</itemStatus>
      <LastUpdateDate />
      <LastUpdateTime />
    </Product>
    <Product>
      <PriceUpdateDate>2018/08/13 14:16</PriceUpdateDate>
      <ItemCode>7290002954187</ItemCode>
      <ItemType>1</ItemType>
      <ItemName>אורז יסמין שוקחה (5 קג)</ItemName>
      <ManufactureName>בני ג`ורג` שוקחה (חיפה) בעמ</ManufactureName>
      <ManufactureCountry />
      <ManufactureItemDescription />
      <UnitQty>יח`</UnitQty>
      <Quantity>5</Quantity>
      <UnitMeasure>ק"ג</UnitMeasure>
      <BisWeighted>0</BisWeighted>
      <QtyInPackage>1</QtyInPackage>
      <ItemPrice>42.90</ItemPrice>
      <UnitOfMeasurePrice>8.58</UnitOfMeasurePrice>
      <AllowDiscount>1</AllowDiscount>
      <itemStatus>1</itemStatus>
      <LastUpdateDate />
      <LastUpdateTime />
    </Product>
    <Product>
      <PriceUpdateDate>2018/08/08 10:38</PriceUpdateDate>
      <ItemCode>7290002987963</ItemCode>
      <ItemType>1</ItemType>
      <ItemName>חומוס אחלה 1 קג</ItemName>
      <ManufactureName>שטראוס גרופ בעמ/מצונן</ManufactureName>
      <ManufactureCountry />
      <ManufactureItemDescription />
      <UnitQty>יח`</UnitQty>
      <Quantity>100</Quantity>
      <UnitMeasure>100 גרם</UnitMeasure>
      <BisWeighted>0</BisWeighted>
      <QtyInPackage>1</QtyInPackage>
      <ItemPrice>13.90</ItemPrice>
      <UnitOfMeasurePrice>0.14</UnitOfMeasurePrice>
      <AllowDiscount>0</AllowDiscount>
      <itemStatus>1</itemStatus>
      <LastUpdateDate />
      <LastUpdateTime />
    </Product>
    <Product>
      <PriceUpdateDate>2018/04/24 09:18</PriceUpdateDate>
      <ItemCode>7290003009312</ItemCode>
      <ItemType>1</ItemType>
      <ItemName>בוטן קלוי קליית גת (200 גרם)</ItemName>
      <ManufactureName>ליימן שליסל בעמ</ManufactureName>
      <ManufactureCountry />
      <ManufactureItemDescription />
      <UnitQty>יח`</UnitQty>
      <Quantity>2</Quantity>
      <UnitMeasure>100 גרם</UnitMeasure>
      <BisWeighted>0</BisWeighted>
      <QtyInPackage>1</QtyInPackage>
      <ItemPrice>8.90</ItemPrice>
      <UnitOfMeasurePrice>4.45</UnitOfMeasurePrice>
      <AllowDiscount>0</AllowDiscount>
      <itemStatus>1</itemStatus>
      <LastUpdateDate />
      <LastUpdateTime />
    </Product>
    <Product>
      <PriceUpdateDate>2018/04/24 09:18</PriceUpdateDate>
      <ItemCode>7290003009329</ItemCode>
      <ItemType>1</ItemType>
      <ItemName>בוטנים אמריקאיים קליית גת (200 גרם)</ItemName>
      <ManufactureName>ליימן שליסל בעמ</ManufactureName>
      <ManufactureCountry />
      <ManufactureItemDescription />
      <UnitQty>יח`</UnitQty>
      <Quantity>2</Quantity>
      <UnitMeasure>100 גרם</UnitMeasure>
      <BisWeighted>0</BisWeighted>
      <QtyInPackage>1</QtyInPackage>
      <ItemPrice>6.90</ItemPrice>
      <UnitOfMeasurePrice>3.45</UnitOfMeasurePrice>
      <AllowDiscount>1</AllowDiscount>
      <itemStatus>1</itemStatus>
      <LastUpdateDate />
      <LastUpdateTime />
    </Product>
    <Product>
      <PriceUpdateDate>2018/04/24 09:18</PriceUpdateDate>
      <ItemCode>7290003009336</ItemCode>
      <ItemType>1</ItemType>
      <ItemName>קבוקים קליית גת (200 גרם)</ItemName>
      <ManufactureName>ליימן שליסל בעמ</ManufactureName>
      <ManufactureCountry />
      <ManufactureItemDescription />
      <UnitQty>יח`</UnitQty>
      <Quantity>2</Quantity>
      <UnitMeasure>100 גרם</UnitMeasure>
      <BisWeighted>0</BisWeighted>
      <QtyInPackage>1</QtyInPackage>
      <ItemPrice>6.90</ItemPrice>
      <UnitOfMeasurePrice>3.45</UnitOfMeasurePrice>
      <AllowDiscount>1</AllowDiscount>
      <itemStatus>1</itemStatus>
      <LastUpdateDate />
      <LastUpdateTime />
    </Product>
    <Product>
      <PriceUpdateDate>2018/04/24 10:22</PriceUpdateDate>
      <ItemCode>7290003009640</ItemCode>
      <ItemType>1</ItemType>
      <ItemName>מיץ סחוט תפוזים טבעי פריגת (1 ליטר)</ItemName>
      <ManufactureName>החב` המרכזית - טרה</ManufactureName>
      <ManufactureCountry />
      <ManufactureItemDescription />
      <UnitQty>יח`</UnitQty>
      <Quantity>10</Quantity>
      <UnitMeasure>100 מ"ל</UnitMeasure>
      <BisWeighted>0</BisWeighted>
      <QtyInPackage>1</QtyInPackage>
      <ItemPrice>16</ItemPrice>
      <UnitOfMeasurePrice>1.57</UnitOfMeasurePrice>
      <AllowDiscount>0</AllowDiscount>
      <itemStatus>1</itemStatus>
      <LastUpdateDate />
      <LastUpdateTime />
    </Product>
    <Product>
      <PriceUpdateDate>2019/04/24 11:52</PriceUpdateDate>
      <ItemCode>7290003015627</ItemCode>
      <ItemType>1</ItemType>
      <ItemName>ריצפז פרש 2 ליטר אפרסק</ItemName>
      <ManufactureName>החברה הדרומית לשיווק בעמ</ManufactureName>
      <ManufactureCountry />
      <ManufactureItemDescription />
      <UnitQty>יח`</UnitQty>
      <Quantity>2</Quantity>
      <UnitMeasure>1 ליטר</UnitMeasure>
      <BisWeighted>0</BisWeighted>
      <QtyInPackage>1</QtyInPackage>
      <ItemPrice>21.90</ItemPrice>
      <UnitOfMeasurePrice>10.95</UnitOfMeasurePrice>
      <AllowDiscount>1</AllowDiscount>
      <itemStatus>1</itemStatus>
      <LastUpdateDate />
      <LastUpdateTime />
    </Product>
    <Product>
      <PriceUpdateDate>2019/04/24 11:52</PriceUpdateDate>
      <ItemCode>7290003015641</ItemCode>
      <ItemType>1</ItemType>
      <ItemName>ריצפז פרש 2 ליטר יסמין</ItemName>
      <ManufactureName>החברה הדרומית לשיווק בעמ</ManufactureName>
      <ManufactureCountry />
      <ManufactureItemDescription />
      <UnitQty>יח`</UnitQty>
      <Quantity>2</Quantity>
      <UnitMeasure>1 ליטר</UnitMeasure>
      <BisWeighted>0</BisWeighted>
      <QtyInPackage>1</QtyInPackage>
      <ItemPrice>21.90</ItemPrice>
      <UnitOfMeasurePrice>10.95</UnitOfMeasurePrice>
      <AllowDiscount>1</AllowDiscount>
      <itemStatus>1</itemStatus>
      <LastUpdateDate />
      <LastUpdateTime />
    </Product>
    <Product>
      <PriceUpdateDate>2018/08/01 14:14</PriceUpdateDate>
      <ItemCode>7290003023165</ItemCode>
      <ItemType>1</ItemType>
      <ItemName>שוקו 2% יטבתה (2 ליטר)</ItemName>
      <ManufactureName>שטראוס גרופ בעמ/מצונן</ManufactureName>
      <ManufactureCountry />
      <ManufactureItemDescription />
      <UnitQty>יח`</UnitQty>
      <Quantity>2</Quantity>
      <UnitMeasure>1 ליטר</UnitMeasure>
      <BisWeighted>0</BisWeighted>
      <QtyInPackage>1</QtyInPackage>
      <ItemPrice>20</ItemPrice>
      <UnitOfMeasurePrice>10</UnitOfMeasurePrice>
      <AllowDiscount>1</AllowDiscount>
      <itemStatus>1</itemStatus>
      <LastUpdateDate />
      <LastUpdateTime />
    </Product>
    <Product>
      <PriceUpdateDate>2018/04/24 10:39</PriceUpdateDate>
      <ItemCode>7290003029181</ItemCode>
      <ItemType>1</ItemType>
      <ItemName>שוקו 2% בבקבוק יטבתה (1 ליטר)</ItemName>
      <ManufactureName>שטראוס גרופ בעמ/מצונן</ManufactureName>
      <ManufactureCountry />
      <ManufactureItemDescription />
      <UnitQty>יח`</UnitQty>
      <Quantity>1</Quantity>
      <UnitMeasure>1 ליטר</UnitMeasure>
      <BisWeighted>0</BisWeighted>
      <QtyInPackage>1</QtyInPackage>
      <ItemPrice>11.60</ItemPrice>
      <UnitOfMeasurePrice>11.60</UnitOfMeasurePrice>
      <AllowDiscount>0</AllowDiscount>
      <itemStatus>1</itemStatus>
      <LastUpdateDate />
      <LastUpdateTime />
    </Product>
    <Product>
      <PriceUpdateDate>2018/04/24 11:28</PriceUpdateDate>
      <ItemCode>7290003029372</ItemCode>
      <ItemType>1</ItemType>
      <ItemName>משקה חלב בטעם בננה 2% יטבתה (1 ליטר</ItemName>
      <ManufactureName>שטראוס גרופ בעמ/מצונן</ManufactureName>
      <ManufactureCountry />
      <ManufactureItemDescription />
      <UnitQty>יח`</UnitQty>
      <Quantity>1</Quantity>
      <UnitMeasure>1 ליטר</UnitMeasure>
      <BisWeighted>0</BisWeighted>
      <QtyInPackage>1</QtyInPackage>
      <ItemPrice>11.60</ItemPrice>
      <UnitOfMeasurePrice>11.60</UnitOfMeasurePrice>
      <AllowDiscount>0</AllowDiscount>
      <itemStatus>1</itemStatus>
      <LastUpdateDate />
      <LastUpdateTime />
    </Product>
    <Product>
      <PriceUpdateDate>2018/07/05 12:00</PriceUpdateDate>
      <ItemCode>7290003029389</ItemCode>
      <ItemType>1</ItemType>
      <ItemName>שוקו בננה בקבוק</ItemName>
      <ManufactureName>שטראוס גרופ בעמ/מצונן</ManufactureName>
      <ManufactureCountry />
      <ManufactureItemDescription />
      <UnitQty>יח`</UnitQty>
      <Quantity>2.50</Quantity>
      <UnitMeasure>100 מ"ל</UnitMeasure>
      <BisWeighted>0</BisWeighted>
      <QtyInPackage>1</QtyInPackage>
      <ItemPrice>5.30</ItemPrice>
      <UnitOfMeasurePrice>2.12</UnitOfMeasurePrice>
      <AllowDiscount>0</AllowDiscount>
      <itemStatus>1</itemStatus>
      <LastUpdateDate />
      <LastUpdateTime />
    </Product>
    <Product>
      <PriceUpdateDate>2018/07/05 12:00</PriceUpdateDate>
      <ItemCode>7290003029433</ItemCode>
      <ItemType>1</ItemType>
      <ItemName>שוקו 2% עם פקק ספורט יטבתה (250 מל)</ItemName>
      <ManufactureName>שטראוס גרופ בעמ/מצונן</ManufactureName>
      <ManufactureCountry />
      <ManufactureItemDescription />
      <UnitQty>יח`</UnitQty>
      <Quantity>2.50</Quantity>
      <UnitMeasure>100 מ"ל</UnitMeasure>
      <BisWeighted>0</BisWeighted>
      <QtyInPackage>1</QtyInPackage>
      <ItemPrice>5.30</ItemPrice>
      <UnitOfMeasurePrice>2.12</UnitOfMeasurePrice>
      <AllowDiscount>0</AllowDiscount>
      <itemStatus>1</itemStatus>
      <LastUpdateDate />
      <LastUpdateTime />
    </Product>
    <Product>
      <PriceUpdateDate>2018/04/24 10:39</PriceUpdateDate>
      <ItemCode>7290003029532</ItemCode>
      <ItemType>1</ItemType>
      <ItemName>משקה מוקה 2% יטבתה (1 ליטר) פיקו</ItemName>
      <ManufactureName>שטראוס גרופ בעמ/מצונן</ManufactureName>
      <ManufactureCountry />
      <ManufactureItemDescription />
      <UnitQty>יח`</UnitQty>
      <Quantity>1</Quantity>
      <UnitMeasure>1 ליטר</UnitMeasure>
      <BisWeighted>0</BisWeighted>
      <QtyInPackage>1</QtyInPackage>
      <ItemPrice>11.60</ItemPrice>
      <UnitOfMeasurePrice>11.60</UnitOfMeasurePrice>
      <AllowDiscount>0</AllowDiscount>
      <itemStatus>1</itemStatus>
      <LastUpdateDate />
      <LastUpdateTime />
    </Product>
    <Product>
      <PriceUpdateDate>2018/04/24 10:39</PriceUpdateDate>
      <ItemCode>7290003029617</ItemCode>
      <ItemType>1</ItemType>
      <ItemName>שמנת חמוצה 15% יטבתה (100 מל)</ItemName>
      <ManufactureName>שטראוס גרופ בעמ/מצונן</ManufactureName>
      <ManufactureCountry />
      <ManufactureItemDescription />
      <UnitQty>יח`</UnitQty>
      <Quantity>1.25</Quantity>
      <UnitMeasure>100 מ"ל</UnitMeasure>
      <BisWeighted>0</BisWeighted>
      <QtyInPackage>1</QtyInPackage>
      <ItemPrice>1.90</ItemPrice>
      <UnitOfMeasurePrice>1.52</UnitOfMeasurePrice>
      <AllowDiscount>0</AllowDiscount>
      <itemStatus>1</itemStatus>
      <LastUpdateDate />
      <LastUpdateTime />
    </Product>
    <Product>
      <PriceUpdateDate>2019/04/11 10:04</PriceUpdateDate>
      <ItemCode>7290003029792</ItemCode>
      <ItemType>1</ItemType>
      <ItemName>שוקו 2% יטבתה (225x8 מל)</ItemName>
      <ManufactureName>שטראוס גרופ בעמ/מצונן</ManufactureName>
      <ManufactureCountry />
      <ManufactureItemDescription />
      <UnitQty>יח`</UnitQty>
      <Quantity>1.80</Quantity>
      <UnitMeasure>1 ליטר</UnitMeasure>
      <BisWeighted>0</BisWeighted>
      <QtyInPackage>1</QtyInPackage>
      <ItemPrice>19.90</ItemPrice>
      <UnitOfMeasurePrice>11.06</UnitOfMeasurePrice>
      <AllowDiscount>0</AllowDiscount>
      <itemStatus>1</itemStatus>
      <LastUpdateDate />
      <LastUpdateTime />
    </Product>
    <Product>
      <PriceUpdateDate>2018/04/24 10:39</PriceUpdateDate>
      <ItemCode>7290003029815</ItemCode>
      <ItemType>1</ItemType>
      <ItemName>חלב מועשר 3% בכד יטבתה 2 ליטר</ItemName>
      <ManufactureName>שטראוס גרופ בעמ/מצונן</ManufactureName>
      <ManufactureCountry />
      <ManufactureItemDescription />
      <UnitQty>יח`</UnitQty>
      <Quantity>20</Quantity>
      <UnitMeasure>100 מ"ל</UnitMeasure>
      <BisWeighted>0</BisWeighted>
      <QtyInPackage>1</QtyInPackage>
      <ItemPrice>14.90</ItemPrice>
      <UnitOfMeasurePrice>0.75</UnitOfMeasurePrice>
      <AllowDiscount>0</AllowDiscount>
      <itemStatus>1</itemStatus>
      <LastUpdateDate />
      <LastUpdateTime />
    </Product>
    <Product>
      <PriceUpdateDate>2018/04/24 10:28</PriceUpdateDate>
      <ItemCode>7290003029907</ItemCode>
      <ItemType>1</ItemType>
      <ItemName>משקה חלב אייס קפה 2% יטבתה (1 ליטר פ</ItemName>
      <ManufactureName>שטראוס גרופ בעמ/מצונן</ManufactureName>
      <ManufactureCountry />
      <ManufactureItemDescription />
      <UnitQty>יח`</UnitQty>
      <Quantity>1</Quantity>
      <UnitMeasure>1 ליטר</UnitMeasure>
      <BisWeighted>0</BisWeighted>
      <QtyInPackage>1</QtyInPackage>
      <ItemPrice>11.60</ItemPrice>
      <UnitOfMeasurePrice>11.60</UnitOfMeasurePrice>
      <AllowDiscount>0</AllowDiscount>
      <itemStatus>1</itemStatus>
      <LastUpdateDate />
      <LastUpdateTime />
    </Product>
    <Product>
      <PriceUpdateDate>2018/12/30 09:11</PriceUpdateDate>
      <ItemCode>7290003047642</ItemCode>
      <ItemType>1</ItemType>
      <ItemName>תה ילו לייבל ליפטון (100)</ItemName>
      <ManufactureName>יוניליוור ישראל שיווק בעמ</ManufactureName>
      <ManufactureCountry />
      <ManufactureItemDescription />
      <UnitQty>יח`</UnitQty>
      <Quantity>1.50</Quantity>
      <UnitMeasure>100 גרם</UnitMeasure>
      <BisWeighted>0</BisWeighted>
      <QtyInPackage>1</QtyInPackage>
      <ItemPrice>11.90</ItemPrice>
      <UnitOfMeasurePrice>7.93</UnitOfMeasurePrice>
      <AllowDiscount>1</AllowDiscount>
      <itemStatus>1</itemStatus>
      <LastUpdateDate />
      <LastUpdateTime />
    </Product>
    <Product>
      <PriceUpdateDate>2019/01/07 10:57</PriceUpdateDate>
      <ItemCode>7290003054657</ItemCode>
      <ItemType>1</ItemType>
      <ItemName>חרדל דיז`ון ריין דה דיז`ון (370 גרם)</ItemName>
      <ManufactureName>דיפלומט היינץ</ManufactureName>
      <ManufactureCountry />
      <ManufactureItemDescription />
      <UnitQty>יח`</UnitQty>
      <Quantity>3.70</Quantity>
      <UnitMeasure>100 גרם</UnitMeasure>
      <BisWeighted>0</BisWeighted>
      <QtyInPackage>1</QtyInPackage>
      <ItemPrice>11.90</ItemPrice>
      <UnitOfMeasurePrice>3.22</UnitOfMeasurePrice>
      <AllowDiscount>0</AllowDiscount>
      <itemStatus>1</itemStatus>
      <LastUpdateDate />
      <LastUpdateTime />
    </Product>
    <Product>
      <PriceUpdateDate>2018/07/25 08:51</PriceUpdateDate>
      <ItemCode>7290003069682</ItemCode>
      <ItemType>1</ItemType>
      <ItemName>בצק פילאס תורכי שלושת האופים (500 גרם)</ItemName>
      <ManufactureName>נטו מלינדה סחר בעמ</ManufactureName>
      <ManufactureCountry />
      <ManufactureItemDescription />
      <UnitQty>יח`</UnitQty>
      <Quantity>5</Quantity>
      <UnitMeasure>100 גרם</UnitMeasure>
      <BisWeighted>0</BisWeighted>
      <QtyInPackage>1</QtyInPackage>
      <ItemPrice>19.90</ItemPrice>
      <UnitOfMeasurePrice>3.98</UnitOfMeasurePrice>
      <AllowDiscount>1</AllowDiscount>
      <itemStatus>1</itemStatus>
      <LastUpdateDate />
      <LastUpdateTime />
    </Product>
    <Product>
      <PriceUpdateDate>2019/12/15 11:59</PriceUpdateDate>
      <ItemCode>7290003069705</ItemCode>
      <ItemType>1</ItemType>
      <ItemName>פיצה אישית גבינה תפזורת</ItemName>
      <ManufactureName>נטו מלינדה סחר בעמ</ManufactureName>
      <ManufactureCountry />
      <ManufactureItemDescription />
      <UnitQty>יח`</UnitQty>
      <Quantity>0.80</Quantity>
      <UnitMeasure>100 גרם</UnitMeasure>
      <BisWeighted>0</BisWeighted>
      <QtyInPackage>1</QtyInPackage>
      <ItemPrice>2.50</ItemPrice>
      <UnitOfMeasurePrice>3.13</UnitOfMeasurePrice>
      <AllowDiscount>0</AllowDiscount>
      <itemStatus>1</itemStatus>
      <LastUpdateDate />
      <LastUpdateTime />
    </Product>
    <Product>
      <PriceUpdateDate>2019/05/13 10:57</PriceUpdateDate>
      <ItemCode>7290003072767</ItemCode>
      <ItemType>1</ItemType>
      <ItemName>נתחוני עוף בתיבול צ`לי מתוק 135 גר`</ItemName>
      <ManufactureName>תנובה קפואים</ManufactureName>
      <ManufactureCountry />
      <ManufactureItemDescription />
      <UnitQty>יח`</UnitQty>
      <Quantity>1.35</Quantity>
      <UnitMeasure>100 גרם</UnitMeasure>
      <BisWeighted>0</BisWeighted>
      <QtyInPackage>1</QtyInPackage>
      <ItemPrice>24.90</ItemPrice>
      <UnitOfMeasurePrice>18.44</UnitOfMeasurePrice>
      <AllowDiscount>0</AllowDiscount>
      <itemStatus>1</itemStatus>
      <LastUpdateDate />
      <LastUpdateTime />
    </Product>
    <Product>
      <PriceUpdateDate>2020/01/28 10:13</PriceUpdateDate>
      <ItemCode>7290003072842</ItemCode>
      <ItemType>1</ItemType>
      <ItemName>חזה אווז 100 גר טירת צבי</ItemName>
      <ManufactureName>תנובה קפואים</ManufactureName>
      <ManufactureCountry />
      <ManufactureItemDescription />
      <UnitQty>יח`</UnitQty>
      <Quantity>1</Quantity>
      <UnitMeasure>100 גרם</UnitMeasure>
      <BisWeighted>0</BisWeighted>
      <QtyInPackage>1</QtyInPackage>
      <ItemPrice>25.90</ItemPrice>
      <UnitOfMeasurePrice>25.90</UnitOfMeasurePrice>
      <AllowDiscount>1</AllowDiscount>
      <itemStatus>1</itemStatus>
      <LastUpdateDate />
      <LastUpdateTime />
    </Product>
    <Product>
      <PriceUpdateDate>2018/04/24 09:55</PriceUpdateDate>
      <ItemCode>7290003102136</ItemCode>
      <ItemType>1</ItemType>
      <ItemName>צמר גפן קוטון סופט (100 גרם)</ItemName>
      <ManufactureName>אינטרסן 1996 בעמ</ManufactureName>
      <ManufactureCountry />
      <ManufactureItemDescription />
      <UnitQty>יח`</UnitQty>
      <Quantity>1</Quantity>
      <UnitMeasure />
      <BisWeighted>0</BisWeighted>
      <QtyInPackage>1</QtyInPackage>
      <ItemPrice>4.90</ItemPrice>
      <UnitOfMeasurePrice>4.90</UnitOfMeasurePrice>
      <AllowDiscount>0</AllowDiscount>
      <itemStatus>1</itemStatus>
      <LastUpdateDate />
      <LastUpdateTime />
    </Product>
    <Product>
      <PriceUpdateDate>2018/04/24 09:55</PriceUpdateDate>
      <ItemCode>7290003102587</ItemCode>
      <ItemType>1</ItemType>
      <ItemName>מברשת לבקבוק+מברשת לפיטמה</ItemName>
      <ManufactureName>אינטרסן 1996 בעמ</ManufactureName>
      <ManufactureCountry />
      <ManufactureItemDescription />
      <UnitQty>יח`</UnitQty>
      <Quantity>1</Quantity>
      <UnitMeasure />
      <BisWeighted>0</BisWeighted>
      <QtyInPackage>1</QtyInPackage>
      <ItemPrice>6</ItemPrice>
      <UnitOfMeasurePrice>6</UnitOfMeasurePrice>
      <AllowDiscount>0</AllowDiscount>
      <itemStatus>1</itemStatus>
      <LastUpdateDate />
      <LastUpdateTime />
    </Product>
    <Product>
      <PriceUpdateDate>2018/04/24 09:55</PriceUpdateDate>
      <ItemCode>7290003102891</ItemCode>
      <ItemType>1</ItemType>
      <ItemName>שקיות צליה הוסט 10 יח` בקופסא</ItemName>
      <ManufactureName>אינטרסן 1996 בעמ</ManufactureName>
      <ManufactureCountry />
      <ManufactureItemDescription />
      <UnitQty>יח`</UnitQty>
      <Quantity>1</Quantity>
      <UnitMeasure />
      <BisWeighted>0</BisWeighted>
      <QtyInPackage>1</QtyInPackage>
      <ItemPrice>4.90</ItemPrice>
      <UnitOfMeasurePrice>4.90</UnitOfMeasurePrice>
      <AllowDiscount>0</AllowDiscount>
      <itemStatus>1</itemStatus>
      <LastUpdateDate />
      <LastUpdateTime />
    </Product>
    <Product>
      <PriceUpdateDate>2018/04/24 09:55</PriceUpdateDate>
      <ItemCode>7290003102976</ItemCode>
      <ItemType>1</ItemType>
      <ItemName>צימרוני אוזניים טוליפס) (200</ItemName>
      <ManufactureName>אינטרסן 1996 בעמ</ManufactureName>
      <ManufactureCountry />
      <ManufactureItemDescription />
      <UnitQty>יח`</UnitQty>
      <Quantity>200</Quantity>
      <UnitMeasure>100 גרם</UnitMeasure>
      <BisWeighted>0</BisWeighted>
      <QtyInPackage>1</QtyInPackage>
      <ItemPrice>4</ItemPrice>
      <UnitOfMeasurePrice>0.02</UnitOfMeasurePrice>
      <AllowDiscount>0</AllowDiscount>
      <itemStatus>1</itemStatus>
      <LastUpdateDate />
      <LastUpdateTime />
    </Product>
    <Product>
      <PriceUpdateDate>2018/04/24 11:25</PriceUpdateDate>
      <ItemCode>7290003102990</ItemCode>
      <ItemType>1</ItemType>
      <ItemName>פדים להסרת איפור</ItemName>
      <ManufactureName>אינטרסן 1996 בעמ</ManufactureName>
      <ManufactureCountry />
      <ManufactureItemDescription />
      <UnitQty>יח`</UnitQty>
      <Quantity>1</Quantity>
      <UnitMeasure />
      <BisWeighted>0</BisWeighted>
      <QtyInPackage>1</QtyInPackage>
      <ItemPrice>7.90</ItemPrice>
      <UnitOfMeasurePrice>7.90</UnitOfMeasurePrice>
      <AllowDiscount>0</AllowDiscount>
      <itemStatus>1</itemStatus>
      <LastUpdateDate />
      <LastUpdateTime />
    </Product>
    <Product>
      <PriceUpdateDate>2018/04/24 11:55</PriceUpdateDate>
      <ItemCode>7290003107216</ItemCode>
      <ItemType>1</ItemType>
      <ItemName>קמח לבן בהיר 1 קג דגן מוביל</ItemName>
      <ManufactureName>טחנות קמח דגן (2006) בעמ</ManufactureName>
      <ManufactureCountry />
      <ManufactureItemDescription />
      <UnitQty>יח`</UnitQty>
      <Quantity>1</Quantity>
      <UnitMeasure>ק"ג</UnitMeasure>
      <BisWeighted>0</BisWeighted>
      <QtyInPackage>1</QtyInPackage>
      <ItemPrice>4.90</ItemPrice>
      <UnitOfMeasurePrice>4.90</UnitOfMeasurePrice>
      <AllowDiscount>0</AllowDiscount>
      <itemStatus>1</itemStatus>
      <LastUpdateDate />
      <LastUpdateTime />
    </Product>
    <Product>
      <PriceUpdateDate>2018/04/24 12:37</PriceUpdateDate>
      <ItemCode>7290003107315</ItemCode>
      <ItemType>1</ItemType>
      <ItemName>סולת בשקית טחנת קמח דגן (1 קג)</ItemName>
      <ManufactureName>טחנות קמח דגן (2006) בעמ</ManufactureName>
      <ManufactureCountry />
      <ManufactureItemDescription />
      <UnitQty>יח`</UnitQty>
      <Quantity>1</Quantity>
      <UnitMeasure>ק"ג</UnitMeasure>
      <BisWeighted>0</BisWeighted>
      <QtyInPackage>1</QtyInPackage>
      <ItemPrice>2.90</ItemPrice>
      <UnitOfMeasurePrice>2.90</UnitOfMeasurePrice>
      <AllowDiscount>1</AllowDiscount>
      <itemStatus>1</itemStatus>
      <LastUpdateDate />
      <LastUpdateTime />
    </Product>
    <Product>
      <PriceUpdateDate>2018/04/24 12:37</PriceUpdateDate>
      <ItemCode>7290003107346</ItemCode>
      <ItemType>1</ItemType>
      <ItemName>קמח חיטה לבן בדץ טחנת קמח דגן (1 קג)</ItemName>
      <ManufactureName>טחנות קמח דגן (2006) בעמ</ManufactureName>
      <ManufactureCountry />
      <ManufactureItemDescription />
      <UnitQty>יח`</UnitQty>
      <Quantity>1</Quantity>
      <UnitMeasure>ק"ג</UnitMeasure>
      <BisWeighted>0</BisWeighted>
      <QtyInPackage>1</QtyInPackage>
      <ItemPrice>2.90</ItemPrice>
      <UnitOfMeasurePrice>2.90</UnitOfMeasurePrice>
      <AllowDiscount>1</AllowDiscount>
      <itemStatus>1</itemStatus>
      <LastUpdateDate />
      <LastUpdateTime />
    </Product>
    <Product>
      <PriceUpdateDate>2019/02/24 08:50</PriceUpdateDate>
      <ItemCode>7290003119110</ItemCode>
      <ItemType>1</ItemType>
      <ItemName>מארז קוקה-קולה (1.5x6 ליטר)</ItemName>
      <ManufactureName>החברה המרכזית להפצת משקאות בעמ</ManufactureName>
      <ManufactureCountry />
      <ManufactureItemDescription />
      <UnitQty>יח`</UnitQty>
      <Quantity>9</Quantity>
      <UnitMeasure>1 ליטר</UnitMeasure>
      <BisWeighted>0</BisWeighted>
      <QtyInPackage>1</QtyInPackage>
      <ItemPrice>35.90</ItemPrice>
      <UnitOfMeasurePrice>3.99</UnitOfMeasurePrice>
      <AllowDiscount>0</AllowDiscount>
      <itemStatus>1</itemStatus>
      <LastUpdateDate />
      <LastUpdateTime />
    </Product>
    <Product>
      <PriceUpdateDate>2018/11/12 07:49</PriceUpdateDate>
      <ItemCode>7290003119165</ItemCode>
      <ItemType>1</ItemType>
      <ItemName>מארז דיאט קוקה-קולה (1.5x6 ליטר)</ItemName>
      <ManufactureName>החברה המרכזית להפצת משקאות בעמ</ManufactureName>
      <ManufactureCountry />
      <ManufactureItemDescription />
      <UnitQty>יח`</UnitQty>
      <Quantity>9</Quantity>
      <UnitMeasure>1 ליטר</UnitMeasure>
      <BisWeighted>0</BisWeighted>
      <QtyInPackage>1</QtyInPackage>
      <ItemPrice>35.90</ItemPrice>
      <UnitOfMeasurePrice>3.99</UnitOfMeasurePrice>
      <AllowDiscount>0</AllowDiscount>
      <itemStatus>1</itemStatus>
      <LastUpdateDate />
      <LastUpdateTime />
    </Product>
    <Product>
      <PriceUpdateDate>2018/04/24 09:12</PriceUpdateDate>
      <ItemCode>7290003121083</ItemCode>
      <ItemType>1</ItemType>
      <ItemName>ארוחת נודלס בטעם בשר מג`יק (85 גרם)</ItemName>
      <ManufactureName>נטו מלינדה סחר בעמ</ManufactureName>
      <ManufactureCountry />
      <ManufactureItemDescription />
      <UnitQty>יח`</UnitQty>
      <Quantity>0.85</Quantity>
      <UnitMeasure>100 גרם</UnitMeasure>
      <BisWeighted>0</BisWeighted>
      <QtyInPackage>1</QtyInPackage>
      <ItemPrice>2.90</ItemPrice>
      <UnitOfMeasurePrice>3.41</UnitOfMeasurePrice>
      <AllowDiscount>1</AllowDiscount>
      <itemStatus>1</itemStatus>
      <LastUpdateDate />
      <LastUpdateTime />
    </Product>
    <Product>
      <PriceUpdateDate>2018/04/24 09:12</PriceUpdateDate>
      <ItemCode>7290003121090</ItemCode>
      <ItemType>1</ItemType>
      <ItemName>ארוחת נודלס בטעם ירקות מג`יק (85 גרם)</ItemName>
      <ManufactureName>נטו מלינדה סחר בעמ</ManufactureName>
      <ManufactureCountry />
      <ManufactureItemDescription />
      <UnitQty>יח`</UnitQty>
      <Quantity>0.85</Quantity>
      <UnitMeasure>100 גרם</UnitMeasure>
      <BisWeighted>0</BisWeighted>
      <QtyInPackage>1</QtyInPackage>
      <ItemPrice>2.90</ItemPrice>
      <UnitOfMeasurePrice>3.41</UnitOfMeasurePrice>
      <AllowDiscount>1</AllowDiscount>
      <itemStatus>1</itemStatus>
      <LastUpdateDate />
      <LastUpdateTime />
    </Product>
    <Product>
      <PriceUpdateDate>2018/04/24 09:12</PriceUpdateDate>
      <ItemCode>7290003121106</ItemCode>
      <ItemType>1</ItemType>
      <ItemName>ארוחת נודלס בטעם עוף מג`יק (85 גרם)</ItemName>
      <ManufactureName>נטו מלינדה סחר בעמ</ManufactureName>
      <ManufactureCountry />
      <ManufactureItemDescription />
      <UnitQty>יח`</UnitQty>
      <Quantity>0.85</Quantity>
      <UnitMeasure>100 גרם</UnitMeasure>
      <BisWeighted>0</BisWeighted>
      <QtyInPackage>1</QtyInPackage>
      <ItemPrice>2.90</ItemPrice>
      <UnitOfMeasurePrice>3.41</UnitOfMeasurePrice>
      <AllowDiscount>1</AllowDiscount>
      <itemStatus>1</itemStatus>
      <LastUpdateDate />
      <LastUpdateTime />
    </Product>
    <Product>
      <PriceUpdateDate>2019/01/07 10:57</PriceUpdateDate>
      <ItemCode>7290003126712</ItemCode>
      <ItemType>1</ItemType>
      <ItemName>יוגורט עיזים 3.9% משק צוריאל (150 גרם)</ItemName>
      <ManufactureName>החב` המרכזית - טרה</ManufactureName>
      <ManufactureCountry />
      <ManufactureItemDescription />
      <UnitQty>יח`</UnitQty>
      <Quantity>1.40</Quantity>
      <UnitMeasure>100 מ"ל</UnitMeasure>
      <BisWeighted>0</BisWeighted>
      <QtyInPackage>1</QtyInPackage>
      <ItemPrice>6.30</ItemPrice>
      <UnitOfMeasurePrice>4.50</UnitOfMeasurePrice>
      <AllowDiscount>1</AllowDiscount>
      <itemStatus>1</itemStatus>
      <LastUpdateDate />
      <LastUpdateTime />
    </Product>
    <Product>
      <PriceUpdateDate>2018/04/24 10:24</PriceUpdateDate>
      <ItemCode>7290003126958</ItemCode>
      <ItemType>1</ItemType>
      <ItemName>טופו משק צוריאל (300 גרם)</ItemName>
      <ManufactureName>החב` המרכזית - טרה</ManufactureName>
      <ManufactureCountry />
      <ManufactureItemDescription />
      <UnitQty>יח`</UnitQty>
      <Quantity>3</Quantity>
      <UnitMeasure>100 גרם</UnitMeasure>
      <BisWeighted>0</BisWeighted>
      <QtyInPackage>1</QtyInPackage>
      <ItemPrice>12.40</ItemPrice>
      <UnitOfMeasurePrice>4.13</UnitOfMeasurePrice>
      <AllowDiscount>0</AllowDiscount>
      <itemStatus>1</itemStatus>
      <LastUpdateDate />
      <LastUpdateTime />
    </Product>
    <Product>
      <PriceUpdateDate>2018/07/05 11:29</PriceUpdateDate>
      <ItemCode>7290003130184</ItemCode>
      <ItemType>1</ItemType>
      <ItemName>מלח למדיח כלים פיניש (2x2 קג)</ItemName>
      <ManufactureName>רקיט בנקיזר (ניר איסט) בעמ</ManufactureName>
      <ManufactureCountry />
      <ManufactureItemDescription />
      <UnitQty>יח`</UnitQty>
      <Quantity>4</Quantity>
      <UnitMeasure>ק"ג</UnitMeasure>
      <BisWeighted>0</BisWeighted>
      <QtyInPackage>1</QtyInPackage>
      <ItemPrice>25.90</ItemPrice>
      <UnitOfMeasurePrice>6.48</UnitOfMeasurePrice>
      <AllowDiscount>1</AllowDiscount>
      <itemStatus>1</itemStatus>
      <LastUpdateDate />
      <LastUpdateTime />
    </Product>
    <Product>
      <PriceUpdateDate>2018/04/24 11:39</PriceUpdateDate>
      <ItemCode>7290003141159</ItemCode>
      <ItemType>1</ItemType>
      <ItemName>חטיפי מרשמלו יוגטה (180 גרם)</ItemName>
      <ManufactureName>ליימן שליסל בעמ</ManufactureName>
      <ManufactureCountry />
      <ManufactureItemDescription />
      <UnitQty>יח`</UnitQty>
      <Quantity>1</Quantity>
      <UnitMeasure />
      <BisWeighted>0</BisWeighted>
      <QtyInPackage>1</QtyInPackage>
      <ItemPrice>8.90</ItemPrice>
      <UnitOfMeasurePrice>8.90</UnitOfMeasurePrice>
      <AllowDiscount>1</AllowDiscount>
      <itemStatus>1</itemStatus>
      <LastUpdateDate />
      <LastUpdateTime />
    </Product>
    <Product>
      <PriceUpdateDate>2018/04/24 11:18</PriceUpdateDate>
      <ItemCode>7290003142422</ItemCode>
      <ItemType>1</ItemType>
      <ItemName>גרעיני חמניה ללא מלח קליית גת (180 גרם)</ItemName>
      <ManufactureName>ליימן שליסל בעמ</ManufactureName>
      <ManufactureCountry />
      <ManufactureItemDescription />
      <UnitQty>יח`</UnitQty>
      <Quantity>1.80</Quantity>
      <UnitMeasure>100 גרם</UnitMeasure>
      <BisWeighted>0</BisWeighted>
      <QtyInPackage>1</QtyInPackage>
      <ItemPrice>6.90</ItemPrice>
      <UnitOfMeasurePrice>3.83</UnitOfMeasurePrice>
      <AllowDiscount>1</AllowDiscount>
      <itemStatus>1</itemStatus>
      <LastUpdateDate />
      <LastUpdateTime />
    </Product>
    <Product>
      <PriceUpdateDate>2018/04/24 11:18</PriceUpdateDate>
      <ItemCode>7290003143139</ItemCode>
      <ItemType>1</ItemType>
      <ItemName>סילאן קליית גת (900 גרם)</ItemName>
      <ManufactureName>ליימן שליסל בעמ</ManufactureName>
      <ManufactureCountry />
      <ManufactureItemDescription />
      <UnitQty>יח`</UnitQty>
      <Quantity>9</Quantity>
      <UnitMeasure>100 גרם</UnitMeasure>
      <BisWeighted>0</BisWeighted>
      <QtyInPackage>1</QtyInPackage>
      <ItemPrice>14.90</ItemPrice>
      <UnitOfMeasurePrice>1.66</UnitOfMeasurePrice>
      <AllowDiscount>0</AllowDiscount>
      <itemStatus>1</itemStatus>
      <LastUpdateDate />
      <LastUpdateTime />
    </Product>
    <Product>
      <PriceUpdateDate>2019/01/07 10:57</PriceUpdateDate>
      <ItemCode>7290003143146</ItemCode>
      <ItemType>1</ItemType>
      <ItemName>ממרח תמרים קליית גת (450 גרם)</ItemName>
      <ManufactureName>ליימן שליסל בעמ</ManufactureName>
      <ManufactureCountry />
      <ManufactureItemDescription />
      <UnitQty>יח`</UnitQty>
      <Quantity>4.50</Quantity>
      <UnitMeasure>100 גרם</UnitMeasure>
      <BisWeighted>0</BisWeighted>
      <QtyInPackage>1</QtyInPackage>
      <ItemPrice>6.90</ItemPrice>
      <UnitOfMeasurePrice>1.53</UnitOfMeasurePrice>
      <AllowDiscount>0</AllowDiscount>
      <itemStatus>1</itemStatus>
      <LastUpdateDate />
      <LastUpdateTime />
    </Product>
    <Product>
      <PriceUpdateDate>2018/07/25 12:13</PriceUpdateDate>
      <ItemCode>7290003143276</ItemCode>
      <ItemType>1</ItemType>
      <ItemName>מרשמלו מגולגל יוגטה (180 גרם)</ItemName>
      <ManufactureName>ליימן שליסל בעמ</ManufactureName>
      <ManufactureCountry />
      <ManufactureItemDescription />
      <UnitQty>יח`</UnitQty>
      <Quantity>1</Quantity>
      <UnitMeasure />
      <BisWeighted>0</BisWeighted>
      <QtyInPackage>1</QtyInPackage>
      <ItemPrice>8.90</ItemPrice>
      <UnitOfMeasurePrice>8.90</UnitOfMeasurePrice>
      <AllowDiscount>1</AllowDiscount>
      <itemStatus>1</itemStatus>
      <LastUpdateDate />
      <LastUpdateTime />
    </Product>
    <Product>
      <PriceUpdateDate>2019/01/30 09:36</PriceUpdateDate>
      <ItemCode>7290003144068</ItemCode>
      <ItemType>1</ItemType>
      <ItemName>שוקולד מריר 60% צ`וקטה (100x3 גרם)</ItemName>
      <ManufactureName>ליימן שליסל בעמ</ManufactureName>
      <ManufactureCountry />
      <ManufactureItemDescription />
      <UnitQty>יח`</UnitQty>
      <Quantity>3</Quantity>
      <UnitMeasure>100 גרם</UnitMeasure>
      <BisWeighted>0</BisWeighted>
      <QtyInPackage>1</QtyInPackage>
      <ItemPrice>9.90</ItemPrice>
      <UnitOfMeasurePrice>3.30</UnitOfMeasurePrice>
      <AllowDiscount>0</AllowDiscount>
      <itemStatus>1</itemStatus>
      <LastUpdateDate />
      <LastUpdateTime />
    </Product>
    <Product>
      <PriceUpdateDate>2018/04/24 12:23</PriceUpdateDate>
      <ItemCode>7290003144082</ItemCode>
      <ItemType>1</ItemType>
      <ItemName>עוגות אישיות צ`וקטה (30x10 גרם)</ItemName>
      <ManufactureName>ליימן שליסל בעמ</ManufactureName>
      <ManufactureCountry />
      <ManufactureItemDescription />
      <UnitQty>יח`</UnitQty>
      <Quantity>3</Quantity>
      <UnitMeasure>100 גרם</UnitMeasure>
      <BisWeighted>0</BisWeighted>
      <QtyInPackage>1</QtyInPackage>
      <ItemPrice>13.90</ItemPrice>
      <UnitOfMeasurePrice>4.63</UnitOfMeasurePrice>
      <AllowDiscount>1</AllowDiscount>
      <itemStatus>1</itemStatus>
      <LastUpdateDate />
      <LastUpdateTime />
    </Product>
    <Product>
      <PriceUpdateDate>2018/04/24 12:42</PriceUpdateDate>
      <ItemCode>7290003144105</ItemCode>
      <ItemType>1</ItemType>
      <ItemName>צ`וקטה עוגות אישיות בטעם קרמל-מארז עשירי</ItemName>
      <ManufactureName>ליימן שליסל בעמ</ManufactureName>
      <ManufactureCountry />
      <ManufactureItemDescription />
      <UnitQty>יח`</UnitQty>
      <Quantity>3</Quantity>
      <UnitMeasure>100 גרם</UnitMeasure>
      <BisWeighted>0</BisWeighted>
      <QtyInPackage>1</QtyInPackage>
      <ItemPrice>13.90</ItemPrice>
      <UnitOfMeasurePrice>4.63</UnitOfMeasurePrice>
      <AllowDiscount>1</AllowDiscount>
      <itemStatus>1</itemStatus>
      <LastUpdateDate />
      <LastUpdateTime />
    </Product>
    <Product>
      <PriceUpdateDate>2018/04/24 12:25</PriceUpdateDate>
      <ItemCode>7290003144310</ItemCode>
      <ItemType>1</ItemType>
      <ItemName>תערובת אגוזים וחמוציות150 גר`</ItemName>
      <ManufactureName>ליימן שליסל בעמ</ManufactureName>
      <ManufactureCountry />
      <ManufactureItemDescription />
      <UnitQty>יח`</UnitQty>
      <Quantity>1.50</Quantity>
      <UnitMeasure>100 גרם</UnitMeasure>
      <BisWeighted>0</BisWeighted>
      <QtyInPackage>1</QtyInPackage>
      <ItemPrice>19.90</ItemPrice>
      <UnitOfMeasurePrice>13.27</UnitOfMeasurePrice>
      <AllowDiscount>1</AllowDiscount>
      <itemStatus>1</itemStatus>
      <LastUpdateDate />
      <LastUpdateTime />
    </Product>
    <Product>
      <PriceUpdateDate>2018/07/25 12:13</PriceUpdateDate>
      <ItemCode>7290003144419</ItemCode>
      <ItemType>1</ItemType>
      <ItemName>סילאן טבעי קליית גת (710 גרם)</ItemName>
      <ManufactureName>ליימן שליסל בעמ</ManufactureName>
      <ManufactureCountry />
      <ManufactureItemDescription />
      <UnitQty>יח`</UnitQty>
      <Quantity>7.10</Quantity>
      <UnitMeasure>100 גרם</UnitMeasure>
      <BisWeighted>0</BisWeighted>
      <QtyInPackage>1</QtyInPackage>
      <ItemPrice>24.90</ItemPrice>
      <UnitOfMeasurePrice>3.51</UnitOfMeasurePrice>
      <AllowDiscount>1</AllowDiscount>
      <itemStatus>1</itemStatus>
      <LastUpdateDate />
      <LastUpdateTime />
    </Product>
    <Product>
      <PriceUpdateDate>2018/04/24 12:47</PriceUpdateDate>
      <ItemCode>7290003144686</ItemCode>
      <ItemType>1</ItemType>
      <ItemName>סוכריות טופי ממולאות יוגטה (600 גרם)</ItemName>
      <ManufactureName>ליימן שליסל בעמ</ManufactureName>
      <ManufactureCountry />
      <ManufactureItemDescription />
      <UnitQty>יח`</UnitQty>
      <Quantity>6</Quantity>
      <UnitMeasure>100 גרם</UnitMeasure>
      <BisWeighted>0</BisWeighted>
      <QtyInPackage>1</QtyInPackage>
      <ItemPrice>9.90</ItemPrice>
      <UnitOfMeasurePrice>1.65</UnitOfMeasurePrice>
      <AllowDiscount>0</AllowDiscount>
      <itemStatus>1</itemStatus>
      <LastUpdateDate />
      <LastUpdateTime />
    </Product>
    <Product>
      <PriceUpdateDate>2018/04/24 12:59</PriceUpdateDate>
      <ItemCode>7290003144938</ItemCode>
      <ItemType>1</ItemType>
      <ItemName>עוגת שכבות מלית משמש 400 גרם</ItemName>
      <ManufactureName>ליימן שליסל בעמ</ManufactureName>
      <ManufactureCountry />
      <ManufactureItemDescription />
      <UnitQty>יח`</UnitQty>
      <Quantity>4</Quantity>
      <UnitMeasure>100 גרם</UnitMeasure>
      <BisWeighted>0</BisWeighted>
      <QtyInPackage>1</QtyInPackage>
      <ItemPrice>11.90</ItemPrice>
      <UnitOfMeasurePrice>2.98</UnitOfMeasurePrice>
      <AllowDiscount>1</AllowDiscount>
      <itemStatus>1</itemStatus>
      <LastUpdateDate />
      <LastUpdateTime />
    </Product>
    <Product>
      <PriceUpdateDate>2018/04/24 12:59</PriceUpdateDate>
      <ItemCode>7290003144945</ItemCode>
      <ItemType>1</ItemType>
      <ItemName>צ`וקטה עוגות אישיות בטעם קוקוס 350 גרם</ItemName>
      <ManufactureName>ליימן שליסל בעמ</ManufactureName>
      <ManufactureCountry />
      <ManufactureItemDescription />
      <UnitQty>יח`</UnitQty>
      <Quantity>3.50</Quantity>
      <UnitMeasure>100 גרם</UnitMeasure>
      <BisWeighted>0</BisWeighted>
      <QtyInPackage>1</QtyInPackage>
      <ItemPrice>13.90</ItemPrice>
      <UnitOfMeasurePrice>3.97</UnitOfMeasurePrice>
      <AllowDiscount>1</AllowDiscount>
      <itemStatus>1</itemStatus>
      <LastUpdateDate />
      <LastUpdateTime />
    </Product>
    <Product>
      <PriceUpdateDate>2018/04/24 12:56</PriceUpdateDate>
      <ItemCode>7290003145539</ItemCode>
      <ItemType>1</ItemType>
      <ItemName>צ`וקטה שוקולד מריר מארז שישייה</ItemName>
      <ManufactureName>ליימן שליסל בעמ</ManufactureName>
      <ManufactureCountry />
      <ManufactureItemDescription />
      <UnitQty>יח`</UnitQty>
      <Quantity>6</Quantity>
      <UnitMeasure>100 גרם</UnitMeasure>
      <BisWeighted>0</BisWeighted>
      <QtyInPackage>1</QtyInPackage>
      <ItemPrice>19.90</ItemPrice>
      <UnitOfMeasurePrice>3.32</UnitOfMeasurePrice>
      <AllowDiscount>0</AllowDiscount>
      <itemStatus>1</itemStatus>
      <LastUpdateDate />
      <LastUpdateTime />
    </Product>
    <Product>
      <PriceUpdateDate>2018/04/24 09:21</PriceUpdateDate>
      <ItemCode>7290003145751</ItemCode>
      <ItemType>1</ItemType>
      <ItemName>אגוזי קשיו קלויים קליית גת (200 גרם)</ItemName>
      <ManufactureName>ליימן שליסל בעמ</ManufactureName>
      <ManufactureCountry />
      <ManufactureItemDescription />
      <UnitQty>יח`</UnitQty>
      <Quantity>2</Quantity>
      <UnitMeasure>100 גרם</UnitMeasure>
      <BisWeighted>0</BisWeighted>
      <QtyInPackage>1</QtyInPackage>
      <ItemPrice>22.90</ItemPrice>
      <UnitOfMeasurePrice>11.45</UnitOfMeasurePrice>
      <AllowDiscount>1</AllowDiscount>
      <itemStatus>1</itemStatus>
      <LastUpdateDate />
      <LastUpdateTime />
    </Product>
    <Product>
      <PriceUpdateDate>2018/04/24 12:51</PriceUpdateDate>
      <ItemCode>7290003145959</ItemCode>
      <ItemType>1</ItemType>
      <ItemName>פקאן טבעי 150 גר</ItemName>
      <ManufactureName>ליימן שליסל בעמ</ManufactureName>
      <ManufactureCountry />
      <ManufactureItemDescription />
      <UnitQty>יח`</UnitQty>
      <Quantity>1.50</Quantity>
      <UnitMeasure>100 גרם</UnitMeasure>
      <BisWeighted>0</BisWeighted>
      <QtyInPackage>1</QtyInPackage>
      <ItemPrice>21.90</ItemPrice>
      <UnitOfMeasurePrice>14.60</UnitOfMeasurePrice>
      <AllowDiscount>0</AllowDiscount>
      <itemStatus>1</itemStatus>
      <LastUpdateDate />
      <LastUpdateTime />
    </Product>
    <Product>
      <PriceUpdateDate>2018/04/24 09:33</PriceUpdateDate>
      <ItemCode>7290003153831</ItemCode>
      <ItemType>1</ItemType>
      <ItemName>שוש אפוי חטיף בוטנים עלית (80 גרם)</ItemName>
      <ManufactureName>שטראוס פריטו ליי בעמ</ManufactureName>
      <ManufactureCountry />
      <ManufactureItemDescription />
      <UnitQty>יח`</UnitQty>
      <Quantity>0.80</Quantity>
      <UnitMeasure>100 גרם</UnitMeasure>
      <BisWeighted>0</BisWeighted>
      <QtyInPackage>1</QtyInPackage>
      <ItemPrice>3.50</ItemPrice>
      <UnitOfMeasurePrice>4.38</UnitOfMeasurePrice>
      <AllowDiscount>1</AllowDiscount>
      <itemStatus>1</itemStatus>
      <LastUpdateDate />
      <LastUpdateTime />
    </Product>
    <Product>
      <PriceUpdateDate>2019/01/30 10:28</PriceUpdateDate>
      <ItemCode>7290003185726</ItemCode>
      <ItemType>1</ItemType>
      <ItemName>קבב מזרחי 500 גר` טיבונוויל</ItemName>
      <ManufactureName>נטו מלינדה סחר בעמ</ManufactureName>
      <ManufactureCountry />
      <ManufactureItemDescription />
      <UnitQty>יח`</UnitQty>
      <Quantity>5</Quantity>
      <UnitMeasure>100 גרם</UnitMeasure>
      <BisWeighted>0</BisWeighted>
      <QtyInPackage>1</QtyInPackage>
      <ItemPrice>20.90</ItemPrice>
      <UnitOfMeasurePrice>4.18</UnitOfMeasurePrice>
      <AllowDiscount>1</AllowDiscount>
      <itemStatus>1</itemStatus>
      <LastUpdateDate />
      <LastUpdateTime />
    </Product>
    <Product>
      <PriceUpdateDate>2019/03/03 16:19</PriceUpdateDate>
      <ItemCode>7290003208609</ItemCode>
      <ItemType>1</ItemType>
      <ItemName>וורמוט מרטיני אדום 750 מל</ItemName>
      <ManufactureName>מ. אקרמן בעמ</ManufactureName>
      <ManufactureCountry />
      <ManufactureItemDescription />
      <UnitQty>יח`</UnitQty>
      <Quantity>7.50</Quantity>
      <UnitMeasure>100 מ"ל</UnitMeasure>
      <BisWeighted>0</BisWeighted>
      <QtyInPackage>1</QtyInPackage>
      <ItemPrice>49.90</ItemPrice>
      <UnitOfMeasurePrice>6.61</UnitOfMeasurePrice>
      <AllowDiscount>1</AllowDiscount>
      <itemStatus>1</itemStatus>
      <LastUpdateDate />
      <LastUpdateTime />
    </Product>
    <Product>
      <PriceUpdateDate>2019/01/23 08:24</PriceUpdateDate>
      <ItemCode>7290003220397</ItemCode>
      <ItemType>1</ItemType>
      <ItemName>עוגיות סנדוויץ וניל 150 גר` מעדני המלך</ItemName>
      <ManufactureName>רזיט שיווק בעמ</ManufactureName>
      <ManufactureCountry />
      <ManufactureItemDescription />
      <UnitQty>יח`</UnitQty>
      <Quantity>1.50</Quantity>
      <UnitMeasure>100 גרם</UnitMeasure>
      <BisWeighted>0</BisWeighted>
      <QtyInPackage>1</QtyInPackage>
      <ItemPrice>3.90</ItemPrice>
      <UnitOfMeasurePrice>2.60</UnitOfMeasurePrice>
      <AllowDiscount>1</AllowDiscount>
      <itemStatus>1</itemStatus>
      <LastUpdateDate />
      <LastUpdateTime />
    </Product>
    <Product>
      <PriceUpdateDate>2018/06/05 11:34</PriceUpdateDate>
      <ItemCode>7290003222551</ItemCode>
      <ItemType>1</ItemType>
      <ItemName>פיתות עשירייה מכבים .</ItemName>
      <ManufactureName>פיתות מכבים י.מ. בעמ</ManufactureName>
      <ManufactureCountry />
      <ManufactureItemDescription />
      <UnitQty>יח`</UnitQty>
      <Quantity>1</Quantity>
      <UnitMeasure>ק"ג</UnitMeasure>
      <BisWeighted>0</BisWeighted>
      <QtyInPackage>1</QtyInPackage>
      <ItemPrice>5.90</ItemPrice>
      <UnitOfMeasurePrice>5.90</UnitOfMeasurePrice>
      <AllowDiscount>0</AllowDiscount>
      <itemStatus>1</itemStatus>
      <LastUpdateDate />
      <LastUpdateTime />
    </Product>
    <Product>
      <PriceUpdateDate>2019/03/24 20:17</PriceUpdateDate>
      <ItemCode>7290003229109</ItemCode>
      <ItemType>1</ItemType>
      <ItemName>פסטרמה הודו בפפריקה טירת צבי (400 גרם)</ItemName>
      <ManufactureName>תנובה קפואים</ManufactureName>
      <ManufactureCountry />
      <ManufactureItemDescription />
      <UnitQty>יח`</UnitQty>
      <Quantity>4</Quantity>
      <UnitMeasure>100 גרם</UnitMeasure>
      <BisWeighted>0</BisWeighted>
      <QtyInPackage>1</QtyInPackage>
      <ItemPrice>31.90</ItemPrice>
      <UnitOfMeasurePrice>7.98</UnitOfMeasurePrice>
      <AllowDiscount>1</AllowDiscount>
      <itemStatus>1</itemStatus>
      <LastUpdateDate />
      <LastUpdateTime />
    </Product>
    <Product>
      <PriceUpdateDate>2019/03/24 20:17</PriceUpdateDate>
      <ItemCode>7290003229116</ItemCode>
      <ItemType>1</ItemType>
      <ItemName>פסטרמה בדבש 3% שומן טירת צבי (400 גרם)</ItemName>
      <ManufactureName>תנובה קפואים</ManufactureName>
      <ManufactureCountry />
      <ManufactureItemDescription />
      <UnitQty>יח`</UnitQty>
      <Quantity>4</Quantity>
      <UnitMeasure>100 גרם</UnitMeasure>
      <BisWeighted>0</BisWeighted>
      <QtyInPackage>1</QtyInPackage>
      <ItemPrice>31.90</ItemPrice>
      <UnitOfMeasurePrice>7.98</UnitOfMeasurePrice>
      <AllowDiscount>1</AllowDiscount>
      <itemStatus>1</itemStatus>
      <LastUpdateDate />
      <LastUpdateTime />
    </Product>
    <Product>
      <PriceUpdateDate>2018/08/05 11:28</PriceUpdateDate>
      <ItemCode>7290003229123</ItemCode>
      <ItemType>1</ItemType>
      <ItemName>פסטרמה גחלים 400 גר` טירת צבי</ItemName>
      <ManufactureName>תנובה קפואים</ManufactureName>
      <ManufactureCountry />
      <ManufactureItemDescription />
      <UnitQty>יח`</UnitQty>
      <Quantity>4</Quantity>
      <UnitMeasure>100 גרם</UnitMeasure>
      <BisWeighted>0</BisWeighted>
      <QtyInPackage>1</QtyInPackage>
      <ItemPrice>31.90</ItemPrice>
      <UnitOfMeasurePrice>7.98</UnitOfMeasurePrice>
      <AllowDiscount>1</AllowDiscount>
      <itemStatus>1</itemStatus>
      <LastUpdateDate />
      <LastUpdateTime />
    </Product>
    <Product>
      <PriceUpdateDate>2019/03/24 20:17</PriceUpdateDate>
      <ItemCode>7290003229208</ItemCode>
      <ItemType>1</ItemType>
      <ItemName>פסטרמה ספרדית 360 גר` 2% טירת צבי</ItemName>
      <ManufactureName>תנובה קפואים</ManufactureName>
      <ManufactureCountry />
      <ManufactureItemDescription />
      <UnitQty>יח`</UnitQty>
      <Quantity>3.60</Quantity>
      <UnitMeasure>100 גרם</UnitMeasure>
      <BisWeighted>0</BisWeighted>
      <QtyInPackage>1</QtyInPackage>
      <ItemPrice>31.90</ItemPrice>
      <UnitOfMeasurePrice>8.86</UnitOfMeasurePrice>
      <AllowDiscount>1</AllowDiscount>
      <itemStatus>1</itemStatus>
      <LastUpdateDate />
      <LastUpdateTime />
    </Product>
    <Product>
      <PriceUpdateDate>2019/03/24 20:17</PriceUpdateDate>
      <ItemCode>7290003229215</ItemCode>
      <ItemType>1</ItemType>
      <ItemName>פסטרמה איטלקית 360 גר` טירת צבי</ItemName>
      <ManufactureName>תנובה קפואים</ManufactureName>
      <ManufactureCountry />
      <ManufactureItemDescription />
      <UnitQty>יח`</UnitQty>
      <Quantity>3.60</Quantity>
      <UnitMeasure>100 גרם</UnitMeasure>
      <BisWeighted>0</BisWeighted>
      <QtyInPackage>1</QtyInPackage>
      <ItemPrice>31.90</ItemPrice>
      <UnitOfMeasurePrice>8.86</UnitOfMeasurePrice>
      <AllowDiscount>1</AllowDiscount>
      <itemStatus>1</itemStatus>
      <LastUpdateDate />
      <LastUpdateTime />
    </Product>
    <Product>
      <PriceUpdateDate>2018/07/08 11:12</PriceUpdateDate>
      <ItemCode>7290003229222</ItemCode>
      <ItemType>1</ItemType>
      <ItemName>סלמי תה משובח 300  גר`טירת צבי</ItemName>
      <ManufactureName>תנובה קפואים</ManufactureName>
      <ManufactureCountry />
      <ManufactureItemDescription />
      <UnitQty>יח`</UnitQty>
      <Quantity>3</Quantity>
      <UnitMeasure>100 גרם</UnitMeasure>
      <BisWeighted>0</BisWeighted>
      <QtyInPackage>1</QtyInPackage>
      <ItemPrice>21.90</ItemPrice>
      <UnitOfMeasurePrice>7.30</UnitOfMeasurePrice>
      <AllowDiscount>0</AllowDiscount>
      <itemStatus>1</itemStatus>
      <LastUpdateDate />
      <LastUpdateTime />
    </Product>
    <Product>
      <PriceUpdateDate>2018/04/24 12:19</PriceUpdateDate>
      <ItemCode>7290003268252</ItemCode>
      <ItemType>1</ItemType>
      <ItemName>לחם חיטה מלא לילדים דגנית</ItemName>
      <ManufactureName>דגנית עין בר תעשיות מזון ואפיה</ManufactureName>
      <ManufactureCountry />
      <ManufactureItemDescription />
      <UnitQty>יח`</UnitQty>
      <Quantity>7.50</Quantity>
      <UnitMeasure>100 גרם</UnitMeasure>
      <BisWeighted>0</BisWeighted>
      <QtyInPackage>1</QtyInPackage>
      <ItemPrice>13.90</ItemPrice>
      <UnitOfMeasurePrice>1.85</UnitOfMeasurePrice>
      <AllowDiscount>1</AllowDiscount>
      <itemStatus>1</itemStatus>
      <LastUpdateDate />
      <LastUpdateTime />
    </Product>
    <Product>
      <PriceUpdateDate>2018/04/24 11:59</PriceUpdateDate>
      <ItemCode>7290003268429</ItemCode>
      <ItemType>1</ItemType>
      <ItemName>לחם ירוק מקמח מלא דגנית עין בר (750 גרם)</ItemName>
      <ManufactureName>דגנית עין בר תעשיות מזון ואפיה</ManufactureName>
      <ManufactureCountry />
      <ManufactureItemDescription />
      <UnitQty>יח`</UnitQty>
      <Quantity>7.50</Quantity>
      <UnitMeasure>100 גרם</UnitMeasure>
      <BisWeighted>0</BisWeighted>
      <QtyInPackage>1</QtyInPackage>
      <ItemPrice>13.90</ItemPrice>
      <UnitOfMeasurePrice>1.85</UnitOfMeasurePrice>
      <AllowDiscount>0</AllowDiscount>
      <itemStatus>1</itemStatus>
      <LastUpdateDate />
      <LastUpdateTime />
    </Product>
    <Product>
      <PriceUpdateDate>2019/01/03 16:05</PriceUpdateDate>
      <ItemCode>7290003268764</ItemCode>
      <ItemType>1</ItemType>
      <ItemName>חלה רגילה 500גר</ItemName>
      <ManufactureName>דגנית עין בר תעשיות מזון ואפיה</ManufactureName>
      <ManufactureCountry />
      <ManufactureItemDescription />
      <UnitQty>יח`</UnitQty>
      <Quantity>5</Quantity>
      <UnitMeasure>100 גרם</UnitMeasure>
      <BisWeighted>0</BisWeighted>
      <QtyInPackage>1</QtyInPackage>
      <ItemPrice>4.30</ItemPrice>
      <UnitOfMeasurePrice>0.86</UnitOfMeasurePrice>
      <AllowDiscount>0</AllowDiscount>
      <itemStatus>1</itemStatus>
      <LastUpdateDate />
      <LastUpdateTime />
    </Product>
    <Product>
      <PriceUpdateDate>2018/07/09 14:50</PriceUpdateDate>
      <ItemCode>7290003287253</ItemCode>
      <ItemType>1</ItemType>
      <ItemName>מרגז ארוז 500 גר קצבייה</ItemName>
      <ManufactureName>בלדי בעמ</ManufactureName>
      <ManufactureCountry />
      <ManufactureItemDescription />
      <UnitQty>יח`</UnitQty>
      <Quantity>5</Quantity>
      <UnitMeasure>100 גרם</UnitMeasure>
      <BisWeighted>0</BisWeighted>
      <QtyInPackage>1</QtyInPackage>
      <ItemPrice>27.90</ItemPrice>
      <UnitOfMeasurePrice>5.58</UnitOfMeasurePrice>
      <AllowDiscount>0</AllowDiscount>
      <itemStatus>1</itemStatus>
      <LastUpdateDate />
      <LastUpdateTime />
    </Product>
    <Product>
      <PriceUpdateDate>2020/02/03 11:55</PriceUpdateDate>
      <ItemCode>7290003287260</ItemCode>
      <ItemType>1</ItemType>
      <ItemName>צ`וריסוס ארוז 600 גר קצביה</ItemName>
      <ManufactureName>בלדי בעמ</ManufactureName>
      <ManufactureCountry />
      <ManufactureItemDescription />
      <UnitQty>יח`</UnitQty>
      <Quantity>6</Quantity>
      <UnitMeasure>100 גרם</UnitMeasure>
      <BisWeighted>0</BisWeighted>
      <QtyInPackage>1</QtyInPackage>
      <ItemPrice>27.90</ItemPrice>
      <UnitOfMeasurePrice>4.65</UnitOfMeasurePrice>
      <AllowDiscount>1</AllowDiscount>
      <itemStatus>1</itemStatus>
      <LastUpdateDate />
      <LastUpdateTime />
    </Product>
    <Product>
      <PriceUpdateDate>2020/02/03 11:55</PriceUpdateDate>
      <ItemCode>7290003287284</ItemCode>
      <ItemType>1</ItemType>
      <ItemName>קבב ביתי ארוז 600 גר קצביה</ItemName>
      <ManufactureName>בלדי בעמ</ManufactureName>
      <ManufactureCountry />
      <ManufactureItemDescription />
      <UnitQty>יח`</UnitQty>
      <Quantity>6</Quantity>
      <UnitMeasure>100 גרם</UnitMeasure>
      <BisWeighted>0</BisWeighted>
      <QtyInPackage>1</QtyInPackage>
      <ItemPrice>27.90</ItemPrice>
      <UnitOfMeasurePrice>4.65</UnitOfMeasurePrice>
      <AllowDiscount>1</AllowDiscount>
      <itemStatus>1</itemStatus>
      <LastUpdateDate />
      <LastUpdateTime />
    </Product>
    <Product>
      <PriceUpdateDate>2020/02/03 11:55</PriceUpdateDate>
      <ItemCode>7290003287307</ItemCode>
      <ItemType>1</ItemType>
      <ItemName>קבב רומני ארוז 600 גר קצביה</ItemName>
      <ManufactureName>בלדי בעמ</ManufactureName>
      <ManufactureCountry />
      <ManufactureItemDescription />
      <UnitQty>יח`</UnitQty>
      <Quantity>6</Quantity>
      <UnitMeasure>100 גרם</UnitMeasure>
      <BisWeighted>0</BisWeighted>
      <QtyInPackage>1</QtyInPackage>
      <ItemPrice>27.90</ItemPrice>
      <UnitOfMeasurePrice>4.65</UnitOfMeasurePrice>
      <AllowDiscount>1</AllowDiscount>
      <itemStatus>1</itemStatus>
      <LastUpdateDate />
      <LastUpdateTime />
    </Product>
    <Product>
      <PriceUpdateDate>2020/02/03 11:55</PriceUpdateDate>
      <ItemCode>7290003287314</ItemCode>
      <ItemType>1</ItemType>
      <ItemName>קבב על מקל קינמון ארוז 520 גר קצביה</ItemName>
      <ManufactureName>בלדי בעמ</ManufactureName>
      <ManufactureCountry />
      <ManufactureItemDescription />
      <UnitQty>יח`</UnitQty>
      <Quantity>5.20</Quantity>
      <UnitMeasure>100 גרם</UnitMeasure>
      <BisWeighted>0</BisWeighted>
      <QtyInPackage>1</QtyInPackage>
      <ItemPrice>27.90</ItemPrice>
      <UnitOfMeasurePrice>5.37</UnitOfMeasurePrice>
      <AllowDiscount>0</AllowDiscount>
      <itemStatus>1</itemStatus>
      <LastUpdateDate />
      <LastUpdateTime />
    </Product>
    <Product>
      <PriceUpdateDate>2018/04/24 10:28</PriceUpdateDate>
      <ItemCode>7290003321155</ItemCode>
      <ItemType>1</ItemType>
      <ItemName>דנונה פרי בר פקאן</ItemName>
      <ManufactureName>שטראוס גרופ בעמ/מצונן</ManufactureName>
      <ManufactureCountry />
      <ManufactureItemDescription />
      <UnitQty>יח`</UnitQty>
      <Quantity>1.75</Quantity>
      <UnitMeasure>100 מ"ל</UnitMeasure>
      <BisWeighted>0</BisWeighted>
      <QtyInPackage>1</QtyInPackage>
      <ItemPrice>4.40</ItemPrice>
      <UnitOfMeasurePrice>2.51</UnitOfMeasurePrice>
      <AllowDiscount>0</AllowDiscount>
      <itemStatus>1</itemStatus>
      <LastUpdateDate />
      <LastUpdateTime />
    </Product>
    <Product>
      <PriceUpdateDate>2018/04/24 13:03</PriceUpdateDate>
      <ItemCode>7290003332007</ItemCode>
      <ItemType>1</ItemType>
      <ItemName>קפה שחור עם הל נח`לה אדום (250 גרם)</ItemName>
      <ManufactureName>סובחי נחלה ובניו בעמ</ManufactureName>
      <ManufactureCountry />
      <ManufactureItemDescription />
      <UnitQty>יח`</UnitQty>
      <Quantity>2.50</Quantity>
      <UnitMeasure>100 גרם</UnitMeasure>
      <BisWeighted>0</BisWeighted>
      <QtyInPackage>1</QtyInPackage>
      <ItemPrice>13.90</ItemPrice>
      <UnitOfMeasurePrice>5.56</UnitOfMeasurePrice>
      <AllowDiscount>0</AllowDiscount>
      <itemStatus>1</itemStatus>
      <LastUpdateDate />
      <LastUpdateTime />
    </Product>
    <Product>
      <PriceUpdateDate>2018/04/24 13:03</PriceUpdateDate>
      <ItemCode>7290003332045</ItemCode>
      <ItemType>1</ItemType>
      <ItemName>קפה שחור בלי הל נח`לה אדום (250 גרם)</ItemName>
      <ManufactureName>סובחי נחלה ובניו בעמ</ManufactureName>
      <ManufactureCountry />
      <ManufactureItemDescription />
      <UnitQty>יח`</UnitQty>
      <Quantity>2.50</Quantity>
      <UnitMeasure>100 גרם</UnitMeasure>
      <BisWeighted>0</BisWeighted>
      <QtyInPackage>1</QtyInPackage>
      <ItemPrice>13.90</ItemPrice>
      <UnitOfMeasurePrice>5.56</UnitOfMeasurePrice>
      <AllowDiscount>0</AllowDiscount>
      <itemStatus>1</itemStatus>
      <LastUpdateDate />
      <LastUpdateTime />
    </Product>
    <Product>
      <PriceUpdateDate>2019/07/07 09:24</PriceUpdateDate>
      <ItemCode>7290003387205</ItemCode>
      <ItemType>1</ItemType>
      <ItemName>דאודורנט סטיק לגבר ספיד סטיק (56 גרם)</ItemName>
      <ManufactureName>ש.שסטוביץ בעמ</ManufactureName>
      <ManufactureCountry />
      <ManufactureItemDescription />
      <UnitQty>יח`</UnitQty>
      <Quantity>0.6370</Quantity>
      <UnitMeasure>100 גרם</UnitMeasure>
      <BisWeighted>0</BisWeighted>
      <QtyInPackage>1</QtyInPackage>
      <ItemPrice>16.90</ItemPrice>
      <UnitOfMeasurePrice>26.53</UnitOfMeasurePrice>
      <AllowDiscount>0</AllowDiscount>
      <itemStatus>1</itemStatus>
      <LastUpdateDate />
      <LastUpdateTime />
    </Product>
    <Product>
      <PriceUpdateDate>2018/07/25 13:24</PriceUpdateDate>
      <ItemCode>7290003387410</ItemCode>
      <ItemType>1</ItemType>
      <ItemName>פדים להסרת איפור בלונס) (80x3</ItemName>
      <ManufactureName>ש.שסטוביץ בעמ</ManufactureName>
      <ManufactureCountry />
      <ManufactureItemDescription />
      <UnitQty>יח`</UnitQty>
      <Quantity>1</Quantity>
      <UnitMeasure>יח`</UnitMeasure>
      <BisWeighted>0</BisWeighted>
      <QtyInPackage>1</QtyInPackage>
      <ItemPrice>19.90</ItemPrice>
      <UnitOfMeasurePrice>19.90</UnitOfMeasurePrice>
      <AllowDiscount>0</AllowDiscount>
      <itemStatus>1</itemStatus>
      <LastUpdateDate />
      <LastUpdateTime />
    </Product>
    <Product>
      <PriceUpdateDate>2018/04/24 10:02</PriceUpdateDate>
      <ItemCode>7290003401369</ItemCode>
      <ItemType>1</ItemType>
      <ItemName>נטורל פורמולה קרם לחות קלאסי</ItemName>
      <ManufactureName>החברה הדרומית לשיווק בעמ</ManufactureName>
      <ManufactureCountry />
      <ManufactureItemDescription />
      <UnitQty>יח`</UnitQty>
      <Quantity>4</Quantity>
      <UnitMeasure>100 מ"ל</UnitMeasure>
      <BisWeighted>0</BisWeighted>
      <QtyInPackage>1</QtyInPackage>
      <ItemPrice>21.90</ItemPrice>
      <UnitOfMeasurePrice>5.48</UnitOfMeasurePrice>
      <AllowDiscount>1</AllowDiscount>
      <itemStatus>1</itemStatus>
      <LastUpdateDate />
      <LastUpdateTime />
    </Product>
    <Product>
      <PriceUpdateDate>2018/04/24 10:02</PriceUpdateDate>
      <ItemCode>7290003401376</ItemCode>
      <ItemType>1</ItemType>
      <ItemName>נטורל פורמולה קרם לחות</ItemName>
      <ManufactureName>החברה הדרומית לשיווק בעמ</ManufactureName>
      <ManufactureCountry />
      <ManufactureItemDescription />
      <UnitQty>יח`</UnitQty>
      <Quantity>4</Quantity>
      <UnitMeasure>100 מ"ל</UnitMeasure>
      <BisWeighted>0</BisWeighted>
      <QtyInPackage>1</QtyInPackage>
      <ItemPrice>21.90</ItemPrice>
      <UnitOfMeasurePrice>5.48</UnitOfMeasurePrice>
      <AllowDiscount>1</AllowDiscount>
      <itemStatus>1</itemStatus>
      <LastUpdateDate />
      <LastUpdateTime />
    </Product>
    <Product>
      <PriceUpdateDate>2018/04/24 10:02</PriceUpdateDate>
      <ItemCode>7290003401420</ItemCode>
      <ItemType>1</ItemType>
      <ItemName>נטורל פורמולה קרם לחות</ItemName>
      <ManufactureName>החברה הדרומית לשיווק בעמ</ManufactureName>
      <ManufactureCountry />
      <ManufactureItemDescription />
      <UnitQty>יח`</UnitQty>
      <Quantity>4</Quantity>
      <UnitMeasure>100 מ"ל</UnitMeasure>
      <BisWeighted>0</BisWeighted>
      <QtyInPackage>1</QtyInPackage>
      <ItemPrice>21.90</ItemPrice>
      <UnitOfMeasurePrice>5.48</UnitOfMeasurePrice>
      <AllowDiscount>1</AllowDiscount>
      <itemStatus>1</itemStatus>
      <LastUpdateDate />
      <LastUpdateTime />
    </Product>
    <Product>
      <PriceUpdateDate>2018/04/24 10:02</PriceUpdateDate>
      <ItemCode>7290003401635</ItemCode>
      <ItemType>1</ItemType>
      <ItemName>נטורל קרם לחות 400 מל</ItemName>
      <ManufactureName>החברה הדרומית לשיווק בעמ</ManufactureName>
      <ManufactureCountry />
      <ManufactureItemDescription />
      <UnitQty>יח`</UnitQty>
      <Quantity>4</Quantity>
      <UnitMeasure>100 מ"ל</UnitMeasure>
      <BisWeighted>0</BisWeighted>
      <QtyInPackage>1</QtyInPackage>
      <ItemPrice>21.90</ItemPrice>
      <UnitOfMeasurePrice>5.48</UnitOfMeasurePrice>
      <AllowDiscount>1</AllowDiscount>
      <itemStatus>1</itemStatus>
      <LastUpdateDate />
      <LastUpdateTime />
    </Product>
    <Product>
      <PriceUpdateDate>2018/04/24 09:32</PriceUpdateDate>
      <ItemCode>7290003411054</ItemCode>
      <ItemType>1</ItemType>
      <ItemName>דליקטס גדול 5 יח הנמל</ItemName>
      <ManufactureName>הנמל אריזות ושיווק (1984) בעמ</ManufactureName>
      <ManufactureCountry />
      <ManufactureItemDescription />
      <UnitQty>יח`</UnitQty>
      <Quantity>1</Quantity>
      <UnitMeasure>100 גרם</UnitMeasure>
      <BisWeighted>0</BisWeighted>
      <QtyInPackage>1</QtyInPackage>
      <ItemPrice>3.90</ItemPrice>
      <UnitOfMeasurePrice>3.90</UnitOfMeasurePrice>
      <AllowDiscount>1</AllowDiscount>
      <itemStatus>1</itemStatus>
      <LastUpdateDate />
      <LastUpdateTime />
    </Product>
    <Product>
      <PriceUpdateDate>2019/02/21 14:42</PriceUpdateDate>
      <ItemCode>7290003411566</ItemCode>
      <ItemType>1</ItemType>
      <ItemName>צמרוני עץ 200  יח`הנמל</ItemName>
      <ManufactureName>הנמל אריזות ושיווק (1984) בעמ</ManufactureName>
      <ManufactureCountry />
      <ManufactureItemDescription />
      <UnitQty>יח`</UnitQty>
      <Quantity>1</Quantity>
      <UnitMeasure />
      <BisWeighted>0</BisWeighted>
      <QtyInPackage>1</QtyInPackage>
      <ItemPrice>2.90</ItemPrice>
      <UnitOfMeasurePrice>2.90</UnitOfMeasurePrice>
      <AllowDiscount>0</AllowDiscount>
      <itemStatus>1</itemStatus>
      <LastUpdateDate />
      <LastUpdateTime />
    </Product>
    <Product>
      <PriceUpdateDate>2019/03/05 15:51</PriceUpdateDate>
      <ItemCode>7290003411696</ItemCode>
      <ItemType>1</ItemType>
      <ItemName>מרקיות לבן 25 יחידות</ItemName>
      <ManufactureName>הנמל אריזות ושיווק (1984) בעמ</ManufactureName>
      <ManufactureCountry />
      <ManufactureItemDescription />
      <UnitQty>יח`</UnitQty>
      <Quantity>25</Quantity>
      <UnitMeasure>יח`</UnitMeasure>
      <BisWeighted>0</BisWeighted>
      <QtyInPackage>1</QtyInPackage>
      <ItemPrice>3.90</ItemPrice>
      <UnitOfMeasurePrice>0.16</UnitOfMeasurePrice>
      <AllowDiscount>1</AllowDiscount>
      <itemStatus>1</itemStatus>
      <LastUpdateDate />
      <LastUpdateTime />
    </Product>
    <Product>
      <PriceUpdateDate>2019/01/07 10:57</PriceUpdateDate>
      <ItemCode>7290003411726</ItemCode>
      <ItemType>1</ItemType>
      <ItemName>קיסמים הנמל) (300</ItemName>
      <ManufactureName>הנמל אריזות ושיווק (1984) בעמ</ManufactureName>
      <ManufactureCountry />
      <ManufactureItemDescription />
      <UnitQty>יח`</UnitQty>
      <Quantity>1</Quantity>
      <UnitMeasure />
      <BisWeighted>0</BisWeighted>
      <QtyInPackage>1</QtyInPackage>
      <ItemPrice>4.90</ItemPrice>
      <UnitOfMeasurePrice>4.90</UnitOfMeasurePrice>
      <AllowDiscount>0</AllowDiscount>
      <itemStatus>1</itemStatus>
      <LastUpdateDate />
      <LastUpdateTime />
    </Product>
    <Product>
      <PriceUpdateDate>2018/04/24 09:34</PriceUpdateDate>
      <ItemCode>7290003411832</ItemCode>
      <ItemType>1</ItemType>
      <ItemName>גרנולה אגוזים הנמל (400 גרם)</ItemName>
      <ManufactureName>הנמל אריזות ושיווק (1984) בעמ</ManufactureName>
      <ManufactureCountry />
      <ManufactureItemDescription />
      <UnitQty>יח`</UnitQty>
      <Quantity>4</Quantity>
      <UnitMeasure>100 גרם</UnitMeasure>
      <BisWeighted>0</BisWeighted>
      <QtyInPackage>1</QtyInPackage>
      <ItemPrice>10</ItemPrice>
      <UnitOfMeasurePrice>2.50</UnitOfMeasurePrice>
      <AllowDiscount>1</AllowDiscount>
      <itemStatus>1</itemStatus>
      <LastUpdateDate />
      <LastUpdateTime />
    </Product>
    <Product>
      <PriceUpdateDate>2018/04/24 09:34</PriceUpdateDate>
      <ItemCode>7290003411849</ItemCode>
      <ItemType>1</ItemType>
      <ItemName>גרנולה תמרים 400 גר הנמל</ItemName>
      <ManufactureName>הנמל אריזות ושיווק (1984) בעמ</ManufactureName>
      <ManufactureCountry />
      <ManufactureItemDescription />
      <UnitQty>יח`</UnitQty>
      <Quantity>4</Quantity>
      <UnitMeasure>100 גרם</UnitMeasure>
      <BisWeighted>0</BisWeighted>
      <QtyInPackage>1</QtyInPackage>
      <ItemPrice>10</ItemPrice>
      <UnitOfMeasurePrice>2.50</UnitOfMeasurePrice>
      <AllowDiscount>1</AllowDiscount>
      <itemStatus>1</itemStatus>
      <LastUpdateDate />
      <LastUpdateTime />
    </Product>
    <Product>
      <PriceUpdateDate>2018/04/24 09:34</PriceUpdateDate>
      <ItemCode>7290003411993</ItemCode>
      <ItemType>1</ItemType>
      <ItemName>גפרורים</ItemName>
      <ManufactureName>הנמל אריזות ושיווק (1984) בעמ</ManufactureName>
      <ManufactureCountry />
      <ManufactureItemDescription />
      <UnitQty>יח`</UnitQty>
      <Quantity>1</Quantity>
      <UnitMeasure />
      <BisWeighted>0</BisWeighted>
      <QtyInPackage>1</QtyInPackage>
      <ItemPrice>2.90</ItemPrice>
      <UnitOfMeasurePrice>2.90</UnitOfMeasurePrice>
      <AllowDiscount>0</AllowDiscount>
      <itemStatus>1</itemStatus>
      <LastUpdateDate />
      <LastUpdateTime />
    </Product>
    <Product>
      <PriceUpdateDate>2019/02/24 08:52</PriceUpdateDate>
      <ItemCode>7290003427154</ItemCode>
      <ItemType>1</ItemType>
      <ItemName>שמן זית כתית מעולה 750 מל זיתא</ItemName>
      <ManufactureName>תה ויסוצקי (ישראל) בעמ</ManufactureName>
      <ManufactureCountry />
      <ManufactureItemDescription />
      <UnitQty>יח`</UnitQty>
      <Quantity>7.50</Quantity>
      <UnitMeasure>100 מ"ל</UnitMeasure>
      <BisWeighted>0</BisWeighted>
      <QtyInPackage>1</QtyInPackage>
      <ItemPrice>32.90</ItemPrice>
      <UnitOfMeasurePrice>4.39</UnitOfMeasurePrice>
      <AllowDiscount>0</AllowDiscount>
      <itemStatus>1</itemStatus>
      <LastUpdateDate />
      <LastUpdateTime />
    </Product>
    <Product>
      <PriceUpdateDate>2018/04/24 09:28</PriceUpdateDate>
      <ItemCode>7290003438006</ItemCode>
      <ItemType>1</ItemType>
      <ItemName>ממרח פסטו איטלקי 180 גר` אוליביה</ItemName>
      <ManufactureName>גורי מוצרי צריכה (1991) בעמ</ManufactureName>
      <ManufactureCountry />
      <ManufactureItemDescription />
      <UnitQty>יח`</UnitQty>
      <Quantity>1.90</Quantity>
      <UnitMeasure>100 גרם</UnitMeasure>
      <BisWeighted>0</BisWeighted>
      <QtyInPackage>1</QtyInPackage>
      <ItemPrice>14.90</ItemPrice>
      <UnitOfMeasurePrice>7.84</UnitOfMeasurePrice>
      <AllowDiscount>0</AllowDiscount>
      <itemStatus>1</itemStatus>
      <LastUpdateDate />
      <LastUpdateTime />
    </Product>
    <Product>
      <PriceUpdateDate>2018/04/24 09:28</PriceUpdateDate>
      <ItemCode>7290003438013</ItemCode>
      <ItemType>1</ItemType>
      <ItemName>ממרח זיתים ירוקים אוליביה (190 גרם)</ItemName>
      <ManufactureName>גורי מוצרי צריכה (1991) בעמ</ManufactureName>
      <ManufactureCountry />
      <ManufactureItemDescription />
      <UnitQty>יח`</UnitQty>
      <Quantity>1.90</Quantity>
      <UnitMeasure>100 גרם</UnitMeasure>
      <BisWeighted>0</BisWeighted>
      <QtyInPackage>1</QtyInPackage>
      <ItemPrice>13.90</ItemPrice>
      <UnitOfMeasurePrice>7.32</UnitOfMeasurePrice>
      <AllowDiscount>0</AllowDiscount>
      <itemStatus>1</itemStatus>
      <LastUpdateDate />
      <LastUpdateTime />
    </Product>
    <Product>
      <PriceUpdateDate>2018/04/24 09:28</PriceUpdateDate>
      <ItemCode>7290003438020</ItemCode>
      <ItemType>1</ItemType>
      <ItemName>ממרח עגבניות מיובשות אוליביה (190 גרם)</ItemName>
      <ManufactureName>גורי מוצרי צריכה (1991) בעמ</ManufactureName>
      <ManufactureCountry />
      <ManufactureItemDescription />
      <UnitQty>יח`</UnitQty>
      <Quantity>1.90</Quantity>
      <UnitMeasure>100 גרם</UnitMeasure>
      <BisWeighted>0</BisWeighted>
      <QtyInPackage>1</QtyInPackage>
      <ItemPrice>13.90</ItemPrice>
      <UnitOfMeasurePrice>7.32</UnitOfMeasurePrice>
      <AllowDiscount>0</AllowDiscount>
      <itemStatus>1</itemStatus>
      <LastUpdateDate />
      <LastUpdateTime />
    </Product>
    <Product>
      <PriceUpdateDate>2018/04/24 12:23</PriceUpdateDate>
      <ItemCode>7290003438853</ItemCode>
      <ItemType>1</ItemType>
      <ItemName>אריסה חריפה אוליביה (185 גרם)</ItemName>
      <ManufactureName>גורי מוצרי צריכה (1991) בעמ</ManufactureName>
      <ManufactureCountry />
      <ManufactureItemDescription />
      <UnitQty>יח`</UnitQty>
      <Quantity>1.80</Quantity>
      <UnitMeasure>100 גרם</UnitMeasure>
      <BisWeighted>0</BisWeighted>
      <QtyInPackage>1</QtyInPackage>
      <ItemPrice>14.90</ItemPrice>
      <UnitOfMeasurePrice>8.28</UnitOfMeasurePrice>
      <AllowDiscount>0</AllowDiscount>
      <itemStatus>1</itemStatus>
      <LastUpdateDate />
      <LastUpdateTime />
    </Product>
    <Product>
      <PriceUpdateDate>2019/01/07 10:57</PriceUpdateDate>
      <ItemCode>7290003450602</ItemCode>
      <ItemType>1</ItemType>
      <ItemName>חרדל היינץ (255 גרם)</ItemName>
      <ManufactureName>דיפלומט היינץ</ManufactureName>
      <ManufactureCountry />
      <ManufactureItemDescription />
      <UnitQty>יח`</UnitQty>
      <Quantity>2.55</Quantity>
      <UnitMeasure>100 גרם</UnitMeasure>
      <BisWeighted>0</BisWeighted>
      <QtyInPackage>1</QtyInPackage>
      <ItemPrice>11.90</ItemPrice>
      <UnitOfMeasurePrice>4.67</UnitOfMeasurePrice>
      <AllowDiscount>0</AllowDiscount>
      <itemStatus>1</itemStatus>
      <LastUpdateDate />
      <LastUpdateTime />
    </Product>
    <Product>
      <PriceUpdateDate>2018/04/24 09:45</PriceUpdateDate>
      <ItemCode>7290003457991</ItemCode>
      <ItemType>1</ItemType>
      <ItemName>מאגדת-קורנטו קלאסיק</ItemName>
      <ManufactureName>גלידות שטראוס בעמ</ManufactureName>
      <ManufactureCountry />
      <ManufactureItemDescription />
      <UnitQty>יח`</UnitQty>
      <Quantity>3</Quantity>
      <UnitMeasure>100 גרם</UnitMeasure>
      <BisWeighted>0</BisWeighted>
      <QtyInPackage>1</QtyInPackage>
      <ItemPrice>32.90</ItemPrice>
      <UnitOfMeasurePrice>10.97</UnitOfMeasurePrice>
      <AllowDiscount>1</AllowDiscount>
      <itemStatus>1</itemStatus>
      <LastUpdateDate />
      <LastUpdateTime />
    </Product>
    <Product>
      <PriceUpdateDate>2018/04/24 09:25</PriceUpdateDate>
      <ItemCode>7290003514007</ItemCode>
      <ItemType>1</ItemType>
      <ItemName>שקדי מרק מנה (400 גרם)</ItemName>
      <ManufactureName>ש.שסטוביץ בעמ</ManufactureName>
      <ManufactureCountry />
      <ManufactureItemDescription />
      <UnitQty>יח`</UnitQty>
      <Quantity>4</Quantity>
      <UnitMeasure>100 גרם</UnitMeasure>
      <BisWeighted>0</BisWeighted>
      <QtyInPackage>1</QtyInPackage>
      <ItemPrice>9.90</ItemPrice>
      <UnitOfMeasurePrice>2.48</UnitOfMeasurePrice>
      <AllowDiscount>0</AllowDiscount>
      <itemStatus>1</itemStatus>
      <LastUpdateDate />
      <LastUpdateTime />
    </Product>
    <Product>
      <PriceUpdateDate>2018/07/25 13:24</PriceUpdateDate>
      <ItemCode>7290003514571</ItemCode>
      <ItemType>1</ItemType>
      <ItemName>פריכונים אורז עם מלח מנה (100 גרם)</ItemName>
      <ManufactureName>ש.שסטוביץ בעמ</ManufactureName>
      <ManufactureCountry />
      <ManufactureItemDescription />
      <UnitQty>יח`</UnitQty>
      <Quantity>1</Quantity>
      <UnitMeasure>100 גרם</UnitMeasure>
      <BisWeighted>0</BisWeighted>
      <QtyInPackage>1</QtyInPackage>
      <ItemPrice>4.90</ItemPrice>
      <UnitOfMeasurePrice>4.90</UnitOfMeasurePrice>
      <AllowDiscount>0</AllowDiscount>
      <itemStatus>1</itemStatus>
      <LastUpdateDate />
      <LastUpdateTime />
    </Product>
    <Product>
      <PriceUpdateDate>2018/07/05 11:28</PriceUpdateDate>
      <ItemCode>7290003521197</ItemCode>
      <ItemType>1</ItemType>
      <ItemName>סרקל מתיר קשרים 340 מל</ItemName>
      <ManufactureName>פישר תעשיות פרמצבטיות בעמ</ManufactureName>
      <ManufactureCountry />
      <ManufactureItemDescription />
      <UnitQty>יח`</UnitQty>
      <Quantity>3.40</Quantity>
      <UnitMeasure>100 מ"ל</UnitMeasure>
      <BisWeighted>0</BisWeighted>
      <QtyInPackage>1</QtyInPackage>
      <ItemPrice>25.90</ItemPrice>
      <UnitOfMeasurePrice>7.62</UnitOfMeasurePrice>
      <AllowDiscount>1</AllowDiscount>
      <itemStatus>1</itemStatus>
      <LastUpdateDate />
      <LastUpdateTime />
    </Product>
    <Product>
      <PriceUpdateDate>2018/04/24 11:41</PriceUpdateDate>
      <ItemCode>7290003521203</ItemCode>
      <ItemType>1</ItemType>
      <ItemName>סרקל שמפו 2 ליטר</ItemName>
      <ManufactureName>פישר תעשיות פרמצבטיות בעמ</ManufactureName>
      <ManufactureCountry />
      <ManufactureItemDescription />
      <UnitQty>יח`</UnitQty>
      <Quantity>2</Quantity>
      <UnitMeasure>1 ליטר</UnitMeasure>
      <BisWeighted>0</BisWeighted>
      <QtyInPackage>1</QtyInPackage>
      <ItemPrice>39.90</ItemPrice>
      <UnitOfMeasurePrice>19.95</UnitOfMeasurePrice>
      <AllowDiscount>0</AllowDiscount>
      <itemStatus>1</itemStatus>
      <LastUpdateDate />
      <LastUpdateTime />
    </Product>
    <Product>
      <PriceUpdateDate>2018/04/24 10:18</PriceUpdateDate>
      <ItemCode>7290003521210</ItemCode>
      <ItemType>1</ItemType>
      <ItemName>סרקל מרכך שיער לילדים דר. פישר (2 ליטר)</ItemName>
      <ManufactureName>פישר תעשיות פרמצבטיות בעמ</ManufactureName>
      <ManufactureCountry />
      <ManufactureItemDescription />
      <UnitQty>יח`</UnitQty>
      <Quantity>2</Quantity>
      <UnitMeasure>1 ליטר</UnitMeasure>
      <BisWeighted>0</BisWeighted>
      <QtyInPackage>1</QtyInPackage>
      <ItemPrice>39.90</ItemPrice>
      <UnitOfMeasurePrice>19.95</UnitOfMeasurePrice>
      <AllowDiscount>0</AllowDiscount>
      <itemStatus>1</itemStatus>
      <LastUpdateDate />
      <LastUpdateTime />
    </Product>
    <Product>
      <PriceUpdateDate>2018/12/19 10:44</PriceUpdateDate>
      <ItemCode>7290003526871</ItemCode>
      <ItemType>1</ItemType>
      <ItemName>פטריות חתוך מארז שלישייה</ItemName>
      <ManufactureName>נטו מלינדה סחר בעמ</ManufactureName>
      <ManufactureCountry />
      <ManufactureItemDescription />
      <UnitQty>יח`</UnitQty>
      <Quantity>8.70</Quantity>
      <UnitMeasure>100 גרם</UnitMeasure>
      <BisWeighted>0</BisWeighted>
      <QtyInPackage>1</QtyInPackage>
      <ItemPrice>9.90</ItemPrice>
      <UnitOfMeasurePrice>1.14</UnitOfMeasurePrice>
      <AllowDiscount>0</AllowDiscount>
      <itemStatus>1</itemStatus>
      <LastUpdateDate />
      <LastUpdateTime />
    </Product>
    <Product>
      <PriceUpdateDate>2019/02/12 09:06</PriceUpdateDate>
      <ItemCode>7290003538140</ItemCode>
      <ItemType>1</ItemType>
      <ItemName>תמר כבוש 500  גר`ששון</ItemName>
      <ManufactureName>חברת ששון ושות` (פירות יבשים)</ManufactureName>
      <ManufactureCountry />
      <ManufactureItemDescription />
      <UnitQty>יח`</UnitQty>
      <Quantity>5</Quantity>
      <UnitMeasure>100 גרם</UnitMeasure>
      <BisWeighted>0</BisWeighted>
      <QtyInPackage>1</QtyInPackage>
      <ItemPrice>11.90</ItemPrice>
      <UnitOfMeasurePrice>2.38</UnitOfMeasurePrice>
      <AllowDiscount>0</AllowDiscount>
      <itemStatus>1</itemStatus>
      <LastUpdateDate />
      <LastUpdateTime />
    </Product>
    <Product>
      <PriceUpdateDate>2018/04/24 09:16</PriceUpdateDate>
      <ItemCode>7290003550753</ItemCode>
      <ItemType>1</ItemType>
      <ItemName>נתחי טונה בהירה בשמן פוסידון (108x4 גרם)</ItemName>
      <ManufactureName>נטו מלינדה סחר בעמ</ManufactureName>
      <ManufactureCountry />
      <ManufactureItemDescription />
      <UnitQty>יח`</UnitQty>
      <Quantity>4.32</Quantity>
      <UnitMeasure>100 גרם</UnitMeasure>
      <BisWeighted>0</BisWeighted>
      <QtyInPackage>1</QtyInPackage>
      <ItemPrice>19.90</ItemPrice>
      <UnitOfMeasurePrice>4.61</UnitOfMeasurePrice>
      <AllowDiscount>0</AllowDiscount>
      <itemStatus>1</itemStatus>
      <LastUpdateDate />
      <LastUpdateTime />
    </Product>
    <Product>
      <PriceUpdateDate>2020/01/01 11:39</PriceUpdateDate>
      <ItemCode>7290003570041</ItemCode>
      <ItemType>1</ItemType>
      <ItemName>דק דק אנטריקוט 300 גר` מוצפי מינוט</ItemName>
      <ManufactureName>בלדי בעמ</ManufactureName>
      <ManufactureCountry />
      <ManufactureItemDescription />
      <UnitQty>יח`</UnitQty>
      <Quantity>3</Quantity>
      <UnitMeasure>100 גרם</UnitMeasure>
      <BisWeighted>0</BisWeighted>
      <QtyInPackage>1</QtyInPackage>
      <ItemPrice>34.90</ItemPrice>
      <UnitOfMeasurePrice>11.63</UnitOfMeasurePrice>
      <AllowDiscount>1</AllowDiscount>
      <itemStatus>1</itemStatus>
      <LastUpdateDate />
      <LastUpdateTime />
    </Product>
    <Product>
      <PriceUpdateDate>2019/04/03 10:05</PriceUpdateDate>
      <ItemCode>7290003570164</ItemCode>
      <ItemType>1</ItemType>
      <ItemName>מינוט שווארמה פרגית 300 גר`</ItemName>
      <ManufactureName>בלדי בעמ</ManufactureName>
      <ManufactureCountry />
      <ManufactureItemDescription />
      <UnitQty>יח`</UnitQty>
      <Quantity>3</Quantity>
      <UnitMeasure>100 גרם</UnitMeasure>
      <BisWeighted>0</BisWeighted>
      <QtyInPackage>1</QtyInPackage>
      <ItemPrice>26.90</ItemPrice>
      <UnitOfMeasurePrice>8.97</UnitOfMeasurePrice>
      <AllowDiscount>0</AllowDiscount>
      <itemStatus>1</itemStatus>
      <LastUpdateDate />
      <LastUpdateTime />
    </Product>
    <Product>
      <PriceUpdateDate>2018/10/04 11:55</PriceUpdateDate>
      <ItemCode>7290003570171</ItemCode>
      <ItemType>1</ItemType>
      <ItemName>מינוט שניצל 300 גר`</ItemName>
      <ManufactureName>בלדי בעמ</ManufactureName>
      <ManufactureCountry />
      <ManufactureItemDescription />
      <UnitQty>יח`</UnitQty>
      <Quantity>3</Quantity>
      <UnitMeasure>100 גרם</UnitMeasure>
      <BisWeighted>0</BisWeighted>
      <QtyInPackage>1</QtyInPackage>
      <ItemPrice>22.90</ItemPrice>
      <UnitOfMeasurePrice>7.63</UnitOfMeasurePrice>
      <AllowDiscount>0</AllowDiscount>
      <itemStatus>1</itemStatus>
      <LastUpdateDate />
      <LastUpdateTime />
    </Product>
    <Product>
      <PriceUpdateDate>2020/02/03 11:55</PriceUpdateDate>
      <ItemCode>7290003570928</ItemCode>
      <ItemType>1</ItemType>
      <ItemName>קבב בלדי ארוז 500 גר` קצביה</ItemName>
      <ManufactureName>בלדי בעמ</ManufactureName>
      <ManufactureCountry />
      <ManufactureItemDescription />
      <UnitQty>יח`</UnitQty>
      <Quantity>5</Quantity>
      <UnitMeasure>100 גרם</UnitMeasure>
      <BisWeighted>0</BisWeighted>
      <QtyInPackage>1</QtyInPackage>
      <ItemPrice>27.90</ItemPrice>
      <UnitOfMeasurePrice>5.58</UnitOfMeasurePrice>
      <AllowDiscount>1</AllowDiscount>
      <itemStatus>1</itemStatus>
      <LastUpdateDate />
      <LastUpdateTime />
    </Product>
    <Product>
      <PriceUpdateDate>2018/04/24 09:34</PriceUpdateDate>
      <ItemCode>7290003578061</ItemCode>
      <ItemType>1</ItemType>
      <ItemName>לבבות דקל שלמים וילי פוד (400 גרם)</ItemName>
      <ManufactureName>ג.וילי-פוד אינטרנשיונל בעמ</ManufactureName>
      <ManufactureCountry />
      <ManufactureItemDescription />
      <UnitQty>יח`</UnitQty>
      <Quantity>4</Quantity>
      <UnitMeasure>100 גרם</UnitMeasure>
      <BisWeighted>0</BisWeighted>
      <QtyInPackage>1</QtyInPackage>
      <ItemPrice>8.90</ItemPrice>
      <UnitOfMeasurePrice>2.23</UnitOfMeasurePrice>
      <AllowDiscount>1</AllowDiscount>
      <itemStatus>1</itemStatus>
      <LastUpdateDate />
      <LastUpdateTime />
    </Product>
    <Product>
      <PriceUpdateDate>2018/04/24 09:34</PriceUpdateDate>
      <ItemCode>7290003578078</ItemCode>
      <ItemType>1</ItemType>
      <ItemName>קוקטייל פירות 850 גר`</ItemName>
      <ManufactureName>ג.וילי-פוד אינטרנשיונל בעמ</ManufactureName>
      <ManufactureCountry />
      <ManufactureItemDescription />
      <UnitQty>יח`</UnitQty>
      <Quantity>8.50</Quantity>
      <UnitMeasure>100 גרם</UnitMeasure>
      <BisWeighted>0</BisWeighted>
      <QtyInPackage>1</QtyInPackage>
      <ItemPrice>7.90</ItemPrice>
      <UnitOfMeasurePrice>0.93</UnitOfMeasurePrice>
      <AllowDiscount>0</AllowDiscount>
      <itemStatus>1</itemStatus>
      <LastUpdateDate />
      <LastUpdateTime />
    </Product>
    <Product>
      <PriceUpdateDate>2019/01/30 09:36</PriceUpdateDate>
      <ItemCode>7290003578108</ItemCode>
      <ItemType>1</ItemType>
      <ItemName>חתיכות אננס בסירופ קל וילי פוד (850 גרם)</ItemName>
      <ManufactureName>ג.וילי-פוד אינטרנשיונל בעמ</ManufactureName>
      <ManufactureCountry />
      <ManufactureItemDescription />
      <UnitQty>יח`</UnitQty>
      <Quantity>8.20</Quantity>
      <UnitMeasure>100 גרם</UnitMeasure>
      <BisWeighted>0</BisWeighted>
      <QtyInPackage>1</QtyInPackage>
      <ItemPrice>6.80</ItemPrice>
      <UnitOfMeasurePrice>0.83</UnitOfMeasurePrice>
      <AllowDiscount>1</AllowDiscount>
      <itemStatus>1</itemStatus>
      <LastUpdateDate />
      <LastUpdateTime />
    </Product>
    <Product>
      <PriceUpdateDate>2019/01/30 09:36</PriceUpdateDate>
      <ItemCode>7290003578177</ItemCode>
      <ItemType>1</ItemType>
      <ItemName>תירס צעיר שלם וילי פוד (410 גרם)</ItemName>
      <ManufactureName>ג.וילי-פוד אינטרנשיונל בעמ</ManufactureName>
      <ManufactureCountry />
      <ManufactureItemDescription />
      <UnitQty>יח`</UnitQty>
      <Quantity>4.10</Quantity>
      <UnitMeasure>100 גרם</UnitMeasure>
      <BisWeighted>0</BisWeighted>
      <QtyInPackage>1</QtyInPackage>
      <ItemPrice>4.90</ItemPrice>
      <UnitOfMeasurePrice>1.20</UnitOfMeasurePrice>
      <AllowDiscount>1</AllowDiscount>
      <itemStatus>1</itemStatus>
      <LastUpdateDate />
      <LastUpdateTime />
    </Product>
    <Product>
      <PriceUpdateDate>2018/04/24 09:34</PriceUpdateDate>
      <ItemCode>7290003578245</ItemCode>
      <ItemType>1</ItemType>
      <ItemName>לפתן ליצי`ס 560 גר`</ItemName>
      <ManufactureName>ג.וילי-פוד אינטרנשיונל בעמ</ManufactureName>
      <ManufactureCountry />
      <ManufactureItemDescription />
      <UnitQty>יח`</UnitQty>
      <Quantity>5.60</Quantity>
      <UnitMeasure>100 גרם</UnitMeasure>
      <BisWeighted>0</BisWeighted>
      <QtyInPackage>1</QtyInPackage>
      <ItemPrice>7.90</ItemPrice>
      <UnitOfMeasurePrice>1.41</UnitOfMeasurePrice>
      <AllowDiscount>0</AllowDiscount>
      <itemStatus>1</itemStatus>
      <LastUpdateDate />
      <LastUpdateTime />
    </Product>
    <Product>
      <PriceUpdateDate>2019/06/02 11:35</PriceUpdateDate>
      <ItemCode>7290003578290</ItemCode>
      <ItemType>1</ItemType>
      <ItemName>מקלוני אורז</ItemName>
      <ManufactureName>ג.וילי-פוד אינטרנשיונל בעמ</ManufactureName>
      <ManufactureCountry />
      <ManufactureItemDescription />
      <UnitQty>יח`</UnitQty>
      <Quantity>3</Quantity>
      <UnitMeasure>100 גרם</UnitMeasure>
      <BisWeighted>0</BisWeighted>
      <QtyInPackage>1</QtyInPackage>
      <ItemPrice>4.90</ItemPrice>
      <UnitOfMeasurePrice>1.63</UnitOfMeasurePrice>
      <AllowDiscount>0</AllowDiscount>
      <itemStatus>1</itemStatus>
      <LastUpdateDate />
      <LastUpdateTime />
    </Product>
    <Product>
      <PriceUpdateDate>2019/11/04 08:05</PriceUpdateDate>
      <ItemCode>7290003578313</ItemCode>
      <ItemType>1</ItemType>
      <ItemName>דובדבן חמוץ ללא חרצן</ItemName>
      <ManufactureName>ג.וילי-פוד אינטרנשיונל בעמ</ManufactureName>
      <ManufactureCountry />
      <ManufactureItemDescription />
      <UnitQty>יח`</UnitQty>
      <Quantity>7.20</Quantity>
      <UnitMeasure>100 גרם</UnitMeasure>
      <BisWeighted>0</BisWeighted>
      <QtyInPackage>1</QtyInPackage>
      <ItemPrice>9.90</ItemPrice>
      <UnitOfMeasurePrice>1.38</UnitOfMeasurePrice>
      <AllowDiscount>1</AllowDiscount>
      <itemStatus>1</itemStatus>
      <LastUpdateDate />
      <LastUpdateTime />
    </Product>
    <Product>
      <PriceUpdateDate>2018/12/25 11:32</PriceUpdateDate>
      <ItemCode>7290003578498</ItemCode>
      <ItemType>1</ItemType>
      <ItemName>חמאה מפינפלד ללא תופסת מלח 500 גר` וילי</ItemName>
      <ManufactureName>ג.וילי-פוד אינטרנשיונל בעמ</ManufactureName>
      <ManufactureCountry />
      <ManufactureItemDescription />
      <UnitQty>יח`</UnitQty>
      <Quantity>5</Quantity>
      <UnitMeasure>100 גרם</UnitMeasure>
      <BisWeighted>0</BisWeighted>
      <QtyInPackage>1</QtyInPackage>
      <ItemPrice>27.90</ItemPrice>
      <UnitOfMeasurePrice>5.58</UnitOfMeasurePrice>
      <AllowDiscount>0</AllowDiscount>
      <itemStatus>1</itemStatus>
      <LastUpdateDate />
      <LastUpdateTime />
    </Product>
    <Product>
      <PriceUpdateDate>2020/01/01 11:39</PriceUpdateDate>
      <ItemCode>7290003598311</ItemCode>
      <ItemType>1</ItemType>
      <ItemName>דק דק אנטריקוט 300 גר` קפוא פרוס מינוט</ItemName>
      <ManufactureName>בלדי בעמ</ManufactureName>
      <ManufactureCountry />
      <ManufactureItemDescription />
      <UnitQty>יח`</UnitQty>
      <Quantity>3</Quantity>
      <UnitMeasure>100 גרם</UnitMeasure>
      <BisWeighted>0</BisWeighted>
      <QtyInPackage>1</QtyInPackage>
      <ItemPrice>34.90</ItemPrice>
      <UnitOfMeasurePrice>11.63</UnitOfMeasurePrice>
      <AllowDiscount>1</AllowDiscount>
      <itemStatus>1</itemStatus>
      <LastUpdateDate />
      <LastUpdateTime />
    </Product>
    <Product>
      <PriceUpdateDate>2019/01/14 09:58</PriceUpdateDate>
      <ItemCode>7290003608089</ItemCode>
      <ItemType>1</ItemType>
      <ItemName>משקה קל תות בננה ספרינג (1.5 ליטר)</ItemName>
      <ManufactureName>יפאורה</ManufactureName>
      <ManufactureCountry />
      <ManufactureItemDescription />
      <UnitQty>יח`</UnitQty>
      <Quantity>15</Quantity>
      <UnitMeasure>100 מ"ל</UnitMeasure>
      <BisWeighted>0</BisWeighted>
      <QtyInPackage>1</QtyInPackage>
      <ItemPrice>6.40</ItemPrice>
      <UnitOfMeasurePrice>0.43</UnitOfMeasurePrice>
      <AllowDiscount>1</AllowDiscount>
      <itemStatus>1</itemStatus>
      <LastUpdateDate />
      <LastUpdateTime />
    </Product>
    <Product>
      <PriceUpdateDate>2019/03/24 20:17</PriceUpdateDate>
      <ItemCode>7290003608546</ItemCode>
      <ItemType>1</ItemType>
      <ItemName>משקה קל תות בננה תפוזינה (1.5 ליטר)</ItemName>
      <ManufactureName>יפאורה</ManufactureName>
      <ManufactureCountry />
      <ManufactureItemDescription />
      <UnitQty>יח`</UnitQty>
      <Quantity>15</Quantity>
      <UnitMeasure>100 גרם</UnitMeasure>
      <BisWeighted>0</BisWeighted>
      <QtyInPackage>1</QtyInPackage>
      <ItemPrice>6.50</ItemPrice>
      <UnitOfMeasurePrice>0.43</UnitOfMeasurePrice>
      <AllowDiscount>1</AllowDiscount>
      <itemStatus>1</itemStatus>
      <LastUpdateDate />
      <LastUpdateTime />
    </Product>
    <Product>
      <PriceUpdateDate>2019/03/24 20:17</PriceUpdateDate>
      <ItemCode>7290003608898</ItemCode>
      <ItemType>1</ItemType>
      <ItemName>משקה קל תפוזינה תפוז 1.5 ליטר לייט</ItemName>
      <ManufactureName>יפאורה</ManufactureName>
      <ManufactureCountry />
      <ManufactureItemDescription />
      <UnitQty>יח`</UnitQty>
      <Quantity>15</Quantity>
      <UnitMeasure>100 מ"ל</UnitMeasure>
      <BisWeighted>0</BisWeighted>
      <QtyInPackage>1</QtyInPackage>
      <ItemPrice>6.50</ItemPrice>
      <UnitOfMeasurePrice>0.43</UnitOfMeasurePrice>
      <AllowDiscount>1</AllowDiscount>
      <itemStatus>1</itemStatus>
      <LastUpdateDate />
      <LastUpdateTime />
    </Product>
    <Product>
      <PriceUpdateDate>2018/11/08 07:28</PriceUpdateDate>
      <ItemCode>7290003643004</ItemCode>
      <ItemType>1</ItemType>
      <ItemName>אורז בסמטי קלאסי סוגת (1 קג)</ItemName>
      <ManufactureName>סוגת תעשיות בעמ</ManufactureName>
      <ManufactureCountry />
      <ManufactureItemDescription />
      <UnitQty>יח`</UnitQty>
      <Quantity>10</Quantity>
      <UnitMeasure>100 גרם</UnitMeasure>
      <BisWeighted>0</BisWeighted>
      <QtyInPackage>1</QtyInPackage>
      <ItemPrice>13.90</ItemPrice>
      <UnitOfMeasurePrice>1.39</UnitOfMeasurePrice>
      <AllowDiscount>0</AllowDiscount>
      <itemStatus>1</itemStatus>
      <LastUpdateDate />
      <LastUpdateTime />
    </Product>
    <Product>
      <PriceUpdateDate>2018/04/24 09:23</PriceUpdateDate>
      <ItemCode>7290003643325</ItemCode>
      <ItemType>1</ItemType>
      <ItemName>קוסקוס בינוני סוגת (350 גרם)</ItemName>
      <ManufactureName>סוגת תעשיות בעמ</ManufactureName>
      <ManufactureCountry />
      <ManufactureItemDescription />
      <UnitQty>יח`</UnitQty>
      <Quantity>3.50</Quantity>
      <UnitMeasure>100 גרם</UnitMeasure>
      <BisWeighted>0</BisWeighted>
      <QtyInPackage>1</QtyInPackage>
      <ItemPrice>4.90</ItemPrice>
      <UnitOfMeasurePrice>1.40</UnitOfMeasurePrice>
      <AllowDiscount>1</AllowDiscount>
      <itemStatus>1</itemStatus>
      <LastUpdateDate />
      <LastUpdateTime />
    </Product>
    <Product>
      <PriceUpdateDate>2018/04/24 09:23</PriceUpdateDate>
      <ItemCode>7290003643387</ItemCode>
      <ItemType>1</ItemType>
      <ItemName>סוכר לבן בצנצנת סוגת (1 קג)</ItemName>
      <ManufactureName>סוגת תעשיות בעמ</ManufactureName>
      <ManufactureCountry />
      <ManufactureItemDescription />
      <UnitQty>יח`</UnitQty>
      <Quantity>1</Quantity>
      <UnitMeasure>ק"ג</UnitMeasure>
      <BisWeighted>0</BisWeighted>
      <QtyInPackage>1</QtyInPackage>
      <ItemPrice>7.90</ItemPrice>
      <UnitOfMeasurePrice>7.90</UnitOfMeasurePrice>
      <AllowDiscount>0</AllowDiscount>
      <itemStatus>1</itemStatus>
      <LastUpdateDate />
      <LastUpdateTime />
    </Product>
    <Product>
      <PriceUpdateDate>2018/08/05 11:28</PriceUpdateDate>
      <ItemCode>7290003643646</ItemCode>
      <ItemType>1</ItemType>
      <ItemName>סוכר דמררה סוגת 1 קג</ItemName>
      <ManufactureName>סוגת תעשיות בעמ</ManufactureName>
      <ManufactureCountry />
      <ManufactureItemDescription />
      <UnitQty>יח`</UnitQty>
      <Quantity>10</Quantity>
      <UnitMeasure>100 גרם</UnitMeasure>
      <BisWeighted>0</BisWeighted>
      <QtyInPackage>1</QtyInPackage>
      <ItemPrice>11.90</ItemPrice>
      <UnitOfMeasurePrice>1.19</UnitOfMeasurePrice>
      <AllowDiscount>1</AllowDiscount>
      <itemStatus>1</itemStatus>
      <LastUpdateDate />
      <LastUpdateTime />
    </Product>
    <Product>
      <PriceUpdateDate>2018/04/24 09:23</PriceUpdateDate>
      <ItemCode>7290003643684</ItemCode>
      <ItemType>1</ItemType>
      <ItemName>אפונה סוגת (500 גרם)</ItemName>
      <ManufactureName>סוגת תעשיות בעמ</ManufactureName>
      <ManufactureCountry />
      <ManufactureItemDescription />
      <UnitQty>יח`</UnitQty>
      <Quantity>5</Quantity>
      <UnitMeasure>100 גרם</UnitMeasure>
      <BisWeighted>0</BisWeighted>
      <QtyInPackage>1</QtyInPackage>
      <ItemPrice>6.90</ItemPrice>
      <UnitOfMeasurePrice>1.38</UnitOfMeasurePrice>
      <AllowDiscount>1</AllowDiscount>
      <itemStatus>1</itemStatus>
      <LastUpdateDate />
      <LastUpdateTime />
    </Product>
    <Product>
      <PriceUpdateDate>2018/04/24 09:23</PriceUpdateDate>
      <ItemCode>7290003643707</ItemCode>
      <ItemType>1</ItemType>
      <ItemName>גריסים סוגת (500 גרם)</ItemName>
      <ManufactureName>סוגת תעשיות בעמ</ManufactureName>
      <ManufactureCountry />
      <ManufactureItemDescription />
      <UnitQty>יח`</UnitQty>
      <Quantity>5</Quantity>
      <UnitMeasure>100 גרם</UnitMeasure>
      <BisWeighted>0</BisWeighted>
      <QtyInPackage>1</QtyInPackage>
      <ItemPrice>5.90</ItemPrice>
      <UnitOfMeasurePrice>1.18</UnitOfMeasurePrice>
      <AllowDiscount>1</AllowDiscount>
      <itemStatus>1</itemStatus>
      <LastUpdateDate />
      <LastUpdateTime />
    </Product>
    <Product>
      <PriceUpdateDate>2018/04/24 09:23</PriceUpdateDate>
      <ItemCode>7290003643714</ItemCode>
      <ItemType>1</ItemType>
      <ItemName>חומוס סוגת (500 גרם)</ItemName>
      <ManufactureName>סוגת תעשיות בעמ</ManufactureName>
      <ManufactureCountry />
      <ManufactureItemDescription />
      <UnitQty>יח`</UnitQty>
      <Quantity>5</Quantity>
      <UnitMeasure>100 גרם</UnitMeasure>
      <BisWeighted>0</BisWeighted>
      <QtyInPackage>1</QtyInPackage>
      <ItemPrice>9.90</ItemPrice>
      <UnitOfMeasurePrice>1.98</UnitOfMeasurePrice>
      <AllowDiscount>1</AllowDiscount>
      <itemStatus>1</itemStatus>
      <LastUpdateDate />
      <LastUpdateTime />
    </Product>
    <Product>
      <PriceUpdateDate>2018/07/05 11:28</PriceUpdateDate>
      <ItemCode>7290003643738</ItemCode>
      <ItemType>1</ItemType>
      <ItemName>חיטה סוגת (500 גרם)</ItemName>
      <ManufactureName>סוגת תעשיות בעמ</ManufactureName>
      <ManufactureCountry />
      <ManufactureItemDescription />
      <UnitQty>יח`</UnitQty>
      <Quantity>5</Quantity>
      <UnitMeasure>100 גרם</UnitMeasure>
      <BisWeighted>0</BisWeighted>
      <QtyInPackage>1</QtyInPackage>
      <ItemPrice>5.90</ItemPrice>
      <UnitOfMeasurePrice>1.18</UnitOfMeasurePrice>
      <AllowDiscount>1</AllowDiscount>
      <itemStatus>1</itemStatus>
      <LastUpdateDate />
      <LastUpdateTime />
    </Product>
    <Product>
      <PriceUpdateDate>2018/04/24 09:23</PriceUpdateDate>
      <ItemCode>7290003643745</ItemCode>
      <ItemType>1</ItemType>
      <ItemName>כוסמת סוגת (500 גרם)</ItemName>
      <ManufactureName>סוגת תעשיות בעמ</ManufactureName>
      <ManufactureCountry />
      <ManufactureItemDescription />
      <UnitQty>יח`</UnitQty>
      <Quantity>5</Quantity>
      <UnitMeasure>100 גרם</UnitMeasure>
      <BisWeighted>0</BisWeighted>
      <QtyInPackage>1</QtyInPackage>
      <ItemPrice>7.90</ItemPrice>
      <UnitOfMeasurePrice>1.58</UnitOfMeasurePrice>
      <AllowDiscount>1</AllowDiscount>
      <itemStatus>1</itemStatus>
      <LastUpdateDate />
      <LastUpdateTime />
    </Product>
    <Product>
      <PriceUpdateDate>2018/08/05 11:28</PriceUpdateDate>
      <ItemCode>7290003643752</ItemCode>
      <ItemType>1</ItemType>
      <ItemName>עדשים ירוקות סוגת (500 גרם)</ItemName>
      <ManufactureName>סוגת תעשיות בעמ</ManufactureName>
      <ManufactureCountry />
      <ManufactureItemDescription />
      <UnitQty>יח`</UnitQty>
      <Quantity>5</Quantity>
      <UnitMeasure>100 גרם</UnitMeasure>
      <BisWeighted>0</BisWeighted>
      <QtyInPackage>1</QtyInPackage>
      <ItemPrice>6.90</ItemPrice>
      <UnitOfMeasurePrice>1.38</UnitOfMeasurePrice>
      <AllowDiscount>1</AllowDiscount>
      <itemStatus>1</itemStatus>
      <LastUpdateDate />
      <LastUpdateTime />
    </Product>
    <Product>
      <PriceUpdateDate>2018/08/05 11:28</PriceUpdateDate>
      <ItemCode>7290003643769</ItemCode>
      <ItemType>1</ItemType>
      <ItemName>עדשים אדומות סוגת (500 גרם)</ItemName>
      <ManufactureName>סוגת תעשיות בעמ</ManufactureName>
      <ManufactureCountry />
      <ManufactureItemDescription />
      <UnitQty>יח`</UnitQty>
      <Quantity>5</Quantity>
      <UnitMeasure>100 גרם</UnitMeasure>
      <BisWeighted>0</BisWeighted>
      <QtyInPackage>1</QtyInPackage>
      <ItemPrice>8.90</ItemPrice>
      <UnitOfMeasurePrice>1.78</UnitOfMeasurePrice>
      <AllowDiscount>1</AllowDiscount>
      <itemStatus>1</itemStatus>
      <LastUpdateDate />
      <LastUpdateTime />
    </Product>
    <Product>
      <PriceUpdateDate>2018/04/24 09:23</PriceUpdateDate>
      <ItemCode>7290003643776</ItemCode>
      <ItemType>1</ItemType>
      <ItemName>פופקורן סוגת (500 גרם)</ItemName>
      <ManufactureName>סוגת תעשיות בעמ</ManufactureName>
      <ManufactureCountry />
      <ManufactureItemDescription />
      <UnitQty>יח`</UnitQty>
      <Quantity>5</Quantity>
      <UnitMeasure>100 גרם</UnitMeasure>
      <BisWeighted>0</BisWeighted>
      <QtyInPackage>1</QtyInPackage>
      <ItemPrice>6.90</ItemPrice>
      <UnitOfMeasurePrice>1.38</UnitOfMeasurePrice>
      <AllowDiscount>1</AllowDiscount>
      <itemStatus>1</itemStatus>
      <LastUpdateDate />
      <LastUpdateTime />
    </Product>
    <Product>
      <PriceUpdateDate>2018/08/05 11:28</PriceUpdateDate>
      <ItemCode>7290003643806</ItemCode>
      <ItemType>1</ItemType>
      <ItemName>שעועית לבנה יבשה סוגת (500 גרם)</ItemName>
      <ManufactureName>סוגת תעשיות בעמ</ManufactureName>
      <ManufactureCountry />
      <ManufactureItemDescription />
      <UnitQty>יח`</UnitQty>
      <Quantity>5</Quantity>
      <UnitMeasure>100 גרם</UnitMeasure>
      <BisWeighted>0</BisWeighted>
      <QtyInPackage>1</QtyInPackage>
      <ItemPrice>12.90</ItemPrice>
      <UnitOfMeasurePrice>2.58</UnitOfMeasurePrice>
      <AllowDiscount>1</AllowDiscount>
      <itemStatus>1</itemStatus>
      <LastUpdateDate />
      <LastUpdateTime />
    </Product>
    <Product>
      <PriceUpdateDate>2018/04/24 09:23</PriceUpdateDate>
      <ItemCode>7290003643820</ItemCode>
      <ItemType>1</ItemType>
      <ItemName>חומוס ענק סוגת (500 גרם)</ItemName>
      <ManufactureName>סוגת תעשיות בעמ</ManufactureName>
      <ManufactureCountry />
      <ManufactureItemDescription />
      <UnitQty>יח`</UnitQty>
      <Quantity>5</Quantity>
      <UnitMeasure>100 גרם</UnitMeasure>
      <BisWeighted>0</BisWeighted>
      <QtyInPackage>1</QtyInPackage>
      <ItemPrice>12.90</ItemPrice>
      <UnitOfMeasurePrice>2.58</UnitOfMeasurePrice>
      <AllowDiscount>1</AllowDiscount>
      <itemStatus>1</itemStatus>
      <LastUpdateDate />
      <LastUpdateTime />
    </Product>
    <Product>
      <PriceUpdateDate>2019/01/07 10:57</PriceUpdateDate>
      <ItemCode>7290003667109</ItemCode>
      <ItemType>1</ItemType>
      <ItemName>משקה אורנג` פאנטה (1.5 ליטר)</ItemName>
      <ManufactureName>החברה המרכזית להפצת משקאות בעמ</ManufactureName>
      <ManufactureCountry />
      <ManufactureItemDescription />
      <UnitQty>יח`</UnitQty>
      <Quantity>1.50</Quantity>
      <UnitMeasure>1 ליטר</UnitMeasure>
      <BisWeighted>0</BisWeighted>
      <QtyInPackage>1</QtyInPackage>
      <ItemPrice>7.70</ItemPrice>
      <UnitOfMeasurePrice>5.13</UnitOfMeasurePrice>
      <AllowDiscount>0</AllowDiscount>
      <itemStatus>1</itemStatus>
      <LastUpdateDate />
      <LastUpdateTime />
    </Product>
    <Product>
      <PriceUpdateDate>2018/11/12 07:49</PriceUpdateDate>
      <ItemCode>7290003667369</ItemCode>
      <ItemType>1</ItemType>
      <ItemName>משקה קל תות בננה פריגת (1.5 ליטר)</ItemName>
      <ManufactureName>החברה המרכזית להפצת משקאות בעמ</ManufactureName>
      <ManufactureCountry />
      <ManufactureItemDescription />
      <UnitQty>יח`</UnitQty>
      <Quantity>15</Quantity>
      <UnitMeasure>100 מ"ל</UnitMeasure>
      <BisWeighted>0</BisWeighted>
      <QtyInPackage>1</QtyInPackage>
      <ItemPrice>7.20</ItemPrice>
      <UnitOfMeasurePrice>0.48</UnitOfMeasurePrice>
      <AllowDiscount>1</AllowDiscount>
      <itemStatus>1</itemStatus>
      <LastUpdateDate />
      <LastUpdateTime />
    </Product>
    <Product>
      <PriceUpdateDate>2018/11/12 07:49</PriceUpdateDate>
      <ItemCode>7290003667673</ItemCode>
      <ItemType>1</ItemType>
      <ItemName>משקה דיאט אורנג` פאנטה (1.5 ליטר)</ItemName>
      <ManufactureName>החברה המרכזית להפצת משקאות בעמ</ManufactureName>
      <ManufactureCountry />
      <ManufactureItemDescription />
      <UnitQty>יח`</UnitQty>
      <Quantity>1.50</Quantity>
      <UnitMeasure>1 ליטר</UnitMeasure>
      <BisWeighted>0</BisWeighted>
      <QtyInPackage>1</QtyInPackage>
      <ItemPrice>7.70</ItemPrice>
      <UnitOfMeasurePrice>5.13</UnitOfMeasurePrice>
      <AllowDiscount>0</AllowDiscount>
      <itemStatus>1</itemStatus>
      <LastUpdateDate />
      <LastUpdateTime />
    </Product>
    <Product>
      <PriceUpdateDate>2018/04/24 10:10</PriceUpdateDate>
      <ItemCode>7290003681334</ItemCode>
      <ItemType>1</ItemType>
      <ItemName>קוקוס מיה (400 גרם)</ItemName>
      <ManufactureName>מיה תעשיות מזון מ.ת.מ. בעמ</ManufactureName>
      <ManufactureCountry />
      <ManufactureItemDescription />
      <UnitQty>יח`</UnitQty>
      <Quantity>4</Quantity>
      <UnitMeasure>100 גרם</UnitMeasure>
      <BisWeighted>0</BisWeighted>
      <QtyInPackage>1</QtyInPackage>
      <ItemPrice>11.90</ItemPrice>
      <UnitOfMeasurePrice>2.98</UnitOfMeasurePrice>
      <AllowDiscount>1</AllowDiscount>
      <itemStatus>1</itemStatus>
      <LastUpdateDate />
      <LastUpdateTime />
    </Product>
    <Product>
      <PriceUpdateDate>2018/04/24 10:10</PriceUpdateDate>
      <ItemCode>7290003681532</ItemCode>
      <ItemType>1</ItemType>
      <ItemName>דובדבנים מסוכרים 80  גר`מיה</ItemName>
      <ManufactureName>מיה תעשיות מזון מ.ת.מ. בעמ</ManufactureName>
      <ManufactureCountry />
      <ManufactureItemDescription />
      <UnitQty>יח`</UnitQty>
      <Quantity>0.80</Quantity>
      <UnitMeasure>100 גרם</UnitMeasure>
      <BisWeighted>0</BisWeighted>
      <QtyInPackage>1</QtyInPackage>
      <ItemPrice>8.90</ItemPrice>
      <UnitOfMeasurePrice>11.13</UnitOfMeasurePrice>
      <AllowDiscount>0</AllowDiscount>
      <itemStatus>1</itemStatus>
      <LastUpdateDate />
      <LastUpdateTime />
    </Product>
    <Product>
      <PriceUpdateDate>2018/04/24 10:12</PriceUpdateDate>
      <ItemCode>7290003681693</ItemCode>
      <ItemType>1</ItemType>
      <ItemName>חומוס לבן ענק מיה (500 גרם)</ItemName>
      <ManufactureName>מיה תעשיות מזון מ.ת.מ. בעמ</ManufactureName>
      <ManufactureCountry />
      <ManufactureItemDescription />
      <UnitQty>יח`</UnitQty>
      <Quantity>5</Quantity>
      <UnitMeasure>100 גרם</UnitMeasure>
      <BisWeighted>0</BisWeighted>
      <QtyInPackage>1</QtyInPackage>
      <ItemPrice>10.90</ItemPrice>
      <UnitOfMeasurePrice>2.18</UnitOfMeasurePrice>
      <AllowDiscount>0</AllowDiscount>
      <itemStatus>1</itemStatus>
      <LastUpdateDate />
      <LastUpdateTime />
    </Product>
    <Product>
      <PriceUpdateDate>2018/04/24 10:12</PriceUpdateDate>
      <ItemCode>7290003681716</ItemCode>
      <ItemType>1</ItemType>
      <ItemName>גריסי פנינה מיה (500 גרם)</ItemName>
      <ManufactureName>מיה תעשיות מזון מ.ת.מ. בעמ</ManufactureName>
      <ManufactureCountry />
      <ManufactureItemDescription />
      <UnitQty>יח`</UnitQty>
      <Quantity>5</Quantity>
      <UnitMeasure>100 גרם</UnitMeasure>
      <BisWeighted>0</BisWeighted>
      <QtyInPackage>1</QtyInPackage>
      <ItemPrice>6.90</ItemPrice>
      <UnitOfMeasurePrice>1.38</UnitOfMeasurePrice>
      <AllowDiscount>0</AllowDiscount>
      <itemStatus>1</itemStatus>
      <LastUpdateDate />
      <LastUpdateTime />
    </Product>
    <Product>
      <PriceUpdateDate>2018/04/24 10:06</PriceUpdateDate>
      <ItemCode>7290003726141</ItemCode>
      <ItemType>1</ItemType>
      <ItemName>טופו משק גאיה (300 גרם)</ItemName>
      <ManufactureName>מחלבות גד שיווק 1992 בעמ</ManufactureName>
      <ManufactureCountry />
      <ManufactureItemDescription />
      <UnitQty>יח`</UnitQty>
      <Quantity>3.20</Quantity>
      <UnitMeasure>100 גרם</UnitMeasure>
      <BisWeighted>0</BisWeighted>
      <QtyInPackage>1</QtyInPackage>
      <ItemPrice>11.90</ItemPrice>
      <UnitOfMeasurePrice>3.72</UnitOfMeasurePrice>
      <AllowDiscount>0</AllowDiscount>
      <itemStatus>1</itemStatus>
      <LastUpdateDate />
      <LastUpdateTime />
    </Product>
    <Product>
      <PriceUpdateDate>2019/05/27 16:17</PriceUpdateDate>
      <ItemCode>7290003726592</ItemCode>
      <ItemType>1</ItemType>
      <ItemName>טופו ויילר 300 גר` בטעם פסטו</ItemName>
      <ManufactureName>שטראוס גרופ בעמ/מצונן</ManufactureName>
      <ManufactureCountry />
      <ManufactureItemDescription />
      <UnitQty>יח`</UnitQty>
      <Quantity>3</Quantity>
      <UnitMeasure>100 גרם</UnitMeasure>
      <BisWeighted>0</BisWeighted>
      <QtyInPackage>1</QtyInPackage>
      <ItemPrice>11.90</ItemPrice>
      <UnitOfMeasurePrice>3.97</UnitOfMeasurePrice>
      <AllowDiscount>0</AllowDiscount>
      <itemStatus>1</itemStatus>
      <LastUpdateDate />
      <LastUpdateTime />
    </Product>
    <Product>
      <PriceUpdateDate>2019/05/27 16:17</PriceUpdateDate>
      <ItemCode>7290003726615</ItemCode>
      <ItemType>1</ItemType>
      <ItemName>טופו ויילר 300 גר`</ItemName>
      <ManufactureName>שטראוס גרופ בעמ/מצונן</ManufactureName>
      <ManufactureCountry />
      <ManufactureItemDescription />
      <UnitQty>יח`</UnitQty>
      <Quantity>3</Quantity>
      <UnitMeasure>100 גרם</UnitMeasure>
      <BisWeighted>0</BisWeighted>
      <QtyInPackage>1</QtyInPackage>
      <ItemPrice>11.90</ItemPrice>
      <UnitOfMeasurePrice>3.97</UnitOfMeasurePrice>
      <AllowDiscount>0</AllowDiscount>
      <itemStatus>1</itemStatus>
      <LastUpdateDate />
      <LastUpdateTime />
    </Product>
    <Product>
      <PriceUpdateDate>2018/04/24 09:57</PriceUpdateDate>
      <ItemCode>7290003727667</ItemCode>
      <ItemType>1</ItemType>
      <ItemName>חומוס צבר (1 קג)</ItemName>
      <ManufactureName>קבוצת אסם סחר שות. מוגבלת</ManufactureName>
      <ManufactureCountry />
      <ManufactureItemDescription />
      <UnitQty>יח`</UnitQty>
      <Quantity>10</Quantity>
      <UnitMeasure>100 גרם</UnitMeasure>
      <BisWeighted>0</BisWeighted>
      <QtyInPackage>1</QtyInPackage>
      <ItemPrice>13.90</ItemPrice>
      <UnitOfMeasurePrice>1.39</UnitOfMeasurePrice>
      <AllowDiscount>0</AllowDiscount>
      <itemStatus>1</itemStatus>
      <LastUpdateDate />
      <LastUpdateTime />
    </Product>
    <Product>
      <PriceUpdateDate>2018/04/24 09:49</PriceUpdateDate>
      <ItemCode>7290003744848</ItemCode>
      <ItemType>1</ItemType>
      <ItemName>אובלטים 300  גר`עם גריל</ItemName>
      <ManufactureName>שוקוטרייד בעמ</ManufactureName>
      <ManufactureCountry />
      <ManufactureItemDescription />
      <UnitQty>יח`</UnitQty>
      <Quantity>3</Quantity>
      <UnitMeasure>100 גרם</UnitMeasure>
      <BisWeighted>0</BisWeighted>
      <QtyInPackage>1</QtyInPackage>
      <ItemPrice>11.90</ItemPrice>
      <UnitOfMeasurePrice>3.97</UnitOfMeasurePrice>
      <AllowDiscount>0</AllowDiscount>
      <itemStatus>1</itemStatus>
      <LastUpdateDate />
      <LastUpdateTime />
    </Product>
    <Product>
      <PriceUpdateDate>2018/04/24 09:34</PriceUpdateDate>
      <ItemCode>7290003781065</ItemCode>
      <ItemType>1</ItemType>
      <ItemName>קורנישונים כבושום בחומץ 680  גר`וילי פוד</ItemName>
      <ManufactureName>ג.וילי-פוד אינטרנשיונל בעמ</ManufactureName>
      <ManufactureCountry />
      <ManufactureItemDescription />
      <UnitQty>יח`</UnitQty>
      <Quantity>6.90</Quantity>
      <UnitMeasure>100 גרם</UnitMeasure>
      <BisWeighted>0</BisWeighted>
      <QtyInPackage>1</QtyInPackage>
      <ItemPrice>9.90</ItemPrice>
      <UnitOfMeasurePrice>1.43</UnitOfMeasurePrice>
      <AllowDiscount>0</AllowDiscount>
      <itemStatus>1</itemStatus>
      <LastUpdateDate />
      <LastUpdateTime />
    </Product>
    <Product>
      <PriceUpdateDate>2018/04/24 09:23</PriceUpdateDate>
      <ItemCode>7290003804252</ItemCode>
      <ItemType>1</ItemType>
      <ItemName>תיבוליות הודי קנור (8 יח` - 72 גרם)</ItemName>
      <ManufactureName>יוניליוור ישראל שיווק בעמ</ManufactureName>
      <ManufactureCountry />
      <ManufactureItemDescription />
      <UnitQty>יח`</UnitQty>
      <Quantity>0.80</Quantity>
      <UnitMeasure>100 גרם</UnitMeasure>
      <BisWeighted>0</BisWeighted>
      <QtyInPackage>1</QtyInPackage>
      <ItemPrice>9.90</ItemPrice>
      <UnitOfMeasurePrice>12.38</UnitOfMeasurePrice>
      <AllowDiscount>1</AllowDiscount>
      <itemStatus>1</itemStatus>
      <LastUpdateDate />
      <LastUpdateTime />
    </Product>
    <Product>
      <PriceUpdateDate>2018/04/24 09:23</PriceUpdateDate>
      <ItemCode>7290003804382</ItemCode>
      <ItemType>1</ItemType>
      <ItemName>תיבוליות פטריות קנור (8 יח` - 72 גרם)</ItemName>
      <ManufactureName>יוניליוור ישראל שיווק בעמ</ManufactureName>
      <ManufactureCountry />
      <ManufactureItemDescription />
      <UnitQty>יח`</UnitQty>
      <Quantity>0.72</Quantity>
      <UnitMeasure>100 גרם</UnitMeasure>
      <BisWeighted>0</BisWeighted>
      <QtyInPackage>1</QtyInPackage>
      <ItemPrice>9.90</ItemPrice>
      <UnitOfMeasurePrice>13.75</UnitOfMeasurePrice>
      <AllowDiscount>1</AllowDiscount>
      <itemStatus>1</itemStatus>
      <LastUpdateDate />
      <LastUpdateTime />
    </Product>
    <Product>
      <PriceUpdateDate>2018/07/08 11:12</PriceUpdateDate>
      <ItemCode>7290003804894</ItemCode>
      <ItemType>1</ItemType>
      <ItemName>קורנפלקס ריבועים של אלופים בדצ קלאסי500</ItemName>
      <ManufactureName>יוניליוור ישראל שיווק בעמ</ManufactureName>
      <ManufactureCountry />
      <ManufactureItemDescription />
      <UnitQty>יח`</UnitQty>
      <Quantity>5</Quantity>
      <UnitMeasure>100 גרם</UnitMeasure>
      <BisWeighted>0</BisWeighted>
      <QtyInPackage>1</QtyInPackage>
      <ItemPrice>19.90</ItemPrice>
      <UnitOfMeasurePrice>3.98</UnitOfMeasurePrice>
      <AllowDiscount>1</AllowDiscount>
      <itemStatus>1</itemStatus>
      <LastUpdateDate />
      <LastUpdateTime />
    </Product>
    <Product>
      <PriceUpdateDate>2019/01/07 10:57</PriceUpdateDate>
      <ItemCode>7290003805501</ItemCode>
      <ItemType>1</ItemType>
      <ItemName>פתית בסגנון שוודי תלמה (300 גרם)</ItemName>
      <ManufactureName>יוניליוור ישראל שיווק בעמ</ManufactureName>
      <ManufactureCountry />
      <ManufactureItemDescription />
      <UnitQty>יח`</UnitQty>
      <Quantity>3</Quantity>
      <UnitMeasure>100 גרם</UnitMeasure>
      <BisWeighted>0</BisWeighted>
      <QtyInPackage>1</QtyInPackage>
      <ItemPrice>17.90</ItemPrice>
      <UnitOfMeasurePrice>5.97</UnitOfMeasurePrice>
      <AllowDiscount>1</AllowDiscount>
      <itemStatus>1</itemStatus>
      <LastUpdateDate />
      <LastUpdateTime />
    </Product>
    <Product>
      <PriceUpdateDate>2018/04/24 09:25</PriceUpdateDate>
      <ItemCode>7290003807178</ItemCode>
      <ItemType>1</ItemType>
      <ItemName>רוטב סויה סגנון סיני קנור (300 מל)</ItemName>
      <ManufactureName>יוניליוור ישראל שיווק בעמ</ManufactureName>
      <ManufactureCountry />
      <ManufactureItemDescription />
      <UnitQty>יח`</UnitQty>
      <Quantity>3</Quantity>
      <UnitMeasure>100 מ"ל</UnitMeasure>
      <BisWeighted>0</BisWeighted>
      <QtyInPackage>1</QtyInPackage>
      <ItemPrice>12.90</ItemPrice>
      <UnitOfMeasurePrice>4.30</UnitOfMeasurePrice>
      <AllowDiscount>1</AllowDiscount>
      <itemStatus>1</itemStatus>
      <LastUpdateDate />
      <LastUpdateTime />
    </Product>
    <Product>
      <PriceUpdateDate>2018/04/24 09:25</PriceUpdateDate>
      <ItemCode>7290003807482</ItemCode>
      <ItemType>1</ItemType>
      <ItemName>רוטב טריאקי קנור (300 מל)</ItemName>
      <ManufactureName>יוניליוור ישראל שיווק בעמ</ManufactureName>
      <ManufactureCountry />
      <ManufactureItemDescription />
      <UnitQty>יח`</UnitQty>
      <Quantity>3</Quantity>
      <UnitMeasure>100 מ"ל</UnitMeasure>
      <BisWeighted>0</BisWeighted>
      <QtyInPackage>1</QtyInPackage>
      <ItemPrice>12.90</ItemPrice>
      <UnitOfMeasurePrice>4.30</UnitOfMeasurePrice>
      <AllowDiscount>1</AllowDiscount>
      <itemStatus>1</itemStatus>
      <LastUpdateDate />
      <LastUpdateTime />
    </Product>
    <Product>
      <PriceUpdateDate>2019/01/07 10:57</PriceUpdateDate>
      <ItemCode>7290003864478</ItemCode>
      <ItemType>1</ItemType>
      <ItemName>סרדינים בשמן צמחי וילי פוד (110 גרם)</ItemName>
      <ManufactureName>ג.וילי-פוד אינטרנשיונל בעמ</ManufactureName>
      <ManufactureCountry />
      <ManufactureItemDescription />
      <UnitQty>יח`</UnitQty>
      <Quantity>1.10</Quantity>
      <UnitMeasure>100 גרם</UnitMeasure>
      <BisWeighted>0</BisWeighted>
      <QtyInPackage>1</QtyInPackage>
      <ItemPrice>5.90</ItemPrice>
      <UnitOfMeasurePrice>5.36</UnitOfMeasurePrice>
      <AllowDiscount>1</AllowDiscount>
      <itemStatus>1</itemStatus>
      <LastUpdateDate />
      <LastUpdateTime />
    </Product>
    <Product>
      <PriceUpdateDate>2018/04/24 09:34</PriceUpdateDate>
      <ItemCode>7290003864492</ItemCode>
      <ItemType>1</ItemType>
      <ItemName>סרדין בשמן צמחי 110 גר`</ItemName>
      <ManufactureName>ג.וילי-פוד אינטרנשיונל בעמ</ManufactureName>
      <ManufactureCountry />
      <ManufactureItemDescription />
      <UnitQty>יח`</UnitQty>
      <Quantity>1.20</Quantity>
      <UnitMeasure>100 גרם</UnitMeasure>
      <BisWeighted>0</BisWeighted>
      <QtyInPackage>1</QtyInPackage>
      <ItemPrice>5.90</ItemPrice>
      <UnitOfMeasurePrice>4.92</UnitOfMeasurePrice>
      <AllowDiscount>1</AllowDiscount>
      <itemStatus>1</itemStatus>
      <LastUpdateDate />
      <LastUpdateTime />
    </Product>
    <Product>
      <PriceUpdateDate>2018/04/24 09:21</PriceUpdateDate>
      <ItemCode>7290003896141</ItemCode>
      <ItemType>1</ItemType>
      <ItemName>אלמנדוס חטיף ספרדי</ItemName>
      <ManufactureName>ליימן שליסל בעמ</ManufactureName>
      <ManufactureCountry />
      <ManufactureItemDescription />
      <UnitQty>יח`</UnitQty>
      <Quantity>2</Quantity>
      <UnitMeasure>100 גרם</UnitMeasure>
      <BisWeighted>0</BisWeighted>
      <QtyInPackage>1</QtyInPackage>
      <ItemPrice>9.90</ItemPrice>
      <UnitOfMeasurePrice>4.95</UnitOfMeasurePrice>
      <AllowDiscount>0</AllowDiscount>
      <itemStatus>1</itemStatus>
      <LastUpdateDate />
      <LastUpdateTime />
    </Product>
    <Product>
      <PriceUpdateDate>2018/04/24 09:49</PriceUpdateDate>
      <ItemCode>7290003903955</ItemCode>
      <ItemType>1</ItemType>
      <ItemName>שוקולד פרה חלב עם קרם חלב עלית (100 גרם)</ItemName>
      <ManufactureName>שטראוס גרופ בעמ</ManufactureName>
      <ManufactureCountry />
      <ManufactureItemDescription />
      <UnitQty>יח`</UnitQty>
      <Quantity>1</Quantity>
      <UnitMeasure>100 גרם</UnitMeasure>
      <BisWeighted>0</BisWeighted>
      <QtyInPackage>1</QtyInPackage>
      <ItemPrice>4.90</ItemPrice>
      <UnitOfMeasurePrice>4.90</UnitOfMeasurePrice>
      <AllowDiscount>1</AllowDiscount>
      <itemStatus>1</itemStatus>
      <LastUpdateDate />
      <LastUpdateTime />
    </Product>
    <Product>
      <PriceUpdateDate>2018/04/24 09:49</PriceUpdateDate>
      <ItemCode>7290003905331</ItemCode>
      <ItemType>1</ItemType>
      <ItemName>טבלאות פרה במילוי שברי אגוזים</ItemName>
      <ManufactureName>שטראוס גרופ בעמ</ManufactureName>
      <ManufactureCountry />
      <ManufactureItemDescription />
      <UnitQty>יח`</UnitQty>
      <Quantity>1</Quantity>
      <UnitMeasure>100 גרם</UnitMeasure>
      <BisWeighted>0</BisWeighted>
      <QtyInPackage>1</QtyInPackage>
      <ItemPrice>4.90</ItemPrice>
      <UnitOfMeasurePrice>4.90</UnitOfMeasurePrice>
      <AllowDiscount>1</AllowDiscount>
      <itemStatus>1</itemStatus>
      <LastUpdateDate />
      <LastUpdateTime />
    </Product>
    <Product>
      <PriceUpdateDate>2018/08/01 14:14</PriceUpdateDate>
      <ItemCode>7290003989096</ItemCode>
      <ItemType>1</ItemType>
      <ItemName>חצילים פיקנטי אחלה (500 גרם)</ItemName>
      <ManufactureName>שטראוס גרופ בעמ/מצונן</ManufactureName>
      <ManufactureCountry />
      <ManufactureItemDescription />
      <UnitQty>יח`</UnitQty>
      <Quantity>5.75</Quantity>
      <UnitMeasure>100 גרם</UnitMeasure>
      <BisWeighted>0</BisWeighted>
      <QtyInPackage>1</QtyInPackage>
      <ItemPrice>15.90</ItemPrice>
      <UnitOfMeasurePrice>2.77</UnitOfMeasurePrice>
      <AllowDiscount>0</AllowDiscount>
      <itemStatus>1</itemStatus>
      <LastUpdateDate />
      <LastUpdateTime />
    </Product>
    <Product>
      <PriceUpdateDate>2018/08/01 14:14</PriceUpdateDate>
      <ItemCode>7290003989539</ItemCode>
      <ItemType>1</ItemType>
      <ItemName>רביולי עם גבינה שטראוס (400 גרם)</ItemName>
      <ManufactureName>שטראוס גרופ בעמ/מצונן</ManufactureName>
      <ManufactureCountry />
      <ManufactureItemDescription />
      <UnitQty>יח`</UnitQty>
      <Quantity>4</Quantity>
      <UnitMeasure>100 גרם</UnitMeasure>
      <BisWeighted>0</BisWeighted>
      <QtyInPackage>1</QtyInPackage>
      <ItemPrice>20.90</ItemPrice>
      <UnitOfMeasurePrice>5.23</UnitOfMeasurePrice>
      <AllowDiscount>1</AllowDiscount>
      <itemStatus>1</itemStatus>
      <LastUpdateDate />
      <LastUpdateTime />
    </Product>
    <Product>
      <PriceUpdateDate>2018/04/24 10:28</PriceUpdateDate>
      <ItemCode>7290003989553</ItemCode>
      <ItemType>1</ItemType>
      <ItemName>טורטלוני מגש</ItemName>
      <ManufactureName>שטראוס גרופ בעמ/מצונן</ManufactureName>
      <ManufactureCountry />
      <ManufactureItemDescription />
      <UnitQty>יח`</UnitQty>
      <Quantity>4</Quantity>
      <UnitMeasure>100 גרם</UnitMeasure>
      <BisWeighted>0</BisWeighted>
      <QtyInPackage>1</QtyInPackage>
      <ItemPrice>20.90</ItemPrice>
      <UnitOfMeasurePrice>5.23</UnitOfMeasurePrice>
      <AllowDiscount>1</AllowDiscount>
      <itemStatus>1</itemStatus>
      <LastUpdateDate />
      <LastUpdateTime />
    </Product>
    <Product>
      <PriceUpdateDate>2018/04/24 09:16</PriceUpdateDate>
      <ItemCode>7290004011284</ItemCode>
      <ItemType>1</ItemType>
      <ItemName>בסיס להכנת קצפת צמחי ריץ` (212 מל)</ItemName>
      <ManufactureName>נטו מלינדה סחר בעמ</ManufactureName>
      <ManufactureCountry />
      <ManufactureItemDescription />
      <UnitQty>יח`</UnitQty>
      <Quantity>2.12</Quantity>
      <UnitMeasure>100 מ"ל</UnitMeasure>
      <BisWeighted>0</BisWeighted>
      <QtyInPackage>1</QtyInPackage>
      <ItemPrice>8.90</ItemPrice>
      <UnitOfMeasurePrice>4.20</UnitOfMeasurePrice>
      <AllowDiscount>1</AllowDiscount>
      <itemStatus>1</itemStatus>
      <LastUpdateDate />
      <LastUpdateTime />
    </Product>
    <Product>
      <PriceUpdateDate>2018/04/24 09:16</PriceUpdateDate>
      <ItemCode>7290004011338</ItemCode>
      <ItemType>1</ItemType>
      <ItemName>קצפת מתוקה מוכנה ספריי ריץ` (250 מל)</ItemName>
      <ManufactureName>נטו מלינדה סחר בעמ</ManufactureName>
      <ManufactureCountry />
      <ManufactureItemDescription />
      <UnitQty>יח`</UnitQty>
      <Quantity>2.50</Quantity>
      <UnitMeasure>100 מ"ל</UnitMeasure>
      <BisWeighted>0</BisWeighted>
      <QtyInPackage>1</QtyInPackage>
      <ItemPrice>15.90</ItemPrice>
      <UnitOfMeasurePrice>6.36</UnitOfMeasurePrice>
      <AllowDiscount>1</AllowDiscount>
      <itemStatus>1</itemStatus>
      <LastUpdateDate />
      <LastUpdateTime />
    </Product>
    <Product>
      <PriceUpdateDate>2018/04/24 11:48</PriceUpdateDate>
      <ItemCode>7290004011345</ItemCode>
      <ItemType>1</ItemType>
      <ItemName>קצפת 250 מל פרווה ארוסול</ItemName>
      <ManufactureName>נטו מלינדה סחר בעמ</ManufactureName>
      <ManufactureCountry />
      <ManufactureItemDescription />
      <UnitQty>יח`</UnitQty>
      <Quantity>2.50</Quantity>
      <UnitMeasure>100 מ"ל</UnitMeasure>
      <BisWeighted>0</BisWeighted>
      <QtyInPackage>1</QtyInPackage>
      <ItemPrice>15</ItemPrice>
      <UnitOfMeasurePrice>6</UnitOfMeasurePrice>
      <AllowDiscount>1</AllowDiscount>
      <itemStatus>1</itemStatus>
      <LastUpdateDate />
      <LastUpdateTime />
    </Product>
    <Product>
      <PriceUpdateDate>2018/07/25 08:51</PriceUpdateDate>
      <ItemCode>7290004011826</ItemCode>
      <ItemType>1</ItemType>
      <ItemName>מיני המבורגר ריב אנטריקוט אל גאוצ`ו 320</ItemName>
      <ManufactureName>נטו מלינדה סחר בעמ</ManufactureName>
      <ManufactureCountry />
      <ManufactureItemDescription />
      <UnitQty>יח`</UnitQty>
      <Quantity>3.20</Quantity>
      <UnitMeasure>100 גרם</UnitMeasure>
      <BisWeighted>0</BisWeighted>
      <QtyInPackage>1</QtyInPackage>
      <ItemPrice>22.90</ItemPrice>
      <UnitOfMeasurePrice>7.16</UnitOfMeasurePrice>
      <AllowDiscount>1</AllowDiscount>
      <itemStatus>1</itemStatus>
      <LastUpdateDate />
      <LastUpdateTime />
    </Product>
    <Product>
      <PriceUpdateDate>2019/02/18 11:19</PriceUpdateDate>
      <ItemCode>7290004030117</ItemCode>
      <ItemType>1</ItemType>
      <ItemName>מיץ אננס 1 ליטר סחוט 100% פרי ניב</ItemName>
      <ManufactureName>תנובה - פריניב</ManufactureName>
      <ManufactureCountry />
      <ManufactureItemDescription />
      <UnitQty>יח`</UnitQty>
      <Quantity>10</Quantity>
      <UnitMeasure>100 מ"ל</UnitMeasure>
      <BisWeighted>0</BisWeighted>
      <QtyInPackage>1</QtyInPackage>
      <ItemPrice>16.90</ItemPrice>
      <UnitOfMeasurePrice>1.66</UnitOfMeasurePrice>
      <AllowDiscount>1</AllowDiscount>
      <itemStatus>1</itemStatus>
      <LastUpdateDate />
      <LastUpdateTime />
    </Product>
    <Product>
      <PriceUpdateDate>2018/04/24 13:07</PriceUpdateDate>
      <ItemCode>7290004030223</ItemCode>
      <ItemType>1</ItemType>
      <ItemName>סחוט 1 ליטר תפוח פרי ניב</ItemName>
      <ManufactureName>תנובה - פריניב</ManufactureName>
      <ManufactureCountry />
      <ManufactureItemDescription />
      <UnitQty>יח`</UnitQty>
      <Quantity>10</Quantity>
      <UnitMeasure>100 מ"ל</UnitMeasure>
      <BisWeighted>0</BisWeighted>
      <QtyInPackage>1</QtyInPackage>
      <ItemPrice>17.30</ItemPrice>
      <UnitOfMeasurePrice>1.70</UnitOfMeasurePrice>
      <AllowDiscount>1</AllowDiscount>
      <itemStatus>1</itemStatus>
      <LastUpdateDate />
      <LastUpdateTime />
    </Product>
    <Product>
      <PriceUpdateDate>2020/03/24 14:07</PriceUpdateDate>
      <ItemCode>7290004061487</ItemCode>
      <ItemType>1</ItemType>
      <ItemName>טבעול עוף 700  גר`טופ שף</ItemName>
      <ManufactureName>קפוא-זן תעשיות מזון בעמ - תפוג</ManufactureName>
      <ManufactureCountry />
      <ManufactureItemDescription />
      <UnitQty>יח`</UnitQty>
      <Quantity>7</Quantity>
      <UnitMeasure>100 גרם</UnitMeasure>
      <BisWeighted>0</BisWeighted>
      <QtyInPackage>1</QtyInPackage>
      <ItemPrice>14.90</ItemPrice>
      <UnitOfMeasurePrice>2.13</UnitOfMeasurePrice>
      <AllowDiscount>0</AllowDiscount>
      <itemStatus>1</itemStatus>
      <LastUpdateDate />
      <LastUpdateTime />
    </Product>
    <Product>
      <PriceUpdateDate>2018/10/15 10:13</PriceUpdateDate>
      <ItemCode>7290004063016</ItemCode>
      <ItemType>1</ItemType>
      <ItemName>מלח שולחן מעולה סלית (1  קג)פיקוח</ItemName>
      <ManufactureName>סוגת תעשיות בעמ</ManufactureName>
      <ManufactureCountry />
      <ManufactureItemDescription />
      <UnitQty>יח`</UnitQty>
      <Quantity>1</Quantity>
      <UnitMeasure>ק"ג</UnitMeasure>
      <BisWeighted>0</BisWeighted>
      <QtyInPackage>1</QtyInPackage>
      <ItemPrice>1.90</ItemPrice>
      <UnitOfMeasurePrice>1.90</UnitOfMeasurePrice>
      <AllowDiscount>0</AllowDiscount>
      <itemStatus>1</itemStatus>
      <LastUpdateDate />
      <LastUpdateTime />
    </Product>
    <Product>
      <PriceUpdateDate>2018/10/15 10:13</PriceUpdateDate>
      <ItemCode>7290004063115</ItemCode>
      <ItemType>1</ItemType>
      <ItemName>מלח מטבח גס ארזינא (1  קג)פיקוח</ItemName>
      <ManufactureName>סוגת תעשיות בעמ</ManufactureName>
      <ManufactureCountry />
      <ManufactureItemDescription />
      <UnitQty>יח`</UnitQty>
      <Quantity>1</Quantity>
      <UnitMeasure>ק"ג</UnitMeasure>
      <BisWeighted>0</BisWeighted>
      <QtyInPackage>1</QtyInPackage>
      <ItemPrice>1.90</ItemPrice>
      <UnitOfMeasurePrice>1.90</UnitOfMeasurePrice>
      <AllowDiscount>0</AllowDiscount>
      <itemStatus>1</itemStatus>
      <LastUpdateDate />
      <LastUpdateTime />
    </Product>
    <Product>
      <PriceUpdateDate>2019/03/04 07:27</PriceUpdateDate>
      <ItemCode>7290004064099</ItemCode>
      <ItemType>1</ItemType>
      <ItemName>מטחנה מלח מהרי ההימלאיה</ItemName>
      <ManufactureName>תה ויסוצקי (ישראל) בעמ</ManufactureName>
      <ManufactureCountry />
      <ManufactureItemDescription />
      <UnitQty>יח`</UnitQty>
      <Quantity>2.50</Quantity>
      <UnitMeasure>100 גרם</UnitMeasure>
      <BisWeighted>0</BisWeighted>
      <QtyInPackage>1</QtyInPackage>
      <ItemPrice>16.90</ItemPrice>
      <UnitOfMeasurePrice>6.76</UnitOfMeasurePrice>
      <AllowDiscount>0</AllowDiscount>
      <itemStatus>1</itemStatus>
      <LastUpdateDate />
      <LastUpdateTime />
    </Product>
    <Product>
      <PriceUpdateDate>2019/03/04 07:27</PriceUpdateDate>
      <ItemCode>7290004064105</ItemCode>
      <ItemType>1</ItemType>
      <ItemName>מטחנה מלח עשבי תיבול</ItemName>
      <ManufactureName>תה ויסוצקי (ישראל) בעמ</ManufactureName>
      <ManufactureCountry />
      <ManufactureItemDescription />
      <UnitQty>יח`</UnitQty>
      <Quantity>2.50</Quantity>
      <UnitMeasure>100 גרם</UnitMeasure>
      <BisWeighted>0</BisWeighted>
      <QtyInPackage>1</QtyInPackage>
      <ItemPrice>16.90</ItemPrice>
      <UnitOfMeasurePrice>6.76</UnitOfMeasurePrice>
      <AllowDiscount>0</AllowDiscount>
      <itemStatus>1</itemStatus>
      <LastUpdateDate />
      <LastUpdateTime />
    </Product>
    <Product>
      <PriceUpdateDate>2018/05/18 09:20</PriceUpdateDate>
      <ItemCode>7290004064174</ItemCode>
      <ItemType>1</ItemType>
      <ItemName>מלח ההימלאיה דק בצנצנת 1 קג`</ItemName>
      <ManufactureName>תה ויסוצקי (ישראל) בעמ</ManufactureName>
      <ManufactureCountry />
      <ManufactureItemDescription />
      <UnitQty>יח`</UnitQty>
      <Quantity>1</Quantity>
      <UnitMeasure>ק"ג</UnitMeasure>
      <BisWeighted>0</BisWeighted>
      <QtyInPackage>1</QtyInPackage>
      <ItemPrice>17.90</ItemPrice>
      <UnitOfMeasurePrice>17.90</UnitOfMeasurePrice>
      <AllowDiscount>0</AllowDiscount>
      <itemStatus>1</itemStatus>
      <LastUpdateDate />
      <LastUpdateTime />
    </Product>
    <Product>
      <PriceUpdateDate>2018/05/18 09:20</PriceUpdateDate>
      <ItemCode>7290004064181</ItemCode>
      <ItemType>1</ItemType>
      <ItemName>מלח ההימלאיה גס בצנצנת 1 קג`</ItemName>
      <ManufactureName>תה ויסוצקי (ישראל) בעמ</ManufactureName>
      <ManufactureCountry />
      <ManufactureItemDescription />
      <UnitQty>יח`</UnitQty>
      <Quantity>1</Quantity>
      <UnitMeasure>ק"ג</UnitMeasure>
      <BisWeighted>0</BisWeighted>
      <QtyInPackage>1</QtyInPackage>
      <ItemPrice>17.90</ItemPrice>
      <UnitOfMeasurePrice>17.90</UnitOfMeasurePrice>
      <AllowDiscount>0</AllowDiscount>
      <itemStatus>1</itemStatus>
      <LastUpdateDate />
      <LastUpdateTime />
    </Product>
    <Product>
      <PriceUpdateDate>2019/07/17 10:31</PriceUpdateDate>
      <ItemCode>7290004064280</ItemCode>
      <ItemType>1</ItemType>
      <ItemName>מלח מופחת נתרן בצנצנת 600  גר`מלח הארץ</ItemName>
      <ManufactureName>תה ויסוצקי (ישראל) בעמ</ManufactureName>
      <ManufactureCountry />
      <ManufactureItemDescription />
      <UnitQty>יח`</UnitQty>
      <Quantity>6</Quantity>
      <UnitMeasure>100 גרם</UnitMeasure>
      <BisWeighted>0</BisWeighted>
      <QtyInPackage>1</QtyInPackage>
      <ItemPrice>15.90</ItemPrice>
      <UnitOfMeasurePrice>2.65</UnitOfMeasurePrice>
      <AllowDiscount>0</AllowDiscount>
      <itemStatus>1</itemStatus>
      <LastUpdateDate />
      <LastUpdateTime />
    </Product>
    <Product>
      <PriceUpdateDate>2019/07/17 10:31</PriceUpdateDate>
      <ItemCode>7290004064303</ItemCode>
      <ItemType>1</ItemType>
      <ItemName>מלח אטלנטי בצנצנת 800  גר`מלח הארץ</ItemName>
      <ManufactureName>תה ויסוצקי (ישראל) בעמ</ManufactureName>
      <ManufactureCountry />
      <ManufactureItemDescription />
      <UnitQty>יח`</UnitQty>
      <Quantity>8</Quantity>
      <UnitMeasure>100 גרם</UnitMeasure>
      <BisWeighted>0</BisWeighted>
      <QtyInPackage>1</QtyInPackage>
      <ItemPrice>18.90</ItemPrice>
      <UnitOfMeasurePrice>2.36</UnitOfMeasurePrice>
      <AllowDiscount>0</AllowDiscount>
      <itemStatus>1</itemStatus>
      <LastUpdateDate />
      <LastUpdateTime />
    </Product>
    <Product>
      <PriceUpdateDate>2019/12/12 14:13</PriceUpdateDate>
      <ItemCode>7290004064358</ItemCode>
      <ItemType>1</ItemType>
      <ItemName>מלח מעושר ביוד 1 קג קרטון מלח הארץ</ItemName>
      <ManufactureName>תה ויסוצקי (ישראל) בעמ</ManufactureName>
      <ManufactureCountry />
      <ManufactureItemDescription />
      <UnitQty>יח`</UnitQty>
      <Quantity>10</Quantity>
      <UnitMeasure>100 גרם</UnitMeasure>
      <BisWeighted>0</BisWeighted>
      <QtyInPackage>1</QtyInPackage>
      <ItemPrice>4.90</ItemPrice>
      <UnitOfMeasurePrice>0.49</UnitOfMeasurePrice>
      <AllowDiscount>0</AllowDiscount>
      <itemStatus>1</itemStatus>
      <LastUpdateDate />
      <LastUpdateTime />
    </Product>
    <Product>
      <PriceUpdateDate>2019/12/12 14:13</PriceUpdateDate>
      <ItemCode>7290004064365</ItemCode>
      <ItemType>1</ItemType>
      <ItemName>מלח דק מעושר ביוד 1 קג קרטון מלח הארץ</ItemName>
      <ManufactureName>תה ויסוצקי (ישראל) בעמ</ManufactureName>
      <ManufactureCountry />
      <ManufactureItemDescription />
      <UnitQty>יח`</UnitQty>
      <Quantity>10</Quantity>
      <UnitMeasure>100 גרם</UnitMeasure>
      <BisWeighted>0</BisWeighted>
      <QtyInPackage>1</QtyInPackage>
      <ItemPrice>5.90</ItemPrice>
      <UnitOfMeasurePrice>0.59</UnitOfMeasurePrice>
      <AllowDiscount>0</AllowDiscount>
      <itemStatus>1</itemStatus>
      <LastUpdateDate />
      <LastUpdateTime />
    </Product>
    <Product>
      <PriceUpdateDate>2018/10/21 12:50</PriceUpdateDate>
      <ItemCode>7290004068011</ItemCode>
      <ItemType>1</ItemType>
      <ItemName>יוגורט כבשים 5% גד (600 גרם)</ItemName>
      <ManufactureName>מחלבות גד שיווק 1992 בעמ</ManufactureName>
      <ManufactureCountry />
      <ManufactureItemDescription />
      <UnitQty>יח`</UnitQty>
      <Quantity>6</Quantity>
      <UnitMeasure>100 גרם</UnitMeasure>
      <BisWeighted>0</BisWeighted>
      <QtyInPackage>1</QtyInPackage>
      <ItemPrice>17.90</ItemPrice>
      <UnitOfMeasurePrice>2.98</UnitOfMeasurePrice>
      <AllowDiscount>0</AllowDiscount>
      <itemStatus>1</itemStatus>
      <LastUpdateDate />
      <LastUpdateTime />
    </Product>
    <Product>
      <PriceUpdateDate>2018/07/08 11:12</PriceUpdateDate>
      <ItemCode>7290004068028</ItemCode>
      <ItemType>1</ItemType>
      <ItemName>ציזיקי 500 מל</ItemName>
      <ManufactureName>מחלבות גד שיווק 1992 בעמ</ManufactureName>
      <ManufactureCountry />
      <ManufactureItemDescription />
      <UnitQty>יח`</UnitQty>
      <Quantity>5</Quantity>
      <UnitMeasure>100 מ"ל</UnitMeasure>
      <BisWeighted>0</BisWeighted>
      <QtyInPackage>1</QtyInPackage>
      <ItemPrice>10</ItemPrice>
      <UnitOfMeasurePrice>2</UnitOfMeasurePrice>
      <AllowDiscount>0</AllowDiscount>
      <itemStatus>1</itemStatus>
      <LastUpdateDate />
      <LastUpdateTime />
    </Product>
    <Product>
      <PriceUpdateDate>2018/10/21 12:50</PriceUpdateDate>
      <ItemCode>7290004068172</ItemCode>
      <ItemType>1</ItemType>
      <ItemName>יוגורט עיזים 5% גד (600 גרם)</ItemName>
      <ManufactureName>מחלבות גד שיווק 1992 בעמ</ManufactureName>
      <ManufactureCountry />
      <ManufactureItemDescription />
      <UnitQty>יח`</UnitQty>
      <Quantity>6</Quantity>
      <UnitMeasure>100 גרם</UnitMeasure>
      <BisWeighted>0</BisWeighted>
      <QtyInPackage>1</QtyInPackage>
      <ItemPrice>17.90</ItemPrice>
      <UnitOfMeasurePrice>2.98</UnitOfMeasurePrice>
      <AllowDiscount>0</AllowDiscount>
      <itemStatus>1</itemStatus>
      <LastUpdateDate />
      <LastUpdateTime />
    </Product>
    <Product>
      <PriceUpdateDate>2018/04/24 09:23</PriceUpdateDate>
      <ItemCode>7290004119225</ItemCode>
      <ItemType>1</ItemType>
      <ItemName>יוגורט ביו 3% אננס יופלה (150 גרם)</ItemName>
      <ManufactureName>תנובה - חלב</ManufactureName>
      <ManufactureCountry />
      <ManufactureItemDescription />
      <UnitQty>יח`</UnitQty>
      <Quantity>1.50</Quantity>
      <UnitMeasure>100 מ"ל</UnitMeasure>
      <BisWeighted>0</BisWeighted>
      <QtyInPackage>1</QtyInPackage>
      <ItemPrice>4.90</ItemPrice>
      <UnitOfMeasurePrice>3.27</UnitOfMeasurePrice>
      <AllowDiscount>1</AllowDiscount>
      <itemStatus>1</itemStatus>
      <LastUpdateDate />
      <LastUpdateTime />
    </Product>
    <Product>
      <PriceUpdateDate>2018/08/08 12:35</PriceUpdateDate>
      <ItemCode>7290004119522</ItemCode>
      <ItemType>1</ItemType>
      <ItemName>שוקו שוק שקית 225 2%</ItemName>
      <ManufactureName>תנובה - חלב</ManufactureName>
      <ManufactureCountry />
      <ManufactureItemDescription />
      <UnitQty>יח`</UnitQty>
      <Quantity>2.25</Quantity>
      <UnitMeasure>100 מ"ל</UnitMeasure>
      <BisWeighted>0</BisWeighted>
      <QtyInPackage>1</QtyInPackage>
      <ItemPrice>2.90</ItemPrice>
      <UnitOfMeasurePrice>1.29</UnitOfMeasurePrice>
      <AllowDiscount>0</AllowDiscount>
      <itemStatus>1</itemStatus>
      <LastUpdateDate />
      <LastUpdateTime />
    </Product>
    <Product>
      <PriceUpdateDate>2018/04/24 09:23</PriceUpdateDate>
      <ItemCode>7290004120108</ItemCode>
      <ItemType>1</ItemType>
      <ItemName>דיאט יופלה דובדבן</ItemName>
      <ManufactureName>תנובה - חלב</ManufactureName>
      <ManufactureCountry />
      <ManufactureItemDescription />
      <UnitQty>יח`</UnitQty>
      <Quantity>1.50</Quantity>
      <UnitMeasure>100 מ"ל</UnitMeasure>
      <BisWeighted>0</BisWeighted>
      <QtyInPackage>1</QtyInPackage>
      <ItemPrice>4.90</ItemPrice>
      <UnitOfMeasurePrice>3.27</UnitOfMeasurePrice>
      <AllowDiscount>1</AllowDiscount>
      <itemStatus>1</itemStatus>
      <LastUpdateDate />
      <LastUpdateTime />
    </Product>
    <Product>
      <PriceUpdateDate>2018/08/08 12:35</PriceUpdateDate>
      <ItemCode>7290004120269</ItemCode>
      <ItemType>1</ItemType>
      <ItemName>שוקו שישיה</ItemName>
      <ManufactureName>תנובה - חלב</ManufactureName>
      <ManufactureCountry />
      <ManufactureItemDescription />
      <UnitQty>יח`</UnitQty>
      <Quantity>13.50</Quantity>
      <UnitMeasure>100 מ"ל</UnitMeasure>
      <BisWeighted>0</BisWeighted>
      <QtyInPackage>1</QtyInPackage>
      <ItemPrice>16.90</ItemPrice>
      <UnitOfMeasurePrice>1.25</UnitOfMeasurePrice>
      <AllowDiscount>0</AllowDiscount>
      <itemStatus>1</itemStatus>
      <LastUpdateDate />
      <LastUpdateTime />
    </Product>
    <Product>
      <PriceUpdateDate>2019/06/10 10:53</PriceUpdateDate>
      <ItemCode>7290004120566</ItemCode>
      <ItemType>1</ItemType>
      <ItemName>גבינה בולגרית 24% פיראוס (250 גרם)</ItemName>
      <ManufactureName>תנובה - חלב</ManufactureName>
      <ManufactureCountry />
      <ManufactureItemDescription />
      <UnitQty>יח`</UnitQty>
      <Quantity>2.50</Quantity>
      <UnitMeasure>100 גרם</UnitMeasure>
      <BisWeighted>0</BisWeighted>
      <QtyInPackage>1</QtyInPackage>
      <ItemPrice>22.90</ItemPrice>
      <UnitOfMeasurePrice>9.16</UnitOfMeasurePrice>
      <AllowDiscount>0</AllowDiscount>
      <itemStatus>1</itemStatus>
      <LastUpdateDate />
      <LastUpdateTime />
    </Product>
    <Product>
      <PriceUpdateDate>2019/06/10 10:53</PriceUpdateDate>
      <ItemCode>7290004120573</ItemCode>
      <ItemType>1</ItemType>
      <ItemName>גבינה בולגרית 16% פיראוס (250 גרם)</ItemName>
      <ManufactureName>תנובה - חלב</ManufactureName>
      <ManufactureCountry />
      <ManufactureItemDescription />
      <UnitQty>יח`</UnitQty>
      <Quantity>2.50</Quantity>
      <UnitMeasure>100 גרם</UnitMeasure>
      <BisWeighted>0</BisWeighted>
      <QtyInPackage>1</QtyInPackage>
      <ItemPrice>22.90</ItemPrice>
      <UnitOfMeasurePrice>9.16</UnitOfMeasurePrice>
      <AllowDiscount>0</AllowDiscount>
      <itemStatus>1</itemStatus>
      <LastUpdateDate />
      <LastUpdateTime />
    </Product>
    <Product>
      <PriceUpdateDate>2019/06/10 10:53</PriceUpdateDate>
      <ItemCode>7290004120634</ItemCode>
      <ItemType>1</ItemType>
      <ItemName>גבינה בולגרית 5% פיראוס (250 גרם)</ItemName>
      <ManufactureName>תנובה - חלב</ManufactureName>
      <ManufactureCountry />
      <ManufactureItemDescription />
      <UnitQty>יח`</UnitQty>
      <Quantity>2.50</Quantity>
      <UnitMeasure>100 גרם</UnitMeasure>
      <BisWeighted>0</BisWeighted>
      <QtyInPackage>1</QtyInPackage>
      <ItemPrice>21.90</ItemPrice>
      <UnitOfMeasurePrice>8.76</UnitOfMeasurePrice>
      <AllowDiscount>0</AllowDiscount>
      <itemStatus>1</itemStatus>
      <LastUpdateDate />
      <LastUpdateTime />
    </Product>
    <Product>
      <PriceUpdateDate>2019/06/19 09:52</PriceUpdateDate>
      <ItemCode>7290004120832</ItemCode>
      <ItemType>1</ItemType>
      <ItemName>חלב 3% מהדרין תנובה (2 ליטר) פי</ItemName>
      <ManufactureName>תנובה - חלב</ManufactureName>
      <ManufactureCountry />
      <ManufactureItemDescription />
      <UnitQty>יח`</UnitQty>
      <Quantity>2</Quantity>
      <UnitMeasure>1 ליטר</UnitMeasure>
      <BisWeighted>0</BisWeighted>
      <QtyInPackage>1</QtyInPackage>
      <ItemPrice>11.88</ItemPrice>
      <UnitOfMeasurePrice>5.94</UnitOfMeasurePrice>
      <AllowDiscount>0</AllowDiscount>
      <itemStatus>1</itemStatus>
      <LastUpdateDate />
      <LastUpdateTime />
    </Product>
    <Product>
      <PriceUpdateDate>2018/04/24 09:23</PriceUpdateDate>
      <ItemCode>7290004121488</ItemCode>
      <ItemType>1</ItemType>
      <ItemName>יוגורט ביו דיאט 0% אפרסק יופלה (150 גרם)</ItemName>
      <ManufactureName>תנובה - חלב</ManufactureName>
      <ManufactureCountry />
      <ManufactureItemDescription />
      <UnitQty>יח`</UnitQty>
      <Quantity>1.50</Quantity>
      <UnitMeasure>100 מ"ל</UnitMeasure>
      <BisWeighted>0</BisWeighted>
      <QtyInPackage>1</QtyInPackage>
      <ItemPrice>4.90</ItemPrice>
      <UnitOfMeasurePrice>3.27</UnitOfMeasurePrice>
      <AllowDiscount>1</AllowDiscount>
      <itemStatus>1</itemStatus>
      <LastUpdateDate />
      <LastUpdateTime />
    </Product>
    <Product>
      <PriceUpdateDate>2018/04/24 09:23</PriceUpdateDate>
      <ItemCode>7290004121754</ItemCode>
      <ItemType>1</ItemType>
      <ItemName>יופלה עוגת גבינה ותות 3%</ItemName>
      <ManufactureName>תנובה - חלב</ManufactureName>
      <ManufactureCountry />
      <ManufactureItemDescription />
      <UnitQty>יח`</UnitQty>
      <Quantity>1.50</Quantity>
      <UnitMeasure>100 מ"ל</UnitMeasure>
      <BisWeighted>0</BisWeighted>
      <QtyInPackage>1</QtyInPackage>
      <ItemPrice>4.90</ItemPrice>
      <UnitOfMeasurePrice>3.27</UnitOfMeasurePrice>
      <AllowDiscount>1</AllowDiscount>
      <itemStatus>1</itemStatus>
      <LastUpdateDate />
      <LastUpdateTime />
    </Product>
    <Product>
      <PriceUpdateDate>2018/08/08 12:35</PriceUpdateDate>
      <ItemCode>7290004121853</ItemCode>
      <ItemType>1</ItemType>
      <ItemName>גבינה בולגרית קוביות 5% פיראוס (200 גרם)</ItemName>
      <ManufactureName>תנובה - חלב</ManufactureName>
      <ManufactureCountry />
      <ManufactureItemDescription />
      <UnitQty>יח`</UnitQty>
      <Quantity>2</Quantity>
      <UnitMeasure>100 גרם</UnitMeasure>
      <BisWeighted>0</BisWeighted>
      <QtyInPackage>1</QtyInPackage>
      <ItemPrice>20.90</ItemPrice>
      <UnitOfMeasurePrice>10.45</UnitOfMeasurePrice>
      <AllowDiscount>0</AllowDiscount>
      <itemStatus>1</itemStatus>
      <LastUpdateDate />
      <LastUpdateTime />
    </Product>
    <Product>
      <PriceUpdateDate>2018/08/08 12:35</PriceUpdateDate>
      <ItemCode>7290004122119</ItemCode>
      <ItemType>1</ItemType>
      <ItemName>פתיתי גבינת פרמזן השף הלבן (100 גרם)</ItemName>
      <ManufactureName>תנובה - חלב</ManufactureName>
      <ManufactureCountry />
      <ManufactureItemDescription />
      <UnitQty>יח`</UnitQty>
      <Quantity>1</Quantity>
      <UnitMeasure>100 גרם</UnitMeasure>
      <BisWeighted>0</BisWeighted>
      <QtyInPackage>1</QtyInPackage>
      <ItemPrice>12.20</ItemPrice>
      <UnitOfMeasurePrice>12.20</UnitOfMeasurePrice>
      <AllowDiscount>0</AllowDiscount>
      <itemStatus>1</itemStatus>
      <LastUpdateDate />
      <LastUpdateTime />
    </Product>
    <Product>
      <PriceUpdateDate>2018/08/08 12:35</PriceUpdateDate>
      <ItemCode>7290004122195</ItemCode>
      <ItemType>1</ItemType>
      <ItemName>גוש חלב פרוס</ItemName>
      <ManufactureName>תנובה - חלב</ManufactureName>
      <ManufactureCountry />
      <ManufactureItemDescription />
      <UnitQty>יח`</UnitQty>
      <Quantity>2</Quantity>
      <UnitMeasure>100 גרם</UnitMeasure>
      <BisWeighted>0</BisWeighted>
      <QtyInPackage>1</QtyInPackage>
      <ItemPrice>13.50</ItemPrice>
      <UnitOfMeasurePrice>6.75</UnitOfMeasurePrice>
      <AllowDiscount>0</AllowDiscount>
      <itemStatus>1</itemStatus>
      <LastUpdateDate />
      <LastUpdateTime />
    </Product>
    <Product>
      <PriceUpdateDate>2018/08/08 12:35</PriceUpdateDate>
      <ItemCode>7290004122270</ItemCode>
      <ItemType>1</ItemType>
      <ItemName>גבינה צהובה קלאסית 28% עמק (200 גרם)</ItemName>
      <ManufactureName>תנובה - חלב</ManufactureName>
      <ManufactureCountry />
      <ManufactureItemDescription />
      <UnitQty>יח`</UnitQty>
      <Quantity>2</Quantity>
      <UnitMeasure>100 גרם</UnitMeasure>
      <BisWeighted>0</BisWeighted>
      <QtyInPackage>1</QtyInPackage>
      <ItemPrice>16.10</ItemPrice>
      <UnitOfMeasurePrice>8.05</UnitOfMeasurePrice>
      <AllowDiscount>0</AllowDiscount>
      <itemStatus>1</itemStatus>
      <LastUpdateDate />
      <LastUpdateTime />
    </Product>
    <Product>
      <PriceUpdateDate>2018/08/08 12:35</PriceUpdateDate>
      <ItemCode>7290004122676</ItemCode>
      <ItemType>1</ItemType>
      <ItemName>גבינה חמד לייט 5% פיראוס (250 גרם)</ItemName>
      <ManufactureName>תנובה - חלב</ManufactureName>
      <ManufactureCountry />
      <ManufactureItemDescription />
      <UnitQty>יח`</UnitQty>
      <Quantity>2.50</Quantity>
      <UnitMeasure>100 גרם</UnitMeasure>
      <BisWeighted>0</BisWeighted>
      <QtyInPackage>1</QtyInPackage>
      <ItemPrice>17.90</ItemPrice>
      <UnitOfMeasurePrice>7.16</UnitOfMeasurePrice>
      <AllowDiscount>0</AllowDiscount>
      <itemStatus>1</itemStatus>
      <LastUpdateDate />
      <LastUpdateTime />
    </Product>
    <Product>
      <PriceUpdateDate>2018/08/08 12:35</PriceUpdateDate>
      <ItemCode>7290004122683</ItemCode>
      <ItemType>1</ItemType>
      <ItemName>אצבעות עמק</ItemName>
      <ManufactureName>תנובה - חלב</ManufactureName>
      <ManufactureCountry />
      <ManufactureItemDescription />
      <UnitQty>יח`</UnitQty>
      <Quantity>1.72</Quantity>
      <UnitMeasure>100 גרם</UnitMeasure>
      <BisWeighted>0</BisWeighted>
      <QtyInPackage>1</QtyInPackage>
      <ItemPrice>16.20</ItemPrice>
      <UnitOfMeasurePrice>9.42</UnitOfMeasurePrice>
      <AllowDiscount>0</AllowDiscount>
      <itemStatus>1</itemStatus>
      <LastUpdateDate />
      <LastUpdateTime />
    </Product>
    <Product>
      <PriceUpdateDate>2018/04/24 09:16</PriceUpdateDate>
      <ItemCode>7290004124205</ItemCode>
      <ItemType>1</ItemType>
      <ItemName>יוגורט ביו דיאט 0% תות יופלה (150 גרם)</ItemName>
      <ManufactureName>תנובה - חלב</ManufactureName>
      <ManufactureCountry />
      <ManufactureItemDescription />
      <UnitQty>יח`</UnitQty>
      <Quantity>1.50</Quantity>
      <UnitMeasure>100 מ"ל</UnitMeasure>
      <BisWeighted>0</BisWeighted>
      <QtyInPackage>1</QtyInPackage>
      <ItemPrice>4.90</ItemPrice>
      <UnitOfMeasurePrice>3.27</UnitOfMeasurePrice>
      <AllowDiscount>1</AllowDiscount>
      <itemStatus>1</itemStatus>
      <LastUpdateDate />
      <LastUpdateTime />
    </Product>
    <Product>
      <PriceUpdateDate>2018/04/24 09:16</PriceUpdateDate>
      <ItemCode>7290004124847</ItemCode>
      <ItemType>1</ItemType>
      <ItemName>קצפת צמחית השף הלבן 500</ItemName>
      <ManufactureName>תנובה - חלב</ManufactureName>
      <ManufactureCountry />
      <ManufactureItemDescription />
      <UnitQty>יח`</UnitQty>
      <Quantity>5</Quantity>
      <UnitMeasure>100 מ"ל</UnitMeasure>
      <BisWeighted>0</BisWeighted>
      <QtyInPackage>1</QtyInPackage>
      <ItemPrice>13.90</ItemPrice>
      <UnitOfMeasurePrice>2.78</UnitOfMeasurePrice>
      <AllowDiscount>0</AllowDiscount>
      <itemStatus>1</itemStatus>
      <LastUpdateDate />
      <LastUpdateTime />
    </Product>
    <Product>
      <PriceUpdateDate>2018/08/08 12:35</PriceUpdateDate>
      <ItemCode>7290004125370</ItemCode>
      <ItemType>1</ItemType>
      <ItemName>שמנת 9%</ItemName>
      <ManufactureName>תנובה - חלב</ManufactureName>
      <ManufactureCountry />
      <ManufactureItemDescription />
      <UnitQty>יח`</UnitQty>
      <Quantity>2</Quantity>
      <UnitMeasure>100 מ"ל</UnitMeasure>
      <BisWeighted>0</BisWeighted>
      <QtyInPackage>1</QtyInPackage>
      <ItemPrice>3.70</ItemPrice>
      <UnitOfMeasurePrice>1.85</UnitOfMeasurePrice>
      <AllowDiscount>0</AllowDiscount>
      <itemStatus>1</itemStatus>
      <LastUpdateDate />
      <LastUpdateTime />
    </Product>
    <Product>
      <PriceUpdateDate>2019/06/19 09:52</PriceUpdateDate>
      <ItemCode>7290004125400</ItemCode>
      <ItemType>1</ItemType>
      <ItemName>אשל 4.5% מהדרין תנובה (200  מל)פיקו</ItemName>
      <ManufactureName>תנובה - חלב</ManufactureName>
      <ManufactureCountry />
      <ManufactureItemDescription />
      <UnitQty>יח`</UnitQty>
      <Quantity>2</Quantity>
      <UnitMeasure>100 מ"ל</UnitMeasure>
      <BisWeighted>0</BisWeighted>
      <QtyInPackage>1</QtyInPackage>
      <ItemPrice>1.58</ItemPrice>
      <UnitOfMeasurePrice>0.79</UnitOfMeasurePrice>
      <AllowDiscount>0</AllowDiscount>
      <itemStatus>1</itemStatus>
      <LastUpdateDate />
      <LastUpdateTime />
    </Product>
    <Product>
      <PriceUpdateDate>2019/06/19 09:52</PriceUpdateDate>
      <ItemCode>7290004125417</ItemCode>
      <ItemType>1</ItemType>
      <ItemName>גיל 3% מהדרין תנובה (200  מל)פיקוח</ItemName>
      <ManufactureName>תנובה - חלב</ManufactureName>
      <ManufactureCountry />
      <ManufactureItemDescription />
      <UnitQty>יח`</UnitQty>
      <Quantity>2</Quantity>
      <UnitMeasure>100 מ"ל</UnitMeasure>
      <BisWeighted>0</BisWeighted>
      <QtyInPackage>1</QtyInPackage>
      <ItemPrice>1.44</ItemPrice>
      <UnitOfMeasurePrice>0.72</UnitOfMeasurePrice>
      <AllowDiscount>0</AllowDiscount>
      <itemStatus>1</itemStatus>
      <LastUpdateDate />
      <LastUpdateTime />
    </Product>
    <Product>
      <PriceUpdateDate>2019/06/19 09:52</PriceUpdateDate>
      <ItemCode>7290004125455</ItemCode>
      <ItemType>1</ItemType>
      <ItemName>שמנת חמוצה 15% מהדרין תנובה (200 מל)</ItemName>
      <ManufactureName>תנובה - חלב</ManufactureName>
      <ManufactureCountry />
      <ManufactureItemDescription />
      <UnitQty>יח`</UnitQty>
      <Quantity>2</Quantity>
      <UnitMeasure>100 מ"ל</UnitMeasure>
      <BisWeighted>0</BisWeighted>
      <QtyInPackage>1</QtyInPackage>
      <ItemPrice>2.28</ItemPrice>
      <UnitOfMeasurePrice>1.14</UnitOfMeasurePrice>
      <AllowDiscount>1</AllowDiscount>
      <itemStatus>1</itemStatus>
      <LastUpdateDate />
      <LastUpdateTime />
    </Product>
    <Product>
      <PriceUpdateDate>2019/06/19 09:52</PriceUpdateDate>
      <ItemCode>7290004125462</ItemCode>
      <ItemType>1</ItemType>
      <ItemName>שמנת חמוצה 15% תנובה (500 מל)</ItemName>
      <ManufactureName>תנובה - חלב</ManufactureName>
      <ManufactureCountry />
      <ManufactureItemDescription />
      <UnitQty>יח`</UnitQty>
      <Quantity>5</Quantity>
      <UnitMeasure>100 מ"ל</UnitMeasure>
      <BisWeighted>0</BisWeighted>
      <QtyInPackage>1</QtyInPackage>
      <ItemPrice>5.70</ItemPrice>
      <UnitOfMeasurePrice>1.14</UnitOfMeasurePrice>
      <AllowDiscount>0</AllowDiscount>
      <itemStatus>1</itemStatus>
      <LastUpdateDate />
      <LastUpdateTime />
    </Product>
    <Product>
      <PriceUpdateDate>2018/04/24 09:16</PriceUpdateDate>
      <ItemCode>7290004125509</ItemCode>
      <ItemType>1</ItemType>
      <ItemName>שמנת חמוצה 15% תנובה (100 מל)</ItemName>
      <ManufactureName>תנובה - חלב</ManufactureName>
      <ManufactureCountry />
      <ManufactureItemDescription />
      <UnitQty>יח`</UnitQty>
      <Quantity>1</Quantity>
      <UnitMeasure>100 מ"ל</UnitMeasure>
      <BisWeighted>0</BisWeighted>
      <QtyInPackage>1</QtyInPackage>
      <ItemPrice>1.60</ItemPrice>
      <UnitOfMeasurePrice>1.60</UnitOfMeasurePrice>
      <AllowDiscount>0</AllowDiscount>
      <itemStatus>1</itemStatus>
      <LastUpdateDate />
      <LastUpdateTime />
    </Product>
    <Product>
      <PriceUpdateDate>2018/10/21 12:38</PriceUpdateDate>
      <ItemCode>7290004125578</ItemCode>
      <ItemType>1</ItemType>
      <ItemName>משקה סויה מועשר תנובה (1 ליטר)</ItemName>
      <ManufactureName>תנובה - חלב</ManufactureName>
      <ManufactureCountry />
      <ManufactureItemDescription />
      <UnitQty>יח`</UnitQty>
      <Quantity>1</Quantity>
      <UnitMeasure>1 ליטר</UnitMeasure>
      <BisWeighted>0</BisWeighted>
      <QtyInPackage>1</QtyInPackage>
      <ItemPrice>9.90</ItemPrice>
      <UnitOfMeasurePrice>9.90</UnitOfMeasurePrice>
      <AllowDiscount>0</AllowDiscount>
      <itemStatus>1</itemStatus>
      <LastUpdateDate />
      <LastUpdateTime />
    </Product>
    <Product>
      <PriceUpdateDate>2018/10/21 12:38</PriceUpdateDate>
      <ItemCode>7290004125585</ItemCode>
      <ItemType>1</ItemType>
      <ItemName>משקה סויה 1 ליטר וניל על הבוקר</ItemName>
      <ManufactureName>תנובה - חלב</ManufactureName>
      <ManufactureCountry />
      <ManufactureItemDescription />
      <UnitQty>יח`</UnitQty>
      <Quantity>1</Quantity>
      <UnitMeasure>1 ליטר</UnitMeasure>
      <BisWeighted>0</BisWeighted>
      <QtyInPackage>1</QtyInPackage>
      <ItemPrice>9.90</ItemPrice>
      <UnitOfMeasurePrice>9.90</UnitOfMeasurePrice>
      <AllowDiscount>0</AllowDiscount>
      <itemStatus>1</itemStatus>
      <LastUpdateDate />
      <LastUpdateTime />
    </Product>
    <Product>
      <PriceUpdateDate>2019/01/30 09:36</PriceUpdateDate>
      <ItemCode>7290004125776</ItemCode>
      <ItemType>1</ItemType>
      <ItemName>גבינה צהובה קלאסית 28% עמק (400 גרם)</ItemName>
      <ManufactureName>תנובה - חלב</ManufactureName>
      <ManufactureCountry />
      <ManufactureItemDescription />
      <UnitQty>יח`</UnitQty>
      <Quantity>4</Quantity>
      <UnitMeasure>100 גרם</UnitMeasure>
      <BisWeighted>0</BisWeighted>
      <QtyInPackage>1</QtyInPackage>
      <ItemPrice>27.80</ItemPrice>
      <UnitOfMeasurePrice>6.95</UnitOfMeasurePrice>
      <AllowDiscount>0</AllowDiscount>
      <itemStatus>1</itemStatus>
      <LastUpdateDate />
      <LastUpdateTime />
    </Product>
    <Product>
      <PriceUpdateDate>2018/08/08 12:35</PriceUpdateDate>
      <ItemCode>7290004126674</ItemCode>
      <ItemType>1</ItemType>
      <ItemName>טל העמק לייט</ItemName>
      <ManufactureName>תנובה - חלב</ManufactureName>
      <ManufactureCountry />
      <ManufactureItemDescription />
      <UnitQty>יח`</UnitQty>
      <Quantity>2</Quantity>
      <UnitMeasure>100 גרם</UnitMeasure>
      <BisWeighted>0</BisWeighted>
      <QtyInPackage>1</QtyInPackage>
      <ItemPrice>18.90</ItemPrice>
      <UnitOfMeasurePrice>9.45</UnitOfMeasurePrice>
      <AllowDiscount>0</AllowDiscount>
      <itemStatus>1</itemStatus>
      <LastUpdateDate />
      <LastUpdateTime />
    </Product>
    <Product>
      <PriceUpdateDate>2018/04/24 09:16</PriceUpdateDate>
      <ItemCode>7290004126759</ItemCode>
      <ItemType>1</ItemType>
      <ItemName>יופלה דיאט פירות יער</ItemName>
      <ManufactureName>תנובה - חלב</ManufactureName>
      <ManufactureCountry />
      <ManufactureItemDescription />
      <UnitQty>יח`</UnitQty>
      <Quantity>1.50</Quantity>
      <UnitMeasure>100 מ"ל</UnitMeasure>
      <BisWeighted>0</BisWeighted>
      <QtyInPackage>1</QtyInPackage>
      <ItemPrice>4.90</ItemPrice>
      <UnitOfMeasurePrice>3.27</UnitOfMeasurePrice>
      <AllowDiscount>1</AllowDiscount>
      <itemStatus>1</itemStatus>
      <LastUpdateDate />
      <LastUpdateTime />
    </Product>
    <Product>
      <PriceUpdateDate>2018/08/05 11:28</PriceUpdateDate>
      <ItemCode>7290004127077</ItemCode>
      <ItemType>1</ItemType>
      <ItemName>גבינת קוטג` 3% תנובה (250 גרם)</ItemName>
      <ManufactureName>תנובה - חלב</ManufactureName>
      <ManufactureCountry />
      <ManufactureItemDescription />
      <UnitQty>יח`</UnitQty>
      <Quantity>2.50</Quantity>
      <UnitMeasure>100 גרם</UnitMeasure>
      <BisWeighted>0</BisWeighted>
      <QtyInPackage>1</QtyInPackage>
      <ItemPrice>5.50</ItemPrice>
      <UnitOfMeasurePrice>2.20</UnitOfMeasurePrice>
      <AllowDiscount>0</AllowDiscount>
      <itemStatus>1</itemStatus>
      <LastUpdateDate />
      <LastUpdateTime />
    </Product>
    <Product>
      <PriceUpdateDate>2018/08/05 11:28</PriceUpdateDate>
      <ItemCode>7290004127329</ItemCode>
      <ItemType>1</ItemType>
      <ItemName>גבינת קוטג` 5% תנובה (250 גרם)</ItemName>
      <ManufactureName>תנובה - חלב</ManufactureName>
      <ManufactureCountry />
      <ManufactureItemDescription />
      <UnitQty>יח`</UnitQty>
      <Quantity>2.50</Quantity>
      <UnitMeasure>100 גרם</UnitMeasure>
      <BisWeighted>0</BisWeighted>
      <QtyInPackage>1</QtyInPackage>
      <ItemPrice>5.50</ItemPrice>
      <UnitOfMeasurePrice>2.20</UnitOfMeasurePrice>
      <AllowDiscount>0</AllowDiscount>
      <itemStatus>1</itemStatus>
      <LastUpdateDate />
      <LastUpdateTime />
    </Product>
    <Product>
      <PriceUpdateDate>2018/08/05 11:28</PriceUpdateDate>
      <ItemCode>7290004127336</ItemCode>
      <ItemType>1</ItemType>
      <ItemName>גבינת קוטג` 9% תנובה (250 גרם)</ItemName>
      <ManufactureName>תנובה - חלב</ManufactureName>
      <ManufactureCountry />
      <ManufactureItemDescription />
      <UnitQty>יח`</UnitQty>
      <Quantity>2.50</Quantity>
      <UnitMeasure>100 גרם</UnitMeasure>
      <BisWeighted>0</BisWeighted>
      <QtyInPackage>1</QtyInPackage>
      <ItemPrice>5.50</ItemPrice>
      <UnitOfMeasurePrice>2.20</UnitOfMeasurePrice>
      <AllowDiscount>0</AllowDiscount>
      <itemStatus>1</itemStatus>
      <LastUpdateDate />
      <LastUpdateTime />
    </Product>
    <Product>
      <PriceUpdateDate>2019/06/19 09:52</PriceUpdateDate>
      <ItemCode>7290004127800</ItemCode>
      <ItemType>1</ItemType>
      <ItemName>גבינה לבנה 5% תנובה (500 גרם) פיק</ItemName>
      <ManufactureName>תנובה - חלב</ManufactureName>
      <ManufactureCountry />
      <ManufactureItemDescription />
      <UnitQty>יח`</UnitQty>
      <Quantity>5</Quantity>
      <UnitMeasure>100 גרם</UnitMeasure>
      <BisWeighted>0</BisWeighted>
      <QtyInPackage>1</QtyInPackage>
      <ItemPrice>9.50</ItemPrice>
      <UnitOfMeasurePrice>1.90</UnitOfMeasurePrice>
      <AllowDiscount>0</AllowDiscount>
      <itemStatus>1</itemStatus>
      <LastUpdateDate />
      <LastUpdateTime />
    </Product>
    <Product>
      <PriceUpdateDate>2019/06/19 09:52</PriceUpdateDate>
      <ItemCode>7290004127817</ItemCode>
      <ItemType>1</ItemType>
      <ItemName>גבינה לבנה 9% תנובה (500 גרם)</ItemName>
      <ManufactureName>תנובה - חלב</ManufactureName>
      <ManufactureCountry />
      <ManufactureItemDescription />
      <UnitQty>יח`</UnitQty>
      <Quantity>5</Quantity>
      <UnitMeasure>100 גרם</UnitMeasure>
      <BisWeighted>0</BisWeighted>
      <QtyInPackage>1</QtyInPackage>
      <ItemPrice>9.50</ItemPrice>
      <UnitOfMeasurePrice>1.90</UnitOfMeasurePrice>
      <AllowDiscount>0</AllowDiscount>
      <itemStatus>1</itemStatus>
      <LastUpdateDate />
      <LastUpdateTime />
    </Product>
    <Product>
      <PriceUpdateDate>2019/06/19 09:52</PriceUpdateDate>
      <ItemCode>7290004127862</ItemCode>
      <ItemType>1</ItemType>
      <ItemName>גבינה לבנה 5% תנובה (750 גרם)</ItemName>
      <ManufactureName>תנובה - חלב</ManufactureName>
      <ManufactureCountry />
      <ManufactureItemDescription />
      <UnitQty>יח`</UnitQty>
      <Quantity>7.50</Quantity>
      <UnitMeasure>100 גרם</UnitMeasure>
      <BisWeighted>0</BisWeighted>
      <QtyInPackage>1</QtyInPackage>
      <ItemPrice>14.25</ItemPrice>
      <UnitOfMeasurePrice>1.90</UnitOfMeasurePrice>
      <AllowDiscount>0</AllowDiscount>
      <itemStatus>1</itemStatus>
      <LastUpdateDate />
      <LastUpdateTime />
    </Product>
    <Product>
      <PriceUpdateDate>2019/06/19 09:52</PriceUpdateDate>
      <ItemCode>7290004127916</ItemCode>
      <ItemType>1</ItemType>
      <ItemName>גבינה לבנה 0.5% תנובה (500 גרם)</ItemName>
      <ManufactureName>תנובה - חלב</ManufactureName>
      <ManufactureCountry />
      <ManufactureItemDescription />
      <UnitQty>יח`</UnitQty>
      <Quantity>5</Quantity>
      <UnitMeasure>100 גרם</UnitMeasure>
      <BisWeighted>0</BisWeighted>
      <QtyInPackage>1</QtyInPackage>
      <ItemPrice>9.50</ItemPrice>
      <UnitOfMeasurePrice>1.90</UnitOfMeasurePrice>
      <AllowDiscount>0</AllowDiscount>
      <itemStatus>1</itemStatus>
      <LastUpdateDate />
      <LastUpdateTime />
    </Product>
    <Product>
      <PriceUpdateDate>2018/08/08 12:35</PriceUpdateDate>
      <ItemCode>7290004128364</ItemCode>
      <ItemType>1</ItemType>
      <ItemName>גבינת שמנת 5% זיתים 200 גר`</ItemName>
      <ManufactureName>תנובה - חלב</ManufactureName>
      <ManufactureCountry />
      <ManufactureItemDescription />
      <UnitQty>יח`</UnitQty>
      <Quantity>2</Quantity>
      <UnitMeasure>100 גרם</UnitMeasure>
      <BisWeighted>0</BisWeighted>
      <QtyInPackage>1</QtyInPackage>
      <ItemPrice>11.50</ItemPrice>
      <UnitOfMeasurePrice>5.75</UnitOfMeasurePrice>
      <AllowDiscount>0</AllowDiscount>
      <itemStatus>1</itemStatus>
      <LastUpdateDate />
      <LastUpdateTime />
    </Product>
    <Product>
      <PriceUpdateDate>2018/08/08 12:35</PriceUpdateDate>
      <ItemCode>7290004129101</ItemCode>
      <ItemType>1</ItemType>
      <ItemName>גבינת נפוליאון 225 גר` טבעי גביע</ItemName>
      <ManufactureName>תנובה - חלב</ManufactureName>
      <ManufactureCountry />
      <ManufactureItemDescription />
      <UnitQty>יח`</UnitQty>
      <Quantity>2.25</Quantity>
      <UnitMeasure>100 גרם</UnitMeasure>
      <BisWeighted>0</BisWeighted>
      <QtyInPackage>1</QtyInPackage>
      <ItemPrice>13.90</ItemPrice>
      <UnitOfMeasurePrice>6.18</UnitOfMeasurePrice>
      <AllowDiscount>0</AllowDiscount>
      <itemStatus>1</itemStatus>
      <LastUpdateDate />
      <LastUpdateTime />
    </Product>
    <Product>
      <PriceUpdateDate>2018/08/08 12:35</PriceUpdateDate>
      <ItemCode>7290004129118</ItemCode>
      <ItemType>1</ItemType>
      <ItemName>גבינת נפוליאון 225 גר` זית גביע</ItemName>
      <ManufactureName>תנובה - חלב</ManufactureName>
      <ManufactureCountry />
      <ManufactureItemDescription />
      <UnitQty>יח`</UnitQty>
      <Quantity>2.25</Quantity>
      <UnitMeasure>100 גרם</UnitMeasure>
      <BisWeighted>0</BisWeighted>
      <QtyInPackage>1</QtyInPackage>
      <ItemPrice>13.90</ItemPrice>
      <UnitOfMeasurePrice>6.18</UnitOfMeasurePrice>
      <AllowDiscount>0</AllowDiscount>
      <itemStatus>1</itemStatus>
      <LastUpdateDate />
      <LastUpdateTime />
    </Product>
    <Product>
      <PriceUpdateDate>2018/08/08 12:35</PriceUpdateDate>
      <ItemCode>7290004129156</ItemCode>
      <ItemType>1</ItemType>
      <ItemName>גבינת נפוליאון 225 גר` שום שמיר גביע</ItemName>
      <ManufactureName>תנובה - חלב</ManufactureName>
      <ManufactureCountry />
      <ManufactureItemDescription />
      <UnitQty>יח`</UnitQty>
      <Quantity>2.25</Quantity>
      <UnitMeasure>100 גרם</UnitMeasure>
      <BisWeighted>0</BisWeighted>
      <QtyInPackage>1</QtyInPackage>
      <ItemPrice>13.90</ItemPrice>
      <UnitOfMeasurePrice>6.18</UnitOfMeasurePrice>
      <AllowDiscount>0</AllowDiscount>
      <itemStatus>1</itemStatus>
      <LastUpdateDate />
      <LastUpdateTime />
    </Product>
    <Product>
      <PriceUpdateDate>2018/08/08 12:35</PriceUpdateDate>
      <ItemCode>7290004129736</ItemCode>
      <ItemType>1</ItemType>
      <ItemName>יופלה-קרם יוגורט 1.5%</ItemName>
      <ManufactureName>תנובה - חלב</ManufactureName>
      <ManufactureCountry />
      <ManufactureItemDescription />
      <UnitQty>יח`</UnitQty>
      <Quantity>2</Quantity>
      <UnitMeasure>100 מ"ל</UnitMeasure>
      <BisWeighted>0</BisWeighted>
      <QtyInPackage>1</QtyInPackage>
      <ItemPrice>4.50</ItemPrice>
      <UnitOfMeasurePrice>2.25</UnitOfMeasurePrice>
      <AllowDiscount>1</AllowDiscount>
      <itemStatus>1</itemStatus>
      <LastUpdateDate />
      <LastUpdateTime />
    </Product>
    <Product>
      <PriceUpdateDate>2018/08/08 12:35</PriceUpdateDate>
      <ItemCode>7290004129767</ItemCode>
      <ItemType>1</ItemType>
      <ItemName>יופלה לבן שמינייה 3%</ItemName>
      <ManufactureName>תנובה - חלב</ManufactureName>
      <ManufactureCountry />
      <ManufactureItemDescription />
      <UnitQty>יח`</UnitQty>
      <Quantity>12</Quantity>
      <UnitMeasure>100 מ"ל</UnitMeasure>
      <BisWeighted>0</BisWeighted>
      <QtyInPackage>1</QtyInPackage>
      <ItemPrice>17.50</ItemPrice>
      <UnitOfMeasurePrice>1.46</UnitOfMeasurePrice>
      <AllowDiscount>1</AllowDiscount>
      <itemStatus>1</itemStatus>
      <LastUpdateDate />
      <LastUpdateTime />
    </Product>
    <Product>
      <PriceUpdateDate>2018/10/21 12:38</PriceUpdateDate>
      <ItemCode>7290004130794</ItemCode>
      <ItemType>1</ItemType>
      <ItemName>משקה סויה במתיקות מופחתת תנובה (1 ליטר)</ItemName>
      <ManufactureName>תנובה - חלב</ManufactureName>
      <ManufactureCountry />
      <ManufactureItemDescription />
      <UnitQty>יח`</UnitQty>
      <Quantity>1</Quantity>
      <UnitMeasure>1 ליטר</UnitMeasure>
      <BisWeighted>0</BisWeighted>
      <QtyInPackage>1</QtyInPackage>
      <ItemPrice>9.90</ItemPrice>
      <UnitOfMeasurePrice>9.90</UnitOfMeasurePrice>
      <AllowDiscount>0</AllowDiscount>
      <itemStatus>1</itemStatus>
      <LastUpdateDate />
      <LastUpdateTime />
    </Product>
    <Product>
      <PriceUpdateDate>2018/04/24 09:17</PriceUpdateDate>
      <ItemCode>7290004130916</ItemCode>
      <ItemType>1</ItemType>
      <ItemName>יופלה שמנת עם פירות יער</ItemName>
      <ManufactureName>תנובה - חלב</ManufactureName>
      <ManufactureCountry />
      <ManufactureItemDescription />
      <UnitQty>יח`</UnitQty>
      <Quantity>1.50</Quantity>
      <UnitMeasure>100 מ"ל</UnitMeasure>
      <BisWeighted>0</BisWeighted>
      <QtyInPackage>1</QtyInPackage>
      <ItemPrice>4.90</ItemPrice>
      <UnitOfMeasurePrice>3.27</UnitOfMeasurePrice>
      <AllowDiscount>1</AllowDiscount>
      <itemStatus>1</itemStatus>
      <LastUpdateDate />
      <LastUpdateTime />
    </Product>
    <Product>
      <PriceUpdateDate>2019/06/19 09:52</PriceUpdateDate>
      <ItemCode>7290004131074</ItemCode>
      <ItemType>1</ItemType>
      <ItemName>חלב 3% מהדרין תנובה (1 ליטר)</ItemName>
      <ManufactureName>תנובה - חלב</ManufactureName>
      <ManufactureCountry />
      <ManufactureItemDescription />
      <UnitQty>יח`</UnitQty>
      <Quantity>1</Quantity>
      <UnitMeasure>1 ליטר</UnitMeasure>
      <BisWeighted>0</BisWeighted>
      <QtyInPackage>1</QtyInPackage>
      <ItemPrice>5.94</ItemPrice>
      <UnitOfMeasurePrice>5.94</UnitOfMeasurePrice>
      <AllowDiscount>0</AllowDiscount>
      <itemStatus>1</itemStatus>
      <LastUpdateDate />
      <LastUpdateTime />
    </Product>
    <Product>
      <PriceUpdateDate>2018/08/08 12:35</PriceUpdateDate>
      <ItemCode>7290004131432</ItemCode>
      <ItemType>1</ItemType>
      <ItemName>יופלה-קרם יוגורט 3%</ItemName>
      <ManufactureName>תנובה - חלב</ManufactureName>
      <ManufactureCountry />
      <ManufactureItemDescription />
      <UnitQty>יח`</UnitQty>
      <Quantity>2</Quantity>
      <UnitMeasure>100 מ"ל</UnitMeasure>
      <BisWeighted>0</BisWeighted>
      <QtyInPackage>1</QtyInPackage>
      <ItemPrice>3.90</ItemPrice>
      <UnitOfMeasurePrice>1.95</UnitOfMeasurePrice>
      <AllowDiscount>1</AllowDiscount>
      <itemStatus>1</itemStatus>
      <LastUpdateDate />
      <LastUpdateTime />
    </Product>
    <Product>
      <PriceUpdateDate>2018/08/08 12:35</PriceUpdateDate>
      <ItemCode>7290004131456</ItemCode>
      <ItemType>1</ItemType>
      <ItemName>יופלה-קרם יוגורט 1.5%</ItemName>
      <ManufactureName>תנובה - חלב</ManufactureName>
      <ManufactureCountry />
      <ManufactureItemDescription />
      <UnitQty>יח`</UnitQty>
      <Quantity>2</Quantity>
      <UnitMeasure>100 מ"ל</UnitMeasure>
      <BisWeighted>0</BisWeighted>
      <QtyInPackage>1</QtyInPackage>
      <ItemPrice>3.90</ItemPrice>
      <UnitOfMeasurePrice>1.95</UnitOfMeasurePrice>
      <AllowDiscount>1</AllowDiscount>
      <itemStatus>1</itemStatus>
      <LastUpdateDate />
      <LastUpdateTime />
    </Product>
    <Product>
      <PriceUpdateDate>2018/08/08 12:35</PriceUpdateDate>
      <ItemCode>7290004131531</ItemCode>
      <ItemType>1</ItemType>
      <ItemName>שוקו 30% פחות תוספת סוכר תנובה (1 ליטר)</ItemName>
      <ManufactureName>תנובה - חלב</ManufactureName>
      <ManufactureCountry />
      <ManufactureItemDescription />
      <UnitQty>יח`</UnitQty>
      <Quantity>1</Quantity>
      <UnitMeasure>1 ליטר</UnitMeasure>
      <BisWeighted>0</BisWeighted>
      <QtyInPackage>1</QtyInPackage>
      <ItemPrice>12.50</ItemPrice>
      <UnitOfMeasurePrice>12.50</UnitOfMeasurePrice>
      <AllowDiscount>0</AllowDiscount>
      <itemStatus>1</itemStatus>
      <LastUpdateDate />
      <LastUpdateTime />
    </Product>
    <Product>
      <PriceUpdateDate>2018/08/08 12:35</PriceUpdateDate>
      <ItemCode>7290004131814</ItemCode>
      <ItemType>1</ItemType>
      <ItemName>גבינת צפתית מעודנת 5% פיראוס (200 גרם)</ItemName>
      <ManufactureName>תנובה - חלב</ManufactureName>
      <ManufactureCountry />
      <ManufactureItemDescription />
      <UnitQty>יח`</UnitQty>
      <Quantity>2</Quantity>
      <UnitMeasure>100 גרם</UnitMeasure>
      <BisWeighted>0</BisWeighted>
      <QtyInPackage>1</QtyInPackage>
      <ItemPrice>14.90</ItemPrice>
      <UnitOfMeasurePrice>7.45</UnitOfMeasurePrice>
      <AllowDiscount>0</AllowDiscount>
      <itemStatus>1</itemStatus>
      <LastUpdateDate />
      <LastUpdateTime />
    </Product>
    <Product>
      <PriceUpdateDate>2018/08/08 12:35</PriceUpdateDate>
      <ItemCode>7290004131845</ItemCode>
      <ItemType>1</ItemType>
      <ItemName>פיראוס לאבנה גביע 9% 750ג</ItemName>
      <ManufactureName>תנובה - חלב</ManufactureName>
      <ManufactureCountry />
      <ManufactureItemDescription />
      <UnitQty>יח`</UnitQty>
      <Quantity>7.50</Quantity>
      <UnitMeasure>100 גרם</UnitMeasure>
      <BisWeighted>0</BisWeighted>
      <QtyInPackage>1</QtyInPackage>
      <ItemPrice>26.90</ItemPrice>
      <UnitOfMeasurePrice>3.59</UnitOfMeasurePrice>
      <AllowDiscount>1</AllowDiscount>
      <itemStatus>1</itemStatus>
      <LastUpdateDate />
      <LastUpdateTime />
    </Product>
    <Product>
      <PriceUpdateDate>2018/08/08 12:35</PriceUpdateDate>
      <ItemCode>7290004132231</ItemCode>
      <ItemType>1</ItemType>
      <ItemName>חלב קרטון 0.8 5% לקפה</ItemName>
      <ManufactureName>תנובה - חלב</ManufactureName>
      <ManufactureCountry />
      <ManufactureItemDescription />
      <UnitQty>יח`</UnitQty>
      <Quantity>1</Quantity>
      <UnitMeasure>1 ליטר</UnitMeasure>
      <BisWeighted>0</BisWeighted>
      <QtyInPackage>1</QtyInPackage>
      <ItemPrice>6.90</ItemPrice>
      <UnitOfMeasurePrice>6.90</UnitOfMeasurePrice>
      <AllowDiscount>0</AllowDiscount>
      <itemStatus>1</itemStatus>
      <LastUpdateDate />
      <LastUpdateTime />
    </Product>
    <Product>
      <PriceUpdateDate>2018/04/24 11:25</PriceUpdateDate>
      <ItemCode>7290004132507</ItemCode>
      <ItemType>1</ItemType>
      <ItemName>יופלה עם דגנים</ItemName>
      <ManufactureName>תנובה - חלב</ManufactureName>
      <ManufactureCountry />
      <ManufactureItemDescription />
      <UnitQty>יח`</UnitQty>
      <Quantity>1.50</Quantity>
      <UnitMeasure>100 מ"ל</UnitMeasure>
      <BisWeighted>0</BisWeighted>
      <QtyInPackage>1</QtyInPackage>
      <ItemPrice>5.40</ItemPrice>
      <UnitOfMeasurePrice>3.60</UnitOfMeasurePrice>
      <AllowDiscount>0</AllowDiscount>
      <itemStatus>1</itemStatus>
      <LastUpdateDate />
      <LastUpdateTime />
    </Product>
    <Product>
      <PriceUpdateDate>2018/10/21 12:38</PriceUpdateDate>
      <ItemCode>7290004132552</ItemCode>
      <ItemType>1</ItemType>
      <ItemName>משקה סויה 1 ליטר דיא</ItemName>
      <ManufactureName>תנובה - חלב</ManufactureName>
      <ManufactureCountry />
      <ManufactureItemDescription />
      <UnitQty>יח`</UnitQty>
      <Quantity>1</Quantity>
      <UnitMeasure>1 ליטר</UnitMeasure>
      <BisWeighted>0</BisWeighted>
      <QtyInPackage>1</QtyInPackage>
      <ItemPrice>9.90</ItemPrice>
      <UnitOfMeasurePrice>9.90</UnitOfMeasurePrice>
      <AllowDiscount>0</AllowDiscount>
      <itemStatus>1</itemStatus>
      <LastUpdateDate />
      <LastUpdateTime />
    </Product>
    <Product>
      <PriceUpdateDate>2018/08/08 12:35</PriceUpdateDate>
      <ItemCode>7290004132712</ItemCode>
      <ItemType>1</ItemType>
      <ItemName>אצבעות עמק</ItemName>
      <ManufactureName>תנובה - חלב</ManufactureName>
      <ManufactureCountry />
      <ManufactureItemDescription />
      <UnitQty>יח`</UnitQty>
      <Quantity>1.74</Quantity>
      <UnitMeasure>100 גרם</UnitMeasure>
      <BisWeighted>0</BisWeighted>
      <QtyInPackage>1</QtyInPackage>
      <ItemPrice>16.50</ItemPrice>
      <UnitOfMeasurePrice>9.48</UnitOfMeasurePrice>
      <AllowDiscount>0</AllowDiscount>
      <itemStatus>1</itemStatus>
      <LastUpdateDate />
      <LastUpdateTime />
    </Product>
    <Product>
      <PriceUpdateDate>2019/06/19 09:52</PriceUpdateDate>
      <ItemCode>7290004132903</ItemCode>
      <ItemType>1</ItemType>
      <ItemName>גבינה לבנה 250  גר`3%</ItemName>
      <ManufactureName>תנובה - חלב</ManufactureName>
      <ManufactureCountry />
      <ManufactureItemDescription />
      <UnitQty>יח`</UnitQty>
      <Quantity>2.50</Quantity>
      <UnitMeasure>100 גרם</UnitMeasure>
      <BisWeighted>0</BisWeighted>
      <QtyInPackage>1</QtyInPackage>
      <ItemPrice>4.75</ItemPrice>
      <UnitOfMeasurePrice>1.90</UnitOfMeasurePrice>
      <AllowDiscount>0</AllowDiscount>
      <itemStatus>1</itemStatus>
      <LastUpdateDate />
      <LastUpdateTime />
    </Product>
    <Product>
      <PriceUpdateDate>2018/08/08 12:35</PriceUpdateDate>
      <ItemCode>7290004133207</ItemCode>
      <ItemType>1</ItemType>
      <ItemName>יופלה לבן 0% דיאט</ItemName>
      <ManufactureName>תנובה - חלב</ManufactureName>
      <ManufactureCountry />
      <ManufactureItemDescription />
      <UnitQty>יח`</UnitQty>
      <Quantity>2</Quantity>
      <UnitMeasure>100 מ"ל</UnitMeasure>
      <BisWeighted>0</BisWeighted>
      <QtyInPackage>1</QtyInPackage>
      <ItemPrice>3.90</ItemPrice>
      <UnitOfMeasurePrice>1.95</UnitOfMeasurePrice>
      <AllowDiscount>1</AllowDiscount>
      <itemStatus>1</itemStatus>
      <LastUpdateDate />
      <LastUpdateTime />
    </Product>
    <Product>
      <PriceUpdateDate>2019/04/08 14:54</PriceUpdateDate>
      <ItemCode>7290004133511</ItemCode>
      <ItemType>1</ItemType>
      <ItemName>מאגדת שמינייה יופלה</ItemName>
      <ManufactureName>תנובה - חלב</ManufactureName>
      <ManufactureCountry />
      <ManufactureItemDescription />
      <UnitQty>יח`</UnitQty>
      <Quantity>1.20</Quantity>
      <UnitMeasure>1 ליטר</UnitMeasure>
      <BisWeighted>0</BisWeighted>
      <QtyInPackage>1</QtyInPackage>
      <ItemPrice>20.90</ItemPrice>
      <UnitOfMeasurePrice>17.42</UnitOfMeasurePrice>
      <AllowDiscount>1</AllowDiscount>
      <itemStatus>1</itemStatus>
      <LastUpdateDate />
      <LastUpdateTime />
    </Product>
    <Product>
      <PriceUpdateDate>2018/08/08 12:35</PriceUpdateDate>
      <ItemCode>7290004133627</ItemCode>
      <ItemType>1</ItemType>
      <ItemName>חלב קרטון 1 ליטר 3% מועשר על הבוקר</ItemName>
      <ManufactureName>תנובה - חלב</ManufactureName>
      <ManufactureCountry />
      <ManufactureItemDescription />
      <UnitQty>יח`</UnitQty>
      <Quantity>1</Quantity>
      <UnitMeasure>1 ליטר</UnitMeasure>
      <BisWeighted>0</BisWeighted>
      <QtyInPackage>1</QtyInPackage>
      <ItemPrice>8.30</ItemPrice>
      <UnitOfMeasurePrice>8.30</UnitOfMeasurePrice>
      <AllowDiscount>0</AllowDiscount>
      <itemStatus>1</itemStatus>
      <LastUpdateDate />
      <LastUpdateTime />
    </Product>
    <Product>
      <PriceUpdateDate>2019/04/08 14:54</PriceUpdateDate>
      <ItemCode>7290004133900</ItemCode>
      <ItemType>1</ItemType>
      <ItemName>קצפת צמחית בשף הלבן 250</ItemName>
      <ManufactureName>תנובה - חלב</ManufactureName>
      <ManufactureCountry />
      <ManufactureItemDescription />
      <UnitQty>יח`</UnitQty>
      <Quantity>2.50</Quantity>
      <UnitMeasure>100 מ"ל</UnitMeasure>
      <BisWeighted>0</BisWeighted>
      <QtyInPackage>1</QtyInPackage>
      <ItemPrice>8.90</ItemPrice>
      <UnitOfMeasurePrice>3.56</UnitOfMeasurePrice>
      <AllowDiscount>0</AllowDiscount>
      <itemStatus>1</itemStatus>
      <LastUpdateDate />
      <LastUpdateTime />
    </Product>
    <Product>
      <PriceUpdateDate>2018/04/24 09:17</PriceUpdateDate>
      <ItemCode>7290004134945</ItemCode>
      <ItemType>1</ItemType>
      <ItemName>יוגורט ביו 3% בטעם מוקה יופלה (150 גרם)</ItemName>
      <ManufactureName>תנובה - חלב</ManufactureName>
      <ManufactureCountry />
      <ManufactureItemDescription />
      <UnitQty>יח`</UnitQty>
      <Quantity>1.50</Quantity>
      <UnitMeasure>100 מ"ל</UnitMeasure>
      <BisWeighted>0</BisWeighted>
      <QtyInPackage>1</QtyInPackage>
      <ItemPrice>4.90</ItemPrice>
      <UnitOfMeasurePrice>3.27</UnitOfMeasurePrice>
      <AllowDiscount>1</AllowDiscount>
      <itemStatus>1</itemStatus>
      <LastUpdateDate />
      <LastUpdateTime />
    </Product>
    <Product>
      <PriceUpdateDate>2018/09/05 16:57</PriceUpdateDate>
      <ItemCode>7290004135058</ItemCode>
      <ItemType>1</ItemType>
      <ItemName>קרלו מיני שמינייה שוקולד</ItemName>
      <ManufactureName>תנובה - חלב</ManufactureName>
      <ManufactureCountry />
      <ManufactureItemDescription />
      <UnitQty>יח`</UnitQty>
      <Quantity>8</Quantity>
      <UnitMeasure>100 מ"ל</UnitMeasure>
      <BisWeighted>0</BisWeighted>
      <QtyInPackage>1</QtyInPackage>
      <ItemPrice>13.90</ItemPrice>
      <UnitOfMeasurePrice>1.74</UnitOfMeasurePrice>
      <AllowDiscount>0</AllowDiscount>
      <itemStatus>1</itemStatus>
      <LastUpdateDate />
      <LastUpdateTime />
    </Product>
    <Product>
      <PriceUpdateDate>2018/08/08 12:35</PriceUpdateDate>
      <ItemCode>7290004135614</ItemCode>
      <ItemType>1</ItemType>
      <ItemName>גבינה בולגרית מעודנת 5% פיראוס (250 גרם)</ItemName>
      <ManufactureName>תנובה - חלב</ManufactureName>
      <ManufactureCountry />
      <ManufactureItemDescription />
      <UnitQty>יח`</UnitQty>
      <Quantity>2.50</Quantity>
      <UnitMeasure>100 גרם</UnitMeasure>
      <BisWeighted>0</BisWeighted>
      <QtyInPackage>1</QtyInPackage>
      <ItemPrice>21.90</ItemPrice>
      <UnitOfMeasurePrice>8.76</UnitOfMeasurePrice>
      <AllowDiscount>0</AllowDiscount>
      <itemStatus>1</itemStatus>
      <LastUpdateDate />
      <LastUpdateTime />
    </Product>
    <Product>
      <PriceUpdateDate>2018/08/08 12:35</PriceUpdateDate>
      <ItemCode>7290004136307</ItemCode>
      <ItemType>1</ItemType>
      <ItemName>פיראוס בולגרית מעודנת 5% אישית מעודנת</ItemName>
      <ManufactureName>תנובה - חלב</ManufactureName>
      <ManufactureCountry />
      <ManufactureItemDescription />
      <UnitQty>יח`</UnitQty>
      <Quantity>1.20</Quantity>
      <UnitMeasure>100 גרם</UnitMeasure>
      <BisWeighted>0</BisWeighted>
      <QtyInPackage>1</QtyInPackage>
      <ItemPrice>13.90</ItemPrice>
      <UnitOfMeasurePrice>11.58</UnitOfMeasurePrice>
      <AllowDiscount>0</AllowDiscount>
      <itemStatus>1</itemStatus>
      <LastUpdateDate />
      <LastUpdateTime />
    </Product>
    <Product>
      <PriceUpdateDate>2018/04/24 09:18</PriceUpdateDate>
      <ItemCode>7290004136864</ItemCode>
      <ItemType>1</ItemType>
      <ItemName>ג`לי אננס+חתיכות</ItemName>
      <ManufactureName>תנובה - חלב</ManufactureName>
      <ManufactureCountry />
      <ManufactureItemDescription />
      <UnitQty>יח`</UnitQty>
      <Quantity>1.25</Quantity>
      <UnitMeasure>100 מ"ל</UnitMeasure>
      <BisWeighted>0</BisWeighted>
      <QtyInPackage>1</QtyInPackage>
      <ItemPrice>2.60</ItemPrice>
      <UnitOfMeasurePrice>2.08</UnitOfMeasurePrice>
      <AllowDiscount>0</AllowDiscount>
      <itemStatus>1</itemStatus>
      <LastUpdateDate />
      <LastUpdateTime />
    </Product>
    <Product>
      <PriceUpdateDate>2018/04/24 09:18</PriceUpdateDate>
      <ItemCode>7290004136871</ItemCode>
      <ItemType>1</ItemType>
      <ItemName>ג`לי אפרסק+חתיכות</ItemName>
      <ManufactureName>תנובה - חלב</ManufactureName>
      <ManufactureCountry />
      <ManufactureItemDescription />
      <UnitQty>יח`</UnitQty>
      <Quantity>1.25</Quantity>
      <UnitMeasure>100 מ"ל</UnitMeasure>
      <BisWeighted>0</BisWeighted>
      <QtyInPackage>1</QtyInPackage>
      <ItemPrice>2.60</ItemPrice>
      <UnitOfMeasurePrice>2.08</UnitOfMeasurePrice>
      <AllowDiscount>0</AllowDiscount>
      <itemStatus>1</itemStatus>
      <LastUpdateDate />
      <LastUpdateTime />
    </Product>
    <Product>
      <PriceUpdateDate>2018/08/08 12:35</PriceUpdateDate>
      <ItemCode>7290004137311</ItemCode>
      <ItemType>1</ItemType>
      <ItemName>גבינה צהובה מופחתת שומן 9% עמק (400 גרם)</ItemName>
      <ManufactureName>תנובה - חלב</ManufactureName>
      <ManufactureCountry />
      <ManufactureItemDescription />
      <UnitQty>יח`</UnitQty>
      <Quantity>4</Quantity>
      <UnitMeasure>100 גרם</UnitMeasure>
      <BisWeighted>0</BisWeighted>
      <QtyInPackage>1</QtyInPackage>
      <ItemPrice>30.80</ItemPrice>
      <UnitOfMeasurePrice>7.70</UnitOfMeasurePrice>
      <AllowDiscount>0</AllowDiscount>
      <itemStatus>1</itemStatus>
      <LastUpdateDate />
      <LastUpdateTime />
    </Product>
    <Product>
      <PriceUpdateDate>2018/08/08 12:35</PriceUpdateDate>
      <ItemCode>7290004137809</ItemCode>
      <ItemType>1</ItemType>
      <ItemName>לאבנה אסלית 5% פיראוס (250 גרם)</ItemName>
      <ManufactureName>תנובה - חלב</ManufactureName>
      <ManufactureCountry />
      <ManufactureItemDescription />
      <UnitQty>יח`</UnitQty>
      <Quantity>2.50</Quantity>
      <UnitMeasure>100 גרם</UnitMeasure>
      <BisWeighted>0</BisWeighted>
      <QtyInPackage>1</QtyInPackage>
      <ItemPrice>12.50</ItemPrice>
      <UnitOfMeasurePrice>5</UnitOfMeasurePrice>
      <AllowDiscount>0</AllowDiscount>
      <itemStatus>1</itemStatus>
      <LastUpdateDate />
      <LastUpdateTime />
    </Product>
    <Product>
      <PriceUpdateDate>2019/08/07 13:27</PriceUpdateDate>
      <ItemCode>7290004147150</ItemCode>
      <ItemType>1</ItemType>
      <ItemName> ליפות/רצועות/וספוגים- מערוב</ItemName>
      <ManufactureName>קונסיגנציה- ש. י גיספאן 1993</ManufactureName>
      <ManufactureCountry />
      <ManufactureItemDescription />
      <UnitQty>יח`</UnitQty>
      <Quantity>1</Quantity>
      <UnitMeasure />
      <BisWeighted>0</BisWeighted>
      <QtyInPackage>1</QtyInPackage>
      <ItemPrice>14.90</ItemPrice>
      <UnitOfMeasurePrice>14.90</UnitOfMeasurePrice>
      <AllowDiscount>0</AllowDiscount>
      <itemStatus>1</itemStatus>
      <LastUpdateDate />
      <LastUpdateTime />
    </Product>
    <Product>
      <PriceUpdateDate>2018/04/24 09:48</PriceUpdateDate>
      <ItemCode>7290004199326</ItemCode>
      <ItemType>1</ItemType>
      <ItemName>כוס אימון מהפכנית רכה טוליפס</ItemName>
      <ManufactureName>אינטרסן 1996 בעמ</ManufactureName>
      <ManufactureCountry />
      <ManufactureItemDescription />
      <UnitQty>יח`</UnitQty>
      <Quantity>1</Quantity>
      <UnitMeasure />
      <BisWeighted>0</BisWeighted>
      <QtyInPackage>1</QtyInPackage>
      <ItemPrice>13.90</ItemPrice>
      <UnitOfMeasurePrice>13.90</UnitOfMeasurePrice>
      <AllowDiscount>0</AllowDiscount>
      <itemStatus>1</itemStatus>
      <LastUpdateDate />
      <LastUpdateTime />
    </Product>
    <Product>
      <PriceUpdateDate>2018/04/24 09:31</PriceUpdateDate>
      <ItemCode>7290004200961</ItemCode>
      <ItemType>1</ItemType>
      <ItemName>זיקוק דק 3 בשקית</ItemName>
      <ManufactureName>שמחה זה אנחנו בעמ</ManufactureName>
      <ManufactureCountry />
      <ManufactureItemDescription />
      <UnitQty>יח`</UnitQty>
      <Quantity>1</Quantity>
      <UnitMeasure />
      <BisWeighted>0</BisWeighted>
      <QtyInPackage>1</QtyInPackage>
      <ItemPrice>4.90</ItemPrice>
      <UnitOfMeasurePrice>4.90</UnitOfMeasurePrice>
      <AllowDiscount>0</AllowDiscount>
      <itemStatus>1</itemStatus>
      <LastUpdateDate />
      <LastUpdateTime />
    </Product>
    <Product>
      <PriceUpdateDate>2020/01/21 07:10</PriceUpdateDate>
      <ItemCode>7290004219079</ItemCode>
      <ItemType>1</ItemType>
      <ItemName>לבבות דקל פרוסות וילי פוד (400 גרם)</ItemName>
      <ManufactureName>ג.וילי-פוד אינטרנשיונל בעמ</ManufactureName>
      <ManufactureCountry />
      <ManufactureItemDescription />
      <UnitQty>יח`</UnitQty>
      <Quantity>4</Quantity>
      <UnitMeasure>100 גרם</UnitMeasure>
      <BisWeighted>0</BisWeighted>
      <QtyInPackage>1</QtyInPackage>
      <ItemPrice>6.90</ItemPrice>
      <UnitOfMeasurePrice>1.73</UnitOfMeasurePrice>
      <AllowDiscount>0</AllowDiscount>
      <itemStatus>1</itemStatus>
      <LastUpdateDate />
      <LastUpdateTime />
    </Product>
    <Product>
      <PriceUpdateDate>2018/04/24 11:24</PriceUpdateDate>
      <ItemCode>7290004219819</ItemCode>
      <ItemType>1</ItemType>
      <ItemName>קומפלטה מלבין חלבי</ItemName>
      <ManufactureName>ג.וילי-פוד אינטרנשיונל בעמ</ManufactureName>
      <ManufactureCountry />
      <ManufactureItemDescription />
      <UnitQty>יח`</UnitQty>
      <Quantity>2</Quantity>
      <UnitMeasure>100 גרם</UnitMeasure>
      <BisWeighted>0</BisWeighted>
      <QtyInPackage>1</QtyInPackage>
      <ItemPrice>12.90</ItemPrice>
      <UnitOfMeasurePrice>6.45</UnitOfMeasurePrice>
      <AllowDiscount>0</AllowDiscount>
      <itemStatus>1</itemStatus>
      <LastUpdateDate />
      <LastUpdateTime />
    </Product>
    <Product>
      <PriceUpdateDate>2018/04/24 11:46</PriceUpdateDate>
      <ItemCode>7290004225285</ItemCode>
      <ItemType>1</ItemType>
      <ItemName>גבינה בסגנון דנאבלו 100 גר</ItemName>
      <ManufactureName>נטו מלינדה סחר בעמ</ManufactureName>
      <ManufactureCountry />
      <ManufactureItemDescription />
      <UnitQty>יח`</UnitQty>
      <Quantity>1</Quantity>
      <UnitMeasure>100 גרם</UnitMeasure>
      <BisWeighted>0</BisWeighted>
      <QtyInPackage>1</QtyInPackage>
      <ItemPrice>13.90</ItemPrice>
      <UnitOfMeasurePrice>13.90</UnitOfMeasurePrice>
      <AllowDiscount>1</AllowDiscount>
      <itemStatus>1</itemStatus>
      <LastUpdateDate />
      <LastUpdateTime />
    </Product>
    <Product>
      <PriceUpdateDate>2019/02/14 15:35</PriceUpdateDate>
      <ItemCode>7290004229931</ItemCode>
      <ItemType>1</ItemType>
      <ItemName>אורז בסמטי 1 קג הימליה</ItemName>
      <ManufactureName>נטו מלינדה סחר בעמ</ManufactureName>
      <ManufactureCountry />
      <ManufactureItemDescription />
      <UnitQty>יח`</UnitQty>
      <Quantity>10</Quantity>
      <UnitMeasure>100 גרם</UnitMeasure>
      <BisWeighted>0</BisWeighted>
      <QtyInPackage>1</QtyInPackage>
      <ItemPrice>9.90</ItemPrice>
      <UnitOfMeasurePrice>0.99</UnitOfMeasurePrice>
      <AllowDiscount>0</AllowDiscount>
      <itemStatus>1</itemStatus>
      <LastUpdateDate />
      <LastUpdateTime />
    </Product>
    <Product>
      <PriceUpdateDate>2018/04/24 11:44</PriceUpdateDate>
      <ItemCode>7290004230364</ItemCode>
      <ItemType>1</ItemType>
      <ItemName>מקלות בורקס פילו גבינה צרפתי -שגב</ItemName>
      <ManufactureName>נטו מלינדה סחר בעמ</ManufactureName>
      <ManufactureCountry />
      <ManufactureItemDescription />
      <UnitQty>יח`</UnitQty>
      <Quantity>6</Quantity>
      <UnitMeasure>100 גרם</UnitMeasure>
      <BisWeighted>0</BisWeighted>
      <QtyInPackage>1</QtyInPackage>
      <ItemPrice>19.90</ItemPrice>
      <UnitOfMeasurePrice>3.32</UnitOfMeasurePrice>
      <AllowDiscount>1</AllowDiscount>
      <itemStatus>1</itemStatus>
      <LastUpdateDate />
      <LastUpdateTime />
    </Product>
    <Product>
      <PriceUpdateDate>2019/09/29 07:35</PriceUpdateDate>
      <ItemCode>7290004256371</ItemCode>
      <ItemType>1</ItemType>
      <ItemName>גבינת צהובה ריץ פרוסה 400 גר`</ItemName>
      <ManufactureName>נטו מלינדה סחר בעמ</ManufactureName>
      <ManufactureCountry />
      <ManufactureItemDescription />
      <UnitQty>יח`</UnitQty>
      <Quantity>4</Quantity>
      <UnitMeasure>100 גרם</UnitMeasure>
      <BisWeighted>0</BisWeighted>
      <QtyInPackage>1</QtyInPackage>
      <ItemPrice>14.70</ItemPrice>
      <UnitOfMeasurePrice>3.68</UnitOfMeasurePrice>
      <AllowDiscount>0</AllowDiscount>
      <itemStatus>1</itemStatus>
      <LastUpdateDate />
      <LastUpdateTime />
    </Product>
    <Product>
      <PriceUpdateDate>2019/02/08 07:39</PriceUpdateDate>
      <ItemCode>7290004256425</ItemCode>
      <ItemType>1</ItemType>
      <ItemName>גבינת גאודה 27% עלמה 400  גר`פיקוח</ItemName>
      <ManufactureName>נטו מלינדה סחר בעמ</ManufactureName>
      <ManufactureCountry />
      <ManufactureItemDescription />
      <UnitQty>יח`</UnitQty>
      <Quantity>4</Quantity>
      <UnitMeasure>100 גרם</UnitMeasure>
      <BisWeighted>0</BisWeighted>
      <QtyInPackage>1</QtyInPackage>
      <ItemPrice>14.70</ItemPrice>
      <UnitOfMeasurePrice>3.68</UnitOfMeasurePrice>
      <AllowDiscount>0</AllowDiscount>
      <itemStatus>1</itemStatus>
      <LastUpdateDate />
      <LastUpdateTime />
    </Product>
    <Product>
      <PriceUpdateDate>2019/05/15 08:45</PriceUpdateDate>
      <ItemCode>7290004256753</ItemCode>
      <ItemType>1</ItemType>
      <ItemName>עלי סיגר מרוקאי 450  גר`לפסטיליה</ItemName>
      <ManufactureName>נטו מלינדה סחר בעמ</ManufactureName>
      <ManufactureCountry />
      <ManufactureItemDescription />
      <UnitQty>יח`</UnitQty>
      <Quantity>4.50</Quantity>
      <UnitMeasure>100 גרם</UnitMeasure>
      <BisWeighted>0</BisWeighted>
      <QtyInPackage>1</QtyInPackage>
      <ItemPrice>11.90</ItemPrice>
      <UnitOfMeasurePrice>2.64</UnitOfMeasurePrice>
      <AllowDiscount>0</AllowDiscount>
      <itemStatus>1</itemStatus>
      <LastUpdateDate />
      <LastUpdateTime />
    </Product>
    <Product>
      <PriceUpdateDate>2019/01/30 10:28</PriceUpdateDate>
      <ItemCode>7290004324858</ItemCode>
      <ItemType>1</ItemType>
      <ItemName>קבב כבש 500 גר` טיבונוויל</ItemName>
      <ManufactureName>נטו מלינדה סחר בעמ</ManufactureName>
      <ManufactureCountry />
      <ManufactureItemDescription />
      <UnitQty>יח`</UnitQty>
      <Quantity>5</Quantity>
      <UnitMeasure>100 גרם</UnitMeasure>
      <BisWeighted>0</BisWeighted>
      <QtyInPackage>1</QtyInPackage>
      <ItemPrice>20.90</ItemPrice>
      <UnitOfMeasurePrice>4.18</UnitOfMeasurePrice>
      <AllowDiscount>1</AllowDiscount>
      <itemStatus>1</itemStatus>
      <LastUpdateDate />
      <LastUpdateTime />
    </Product>
    <Product>
      <PriceUpdateDate>2018/04/24 12:01</PriceUpdateDate>
      <ItemCode>7290004339173</ItemCode>
      <ItemType>1</ItemType>
      <ItemName>המבורגר קינואה 400גרם טבע דלי</ItemName>
      <ManufactureName>ל.י.ב. (לחיות יותר בטבע) בעמ</ManufactureName>
      <ManufactureCountry />
      <ManufactureItemDescription />
      <UnitQty>יח`</UnitQty>
      <Quantity>4</Quantity>
      <UnitMeasure>100 גרם</UnitMeasure>
      <BisWeighted>0</BisWeighted>
      <QtyInPackage>1</QtyInPackage>
      <ItemPrice>22.90</ItemPrice>
      <UnitOfMeasurePrice>5.73</UnitOfMeasurePrice>
      <AllowDiscount>0</AllowDiscount>
      <itemStatus>1</itemStatus>
      <LastUpdateDate />
      <LastUpdateTime />
    </Product>
    <Product>
      <PriceUpdateDate>2018/04/24 12:01</PriceUpdateDate>
      <ItemCode>7290004339425</ItemCode>
      <ItemType>1</ItemType>
      <ItemName>שווארמה מהצומח טבע דלי (350 גרם)</ItemName>
      <ManufactureName>ל.י.ב. (לחיות יותר בטבע) בעמ</ManufactureName>
      <ManufactureCountry />
      <ManufactureItemDescription />
      <UnitQty>יח`</UnitQty>
      <Quantity>3.50</Quantity>
      <UnitMeasure>100 גרם</UnitMeasure>
      <BisWeighted>0</BisWeighted>
      <QtyInPackage>1</QtyInPackage>
      <ItemPrice>22.90</ItemPrice>
      <UnitOfMeasurePrice>6.54</UnitOfMeasurePrice>
      <AllowDiscount>0</AllowDiscount>
      <itemStatus>1</itemStatus>
      <LastUpdateDate />
      <LastUpdateTime />
    </Product>
    <Product>
      <PriceUpdateDate>2018/04/24 12:01</PriceUpdateDate>
      <ItemCode>7290004339630</ItemCode>
      <ItemType>1</ItemType>
      <ItemName>סייטן בטעם טבעי טבע דלי (350 גרם)</ItemName>
      <ManufactureName>ל.י.ב. (לחיות יותר בטבע) בעמ</ManufactureName>
      <ManufactureCountry />
      <ManufactureItemDescription />
      <UnitQty>יח`</UnitQty>
      <Quantity>3.50</Quantity>
      <UnitMeasure>100 גרם</UnitMeasure>
      <BisWeighted>0</BisWeighted>
      <QtyInPackage>1</QtyInPackage>
      <ItemPrice>17.90</ItemPrice>
      <UnitOfMeasurePrice>5.11</UnitOfMeasurePrice>
      <AllowDiscount>0</AllowDiscount>
      <itemStatus>1</itemStatus>
      <LastUpdateDate />
      <LastUpdateTime />
    </Product>
    <Product>
      <PriceUpdateDate>2018/04/24 12:01</PriceUpdateDate>
      <ItemCode>7290004339784</ItemCode>
      <ItemType>1</ItemType>
      <ItemName>המבורגר על האש 400גרם טבע דלי</ItemName>
      <ManufactureName>ל.י.ב. (לחיות יותר בטבע) בעמ</ManufactureName>
      <ManufactureCountry />
      <ManufactureItemDescription />
      <UnitQty>יח`</UnitQty>
      <Quantity>4</Quantity>
      <UnitMeasure>100 גרם</UnitMeasure>
      <BisWeighted>0</BisWeighted>
      <QtyInPackage>1</QtyInPackage>
      <ItemPrice>22.90</ItemPrice>
      <UnitOfMeasurePrice>5.73</UnitOfMeasurePrice>
      <AllowDiscount>0</AllowDiscount>
      <itemStatus>1</itemStatus>
      <LastUpdateDate />
      <LastUpdateTime />
    </Product>
    <Product>
      <PriceUpdateDate>2018/07/08 11:12</PriceUpdateDate>
      <ItemCode>7290004492274</ItemCode>
      <ItemType>1</ItemType>
      <ItemName>בייגלה גל גל 400 גר`</ItemName>
      <ManufactureName>יוניליוור ישראל שיווק בעמ</ManufactureName>
      <ManufactureCountry />
      <ManufactureItemDescription />
      <UnitQty>יח`</UnitQty>
      <Quantity>4</Quantity>
      <UnitMeasure>100 גרם</UnitMeasure>
      <BisWeighted>0</BisWeighted>
      <QtyInPackage>1</QtyInPackage>
      <ItemPrice>10.90</ItemPrice>
      <UnitOfMeasurePrice>2.73</UnitOfMeasurePrice>
      <AllowDiscount>1</AllowDiscount>
      <itemStatus>1</itemStatus>
      <LastUpdateDate />
      <LastUpdateTime />
    </Product>
    <Product>
      <PriceUpdateDate>2018/04/24 09:18</PriceUpdateDate>
      <ItemCode>7290004492762</ItemCode>
      <ItemType>1</ItemType>
      <ItemName>נשנושים חטיף תירס בייגל בייגל (325 גרם)</ItemName>
      <ManufactureName>יוניליוור ישראל שיווק בעמ</ManufactureName>
      <ManufactureCountry />
      <ManufactureItemDescription />
      <UnitQty>יח`</UnitQty>
      <Quantity>3.25</Quantity>
      <UnitMeasure>100 גרם</UnitMeasure>
      <BisWeighted>0</BisWeighted>
      <QtyInPackage>1</QtyInPackage>
      <ItemPrice>12.90</ItemPrice>
      <UnitOfMeasurePrice>3.97</UnitOfMeasurePrice>
      <AllowDiscount>1</AllowDiscount>
      <itemStatus>1</itemStatus>
      <LastUpdateDate />
      <LastUpdateTime />
    </Product>
    <Product>
      <PriceUpdateDate>2018/04/24 10:53</PriceUpdateDate>
      <ItemCode>7290004494131</ItemCode>
      <ItemType>1</ItemType>
      <ItemName>קברנה סוביניון 750 מל D דלתון</ItemName>
      <ManufactureName>הכרם - משקאות חריפים בעמ</ManufactureName>
      <ManufactureCountry />
      <ManufactureItemDescription />
      <UnitQty>יח`</UnitQty>
      <Quantity>7.50</Quantity>
      <UnitMeasure>100 מ"ל</UnitMeasure>
      <BisWeighted>0</BisWeighted>
      <QtyInPackage>1</QtyInPackage>
      <ItemPrice>64.90</ItemPrice>
      <UnitOfMeasurePrice>8.61</UnitOfMeasurePrice>
      <AllowDiscount>1</AllowDiscount>
      <itemStatus>1</itemStatus>
      <LastUpdateDate />
      <LastUpdateTime />
    </Product>
    <Product>
      <PriceUpdateDate>2018/04/24 10:53</PriceUpdateDate>
      <ItemCode>7290004494148</ItemCode>
      <ItemType>1</ItemType>
      <ItemName>מרלו 750 מל D דלתון</ItemName>
      <ManufactureName>הכרם - משקאות חריפים בעמ</ManufactureName>
      <ManufactureCountry />
      <ManufactureItemDescription />
      <UnitQty>יח`</UnitQty>
      <Quantity>7.50</Quantity>
      <UnitMeasure>100 מ"ל</UnitMeasure>
      <BisWeighted>0</BisWeighted>
      <QtyInPackage>1</QtyInPackage>
      <ItemPrice>64.90</ItemPrice>
      <UnitOfMeasurePrice>8.61</UnitOfMeasurePrice>
      <AllowDiscount>1</AllowDiscount>
      <itemStatus>1</itemStatus>
      <LastUpdateDate />
      <LastUpdateTime />
    </Product>
    <Product>
      <PriceUpdateDate>2018/04/24 11:54</PriceUpdateDate>
      <ItemCode>7290004494919</ItemCode>
      <ItemType>1</ItemType>
      <ItemName>יין קברנה שיראז דלתון (750 מל)</ItemName>
      <ManufactureName>הכרם - משקאות חריפים בעמ</ManufactureName>
      <ManufactureCountry />
      <ManufactureItemDescription />
      <UnitQty>יח`</UnitQty>
      <Quantity>7.50</Quantity>
      <UnitMeasure>100 מ"ל</UnitMeasure>
      <BisWeighted>0</BisWeighted>
      <QtyInPackage>1</QtyInPackage>
      <ItemPrice>48.90</ItemPrice>
      <UnitOfMeasurePrice>6.48</UnitOfMeasurePrice>
      <AllowDiscount>1</AllowDiscount>
      <itemStatus>1</itemStatus>
      <LastUpdateDate />
      <LastUpdateTime />
    </Product>
    <Product>
      <PriceUpdateDate>2018/04/24 11:13</PriceUpdateDate>
      <ItemCode>7290004554354</ItemCode>
      <ItemType>1</ItemType>
      <ItemName>גלידת פנטזיה שוקו ווניל</ItemName>
      <ManufactureName>גלידות שטראוס בעמ</ManufactureName>
      <ManufactureCountry />
      <ManufactureItemDescription />
      <UnitQty>יח`</UnitQty>
      <Quantity>9</Quantity>
      <UnitMeasure>100 מ"ל</UnitMeasure>
      <BisWeighted>0</BisWeighted>
      <QtyInPackage>1</QtyInPackage>
      <ItemPrice>23.90</ItemPrice>
      <UnitOfMeasurePrice>2.66</UnitOfMeasurePrice>
      <AllowDiscount>1</AllowDiscount>
      <itemStatus>1</itemStatus>
      <LastUpdateDate />
      <LastUpdateTime />
    </Product>
    <Product>
      <PriceUpdateDate>2018/04/24 10:28</PriceUpdateDate>
      <ItemCode>7290004584306</ItemCode>
      <ItemType>1</ItemType>
      <ItemName>גמדים רביעייה תות בננה</ItemName>
      <ManufactureName>שטראוס גרופ בעמ/מצונן</ManufactureName>
      <ManufactureCountry />
      <ManufactureItemDescription />
      <UnitQty>יח`</UnitQty>
      <Quantity>4</Quantity>
      <UnitMeasure>100 מ"ל</UnitMeasure>
      <BisWeighted>0</BisWeighted>
      <QtyInPackage>1</QtyInPackage>
      <ItemPrice>11.40</ItemPrice>
      <UnitOfMeasurePrice>2.85</UnitOfMeasurePrice>
      <AllowDiscount>0</AllowDiscount>
      <itemStatus>1</itemStatus>
      <LastUpdateDate />
      <LastUpdateTime />
    </Product>
    <Product>
      <PriceUpdateDate>2018/08/01 14:14</PriceUpdateDate>
      <ItemCode>7290004584351</ItemCode>
      <ItemType>1</ItemType>
      <ItemName>גבינת במרקם שמנת 5% סימפוניה (200 גרם)</ItemName>
      <ManufactureName>שטראוס גרופ בעמ/מצונן</ManufactureName>
      <ManufactureCountry />
      <ManufactureItemDescription />
      <UnitQty>יח`</UnitQty>
      <Quantity>2</Quantity>
      <UnitMeasure>100 גרם</UnitMeasure>
      <BisWeighted>0</BisWeighted>
      <QtyInPackage>1</QtyInPackage>
      <ItemPrice>11.40</ItemPrice>
      <UnitOfMeasurePrice>5.70</UnitOfMeasurePrice>
      <AllowDiscount>0</AllowDiscount>
      <itemStatus>1</itemStatus>
      <LastUpdateDate />
      <LastUpdateTime />
    </Product>
    <Product>
      <PriceUpdateDate>2018/04/24 10:28</PriceUpdateDate>
      <ItemCode>7290004584528</ItemCode>
      <ItemType>1</ItemType>
      <ItemName>יוגורט ביו 1.7% דנונה (200 גרם)</ItemName>
      <ManufactureName>שטראוס גרופ בעמ/מצונן</ManufactureName>
      <ManufactureCountry />
      <ManufactureItemDescription />
      <UnitQty>יח`</UnitQty>
      <Quantity>2</Quantity>
      <UnitMeasure>100 מ"ל</UnitMeasure>
      <BisWeighted>0</BisWeighted>
      <QtyInPackage>1</QtyInPackage>
      <ItemPrice>3.40</ItemPrice>
      <UnitOfMeasurePrice>1.70</UnitOfMeasurePrice>
      <AllowDiscount>0</AllowDiscount>
      <itemStatus>1</itemStatus>
      <LastUpdateDate />
      <LastUpdateTime />
    </Product>
    <Product>
      <PriceUpdateDate>2018/04/24 10:28</PriceUpdateDate>
      <ItemCode>7290004585907</ItemCode>
      <ItemType>1</ItemType>
      <ItemName>דני וניל בודד</ItemName>
      <ManufactureName>שטראוס גרופ בעמ/מצונן</ManufactureName>
      <ManufactureCountry />
      <ManufactureItemDescription />
      <UnitQty>יח`</UnitQty>
      <Quantity>1.30</Quantity>
      <UnitMeasure>100 מ"ל</UnitMeasure>
      <BisWeighted>0</BisWeighted>
      <QtyInPackage>1</QtyInPackage>
      <ItemPrice>2.60</ItemPrice>
      <UnitOfMeasurePrice>2</UnitOfMeasurePrice>
      <AllowDiscount>0</AllowDiscount>
      <itemStatus>1</itemStatus>
      <LastUpdateDate />
      <LastUpdateTime />
    </Product>
    <Product>
      <PriceUpdateDate>2020/01/14 08:08</PriceUpdateDate>
      <ItemCode>7290004658625</ItemCode>
      <ItemType>1</ItemType>
      <ItemName>תירוש אדום 1 ליטר</ItemName>
      <ManufactureName>אגודת הכורמים</ManufactureName>
      <ManufactureCountry />
      <ManufactureItemDescription />
      <UnitQty>יח`</UnitQty>
      <Quantity>1</Quantity>
      <UnitMeasure>1 ליטר</UnitMeasure>
      <BisWeighted>0</BisWeighted>
      <QtyInPackage>1</QtyInPackage>
      <ItemPrice>18.20</ItemPrice>
      <UnitOfMeasurePrice>18.20</UnitOfMeasurePrice>
      <AllowDiscount>1</AllowDiscount>
      <itemStatus>1</itemStatus>
      <LastUpdateDate />
      <LastUpdateTime />
    </Product>
    <Product>
      <PriceUpdateDate>2019/01/30 09:36</PriceUpdateDate>
      <ItemCode>7290004658946</ItemCode>
      <ItemType>1</ItemType>
      <ItemName>פרייבט קולקשן שרדונה יקבי כרמל (750 מל)</ItemName>
      <ManufactureName>אגודת הכורמים</ManufactureName>
      <ManufactureCountry />
      <ManufactureItemDescription />
      <UnitQty>יח`</UnitQty>
      <Quantity>7.50</Quantity>
      <UnitMeasure>100 מ"ל</UnitMeasure>
      <BisWeighted>0</BisWeighted>
      <QtyInPackage>1</QtyInPackage>
      <ItemPrice>39.90</ItemPrice>
      <UnitOfMeasurePrice>5.28</UnitOfMeasurePrice>
      <AllowDiscount>1</AllowDiscount>
      <itemStatus>1</itemStatus>
      <LastUpdateDate />
      <LastUpdateTime />
    </Product>
    <Product>
      <PriceUpdateDate>2019/01/27 09:39</PriceUpdateDate>
      <ItemCode>7290004685027</ItemCode>
      <ItemType>1</ItemType>
      <ItemName>לחם קל מחיטה מלאה לחם הארץ (500 גרם)</ItemName>
      <ManufactureName>י.את א. ברמן בעמ</ManufactureName>
      <ManufactureCountry />
      <ManufactureItemDescription />
      <UnitQty>יח`</UnitQty>
      <Quantity>1</Quantity>
      <UnitMeasure />
      <BisWeighted>0</BisWeighted>
      <QtyInPackage>1</QtyInPackage>
      <ItemPrice>15.50</ItemPrice>
      <UnitOfMeasurePrice>15.50</UnitOfMeasurePrice>
      <AllowDiscount>0</AllowDiscount>
      <itemStatus>1</itemStatus>
      <LastUpdateDate />
      <LastUpdateTime />
    </Product>
    <Product>
      <PriceUpdateDate>2019/01/27 09:39</PriceUpdateDate>
      <ItemCode>7290004685041</ItemCode>
      <ItemType>1</ItemType>
      <ItemName>לחם חיטה מלאה פרוס לחם הארץ (750 גרם)</ItemName>
      <ManufactureName>י.את א. ברמן בעמ</ManufactureName>
      <ManufactureCountry />
      <ManufactureItemDescription />
      <UnitQty>יח`</UnitQty>
      <Quantity>7.50</Quantity>
      <UnitMeasure>100 גרם</UnitMeasure>
      <BisWeighted>0</BisWeighted>
      <QtyInPackage>1</QtyInPackage>
      <ItemPrice>15.50</ItemPrice>
      <UnitOfMeasurePrice>2.07</UnitOfMeasurePrice>
      <AllowDiscount>0</AllowDiscount>
      <itemStatus>1</itemStatus>
      <LastUpdateDate />
      <LastUpdateTime />
    </Product>
    <Product>
      <PriceUpdateDate>2019/01/27 09:39</PriceUpdateDate>
      <ItemCode>7290004685157</ItemCode>
      <ItemType>1</ItemType>
      <ItemName>לחם שיפון 100% פרוס לחם הארץ (750 גרם)</ItemName>
      <ManufactureName>י.את א. ברמן בעמ</ManufactureName>
      <ManufactureCountry />
      <ManufactureItemDescription />
      <UnitQty>יח`</UnitQty>
      <Quantity>7.50</Quantity>
      <UnitMeasure>100 גרם</UnitMeasure>
      <BisWeighted>0</BisWeighted>
      <QtyInPackage>1</QtyInPackage>
      <ItemPrice>15.50</ItemPrice>
      <UnitOfMeasurePrice>2.07</UnitOfMeasurePrice>
      <AllowDiscount>0</AllowDiscount>
      <itemStatus>1</itemStatus>
      <LastUpdateDate />
      <LastUpdateTime />
    </Product>
    <Product>
      <PriceUpdateDate>2019/01/27 09:39</PriceUpdateDate>
      <ItemCode>7290004685195</ItemCode>
      <ItemType>1</ItemType>
      <ItemName>לחם 10 דגנים פרוס לחם הארץ (750 גרם)</ItemName>
      <ManufactureName>י.את א. ברמן בעמ</ManufactureName>
      <ManufactureCountry />
      <ManufactureItemDescription />
      <UnitQty>יח`</UnitQty>
      <Quantity>7.50</Quantity>
      <UnitMeasure>100 גרם</UnitMeasure>
      <BisWeighted>0</BisWeighted>
      <QtyInPackage>1</QtyInPackage>
      <ItemPrice>15.50</ItemPrice>
      <UnitOfMeasurePrice>2.07</UnitOfMeasurePrice>
      <AllowDiscount>0</AllowDiscount>
      <itemStatus>1</itemStatus>
      <LastUpdateDate />
      <LastUpdateTime />
    </Product>
    <Product>
      <PriceUpdateDate>2019/01/27 09:39</PriceUpdateDate>
      <ItemCode>7290004685201</ItemCode>
      <ItemType>1</ItemType>
      <ItemName>לחם שיפון אגוזים .</ItemName>
      <ManufactureName>י.את א. ברמן בעמ</ManufactureName>
      <ManufactureCountry />
      <ManufactureItemDescription />
      <UnitQty>יח`</UnitQty>
      <Quantity>5</Quantity>
      <UnitMeasure>100 גרם</UnitMeasure>
      <BisWeighted>0</BisWeighted>
      <QtyInPackage>1</QtyInPackage>
      <ItemPrice>15.50</ItemPrice>
      <UnitOfMeasurePrice>3.10</UnitOfMeasurePrice>
      <AllowDiscount>0</AllowDiscount>
      <itemStatus>1</itemStatus>
      <LastUpdateDate />
      <LastUpdateTime />
    </Product>
    <Product>
      <PriceUpdateDate>2019/01/27 09:39</PriceUpdateDate>
      <ItemCode>7290004685430</ItemCode>
      <ItemType>1</ItemType>
      <ItemName>100% לחם כומסין 500 גר לחם הארץ</ItemName>
      <ManufactureName>י.את א. ברמן בעמ</ManufactureName>
      <ManufactureCountry />
      <ManufactureItemDescription />
      <UnitQty>יח`</UnitQty>
      <Quantity>5</Quantity>
      <UnitMeasure>100 גרם</UnitMeasure>
      <BisWeighted>0</BisWeighted>
      <QtyInPackage>1</QtyInPackage>
      <ItemPrice>15.50</ItemPrice>
      <UnitOfMeasurePrice>3.10</UnitOfMeasurePrice>
      <AllowDiscount>0</AllowDiscount>
      <itemStatus>1</itemStatus>
      <LastUpdateDate />
      <LastUpdateTime />
    </Product>
    <Product>
      <PriceUpdateDate>2019/12/01 09:22</PriceUpdateDate>
      <ItemCode>7290004685447</ItemCode>
      <ItemType>1</ItemType>
      <ItemName>לחמניות כוסמין 6 יח בשקית מלא 450 גר` E</ItemName>
      <ManufactureName>י.את א. ברמן בעמ</ManufactureName>
      <ManufactureCountry />
      <ManufactureItemDescription />
      <UnitQty>יח`</UnitQty>
      <Quantity>4.50</Quantity>
      <UnitMeasure>100 גרם</UnitMeasure>
      <BisWeighted>0</BisWeighted>
      <QtyInPackage>1</QtyInPackage>
      <ItemPrice>13.50</ItemPrice>
      <UnitOfMeasurePrice>3</UnitOfMeasurePrice>
      <AllowDiscount>0</AllowDiscount>
      <itemStatus>1</itemStatus>
      <LastUpdateDate />
      <LastUpdateTime />
    </Product>
    <Product>
      <PriceUpdateDate>2018/04/24 11:12</PriceUpdateDate>
      <ItemCode>7290004731076</ItemCode>
      <ItemType>1</ItemType>
      <ItemName>אל סבון נוזלי אלוורה כיף (1 ליטר)</ItemName>
      <ManufactureName>החברה הדרומית לשיווק בעמ</ManufactureName>
      <ManufactureCountry />
      <ManufactureItemDescription />
      <UnitQty>יח`</UnitQty>
      <Quantity>10</Quantity>
      <UnitMeasure>100 מ"ל</UnitMeasure>
      <BisWeighted>0</BisWeighted>
      <QtyInPackage>1</QtyInPackage>
      <ItemPrice>13.90</ItemPrice>
      <UnitOfMeasurePrice>1.39</UnitOfMeasurePrice>
      <AllowDiscount>1</AllowDiscount>
      <itemStatus>1</itemStatus>
      <LastUpdateDate />
      <LastUpdateTime />
    </Product>
    <Product>
      <PriceUpdateDate>2018/04/24 11:03</PriceUpdateDate>
      <ItemCode>7290004731083</ItemCode>
      <ItemType>1</ItemType>
      <ItemName>אל סבון נוזלי ג`ינסנג כיף (1 ליטר)</ItemName>
      <ManufactureName>החברה הדרומית לשיווק בעמ</ManufactureName>
      <ManufactureCountry />
      <ManufactureItemDescription />
      <UnitQty>יח`</UnitQty>
      <Quantity>10</Quantity>
      <UnitMeasure>100 מ"ל</UnitMeasure>
      <BisWeighted>0</BisWeighted>
      <QtyInPackage>1</QtyInPackage>
      <ItemPrice>13.90</ItemPrice>
      <UnitOfMeasurePrice>1.39</UnitOfMeasurePrice>
      <AllowDiscount>1</AllowDiscount>
      <itemStatus>1</itemStatus>
      <LastUpdateDate />
      <LastUpdateTime />
    </Product>
    <Product>
      <PriceUpdateDate>2018/07/08 11:12</PriceUpdateDate>
      <ItemCode>7290004731090</ItemCode>
      <ItemType>1</ItemType>
      <ItemName>אל סבון נוזלי קמומיל כיף (1 ליטר)</ItemName>
      <ManufactureName>החברה הדרומית לשיווק בעמ</ManufactureName>
      <ManufactureCountry />
      <ManufactureItemDescription />
      <UnitQty>יח`</UnitQty>
      <Quantity>10</Quantity>
      <UnitMeasure>100 מ"ל</UnitMeasure>
      <BisWeighted>0</BisWeighted>
      <QtyInPackage>1</QtyInPackage>
      <ItemPrice>13.90</ItemPrice>
      <UnitOfMeasurePrice>1.39</UnitOfMeasurePrice>
      <AllowDiscount>1</AllowDiscount>
      <itemStatus>1</itemStatus>
      <LastUpdateDate />
      <LastUpdateTime />
    </Product>
    <Product>
      <PriceUpdateDate>2018/08/05 11:15</PriceUpdateDate>
      <ItemCode>7290004731137</ItemCode>
      <ItemType>1</ItemType>
      <ItemName>קרמה קרם ידיים ל</ItemName>
      <ManufactureName>החברה הדרומית לשיווק בעמ</ManufactureName>
      <ManufactureCountry />
      <ManufactureItemDescription />
      <UnitQty>יח`</UnitQty>
      <Quantity>1</Quantity>
      <UnitMeasure>100 מ"ל</UnitMeasure>
      <BisWeighted>0</BisWeighted>
      <QtyInPackage>1</QtyInPackage>
      <ItemPrice>10.90</ItemPrice>
      <UnitOfMeasurePrice>10.90</UnitOfMeasurePrice>
      <AllowDiscount>1</AllowDiscount>
      <itemStatus>1</itemStatus>
      <LastUpdateDate />
      <LastUpdateTime />
    </Product>
    <Product>
      <PriceUpdateDate>2018/08/02 10:17</PriceUpdateDate>
      <ItemCode>7290004731472</ItemCode>
      <ItemType>1</ItemType>
      <ItemName>כיף אלסבון שלישיה</ItemName>
      <ManufactureName>החברה הדרומית לשיווק בעמ</ManufactureName>
      <ManufactureCountry />
      <ManufactureItemDescription />
      <UnitQty>יח`</UnitQty>
      <Quantity>1.50</Quantity>
      <UnitMeasure>1 ליטר</UnitMeasure>
      <BisWeighted>0</BisWeighted>
      <QtyInPackage>1</QtyInPackage>
      <ItemPrice>19.90</ItemPrice>
      <UnitOfMeasurePrice>13.27</UnitOfMeasurePrice>
      <AllowDiscount>1</AllowDiscount>
      <itemStatus>1</itemStatus>
      <LastUpdateDate />
      <LastUpdateTime />
    </Product>
    <Product>
      <PriceUpdateDate>2018/04/24 13:05</PriceUpdateDate>
      <ItemCode>7290004731564</ItemCode>
      <ItemType>1</ItemType>
      <ItemName>סנו מקסימה למייבש 750 מל בלו בלוטום</ItemName>
      <ManufactureName>החברה הדרומית לשיווק בעמ</ManufactureName>
      <ManufactureCountry />
      <ManufactureItemDescription />
      <UnitQty>יח`</UnitQty>
      <Quantity>7.50</Quantity>
      <UnitMeasure>100 מ"ל</UnitMeasure>
      <BisWeighted>0</BisWeighted>
      <QtyInPackage>1</QtyInPackage>
      <ItemPrice>19.90</ItemPrice>
      <UnitOfMeasurePrice>2.65</UnitOfMeasurePrice>
      <AllowDiscount>0</AllowDiscount>
      <itemStatus>1</itemStatus>
      <LastUpdateDate />
      <LastUpdateTime />
    </Product>
    <Product>
      <PriceUpdateDate>2019/01/07 10:57</PriceUpdateDate>
      <ItemCode>7290004737900</ItemCode>
      <ItemType>1</ItemType>
      <ItemName>חלב מרוכז הולנדי וילי פוד (397 גרם)</ItemName>
      <ManufactureName>ג.וילי-פוד אינטרנשיונל בעמ</ManufactureName>
      <ManufactureCountry />
      <ManufactureItemDescription />
      <UnitQty>יח`</UnitQty>
      <Quantity>3.97</Quantity>
      <UnitMeasure>100 גרם</UnitMeasure>
      <BisWeighted>0</BisWeighted>
      <QtyInPackage>1</QtyInPackage>
      <ItemPrice>8.90</ItemPrice>
      <UnitOfMeasurePrice>2.24</UnitOfMeasurePrice>
      <AllowDiscount>0</AllowDiscount>
      <itemStatus>1</itemStatus>
      <LastUpdateDate />
      <LastUpdateTime />
    </Product>
    <Product>
      <PriceUpdateDate>2018/04/24 10:24</PriceUpdateDate>
      <ItemCode>7290004923051</ItemCode>
      <ItemType>1</ItemType>
      <ItemName>מים עין גדי 2 ליטר בודד</ItemName>
      <ManufactureName>יפאורה</ManufactureName>
      <ManufactureCountry />
      <ManufactureItemDescription />
      <UnitQty>יח`</UnitQty>
      <Quantity>2</Quantity>
      <UnitMeasure>1 ליטר</UnitMeasure>
      <BisWeighted>0</BisWeighted>
      <QtyInPackage>1</QtyInPackage>
      <ItemPrice>2.90</ItemPrice>
      <UnitOfMeasurePrice>1.45</UnitOfMeasurePrice>
      <AllowDiscount>0</AllowDiscount>
      <itemStatus>1</itemStatus>
      <LastUpdateDate />
      <LastUpdateTime />
    </Product>
    <Product>
      <PriceUpdateDate>2018/08/01 13:45</PriceUpdateDate>
      <ItemCode>7290004923099</ItemCode>
      <ItemType>1</ItemType>
      <ItemName>מים מינרלים עין גדי (2x6 ליטר)</ItemName>
      <ManufactureName>יפאורה</ManufactureName>
      <ManufactureCountry />
      <ManufactureItemDescription />
      <UnitQty>יח`</UnitQty>
      <Quantity>12</Quantity>
      <UnitMeasure>1 ליטר</UnitMeasure>
      <BisWeighted>0</BisWeighted>
      <QtyInPackage>1</QtyInPackage>
      <ItemPrice>11.90</ItemPrice>
      <UnitOfMeasurePrice>0.99</UnitOfMeasurePrice>
      <AllowDiscount>0</AllowDiscount>
      <itemStatus>1</itemStatus>
      <LastUpdateDate />
      <LastUpdateTime />
    </Product>
    <Product>
      <PriceUpdateDate>2020/01/06 11:00</PriceUpdateDate>
      <ItemCode>7290004923181</ItemCode>
      <ItemType>1</ItemType>
      <ItemName>עין גדי 0.5 ליטר בודד</ItemName>
      <ManufactureName>יפאורה</ManufactureName>
      <ManufactureCountry />
      <ManufactureItemDescription />
      <UnitQty>יח`</UnitQty>
      <Quantity>1</Quantity>
      <UnitMeasure />
      <BisWeighted>0</BisWeighted>
      <QtyInPackage>1</QtyInPackage>
      <ItemPrice>1.90</ItemPrice>
      <UnitOfMeasurePrice>1.90</UnitOfMeasurePrice>
      <AllowDiscount>0</AllowDiscount>
      <itemStatus>1</itemStatus>
      <LastUpdateDate />
      <LastUpdateTime />
    </Product>
    <Product>
      <PriceUpdateDate>2020/05/03 09:34</PriceUpdateDate>
      <ItemCode>7290005008481</ItemCode>
      <ItemType>1</ItemType>
      <ItemName>ספיד סטיק גל בסיסי ספורט פאוור</ItemName>
      <ManufactureName>ש.שסטוביץ בעמ</ManufactureName>
      <ManufactureCountry />
      <ManufactureItemDescription />
      <UnitQty>יח`</UnitQty>
      <Quantity>0.85</Quantity>
      <UnitMeasure>100 גרם</UnitMeasure>
      <BisWeighted>0</BisWeighted>
      <QtyInPackage>1</QtyInPackage>
      <ItemPrice>16.90</ItemPrice>
      <UnitOfMeasurePrice>19.88</UnitOfMeasurePrice>
      <AllowDiscount>0</AllowDiscount>
      <itemStatus>1</itemStatus>
      <LastUpdateDate />
      <LastUpdateTime />
    </Product>
    <Product>
      <PriceUpdateDate>2019/03/03 16:19</PriceUpdateDate>
      <ItemCode>7290005020346</ItemCode>
      <ItemType>1</ItemType>
      <ItemName>בקרדי 750 לבן</ItemName>
      <ManufactureName>מ. אקרמן בעמ</ManufactureName>
      <ManufactureCountry />
      <ManufactureItemDescription />
      <UnitQty>יח`</UnitQty>
      <Quantity>7.50</Quantity>
      <UnitMeasure>100 מ"ל</UnitMeasure>
      <BisWeighted>0</BisWeighted>
      <QtyInPackage>1</QtyInPackage>
      <ItemPrice>109.90</ItemPrice>
      <UnitOfMeasurePrice>14.61</UnitOfMeasurePrice>
      <AllowDiscount>0</AllowDiscount>
      <itemStatus>1</itemStatus>
      <LastUpdateDate />
      <LastUpdateTime />
    </Product>
    <Product>
      <PriceUpdateDate>2019/03/03 16:19</PriceUpdateDate>
      <ItemCode>7290005020490</ItemCode>
      <ItemType>1</ItemType>
      <ItemName>ויסקי דיוארס 700 מל</ItemName>
      <ManufactureName>מ. אקרמן בעמ</ManufactureName>
      <ManufactureCountry />
      <ManufactureItemDescription />
      <UnitQty>יח`</UnitQty>
      <Quantity>7</Quantity>
      <UnitMeasure>100 מ"ל</UnitMeasure>
      <BisWeighted>0</BisWeighted>
      <QtyInPackage>1</QtyInPackage>
      <ItemPrice>99.90</ItemPrice>
      <UnitOfMeasurePrice>14.23</UnitOfMeasurePrice>
      <AllowDiscount>1</AllowDiscount>
      <itemStatus>1</itemStatus>
      <LastUpdateDate />
      <LastUpdateTime />
    </Product>
    <Product>
      <PriceUpdateDate>2019/10/30 10:27</PriceUpdateDate>
      <ItemCode>7290005084355</ItemCode>
      <ItemType>1</ItemType>
      <ItemName>משחת שיניים דואל קר סנסודיין (75 מל)</ItemName>
      <ManufactureName>גורי ע.ע.ע בעמ</ManufactureName>
      <ManufactureCountry />
      <ManufactureItemDescription />
      <UnitQty>יח`</UnitQty>
      <Quantity>0.75</Quantity>
      <UnitMeasure>100 גרם</UnitMeasure>
      <BisWeighted>0</BisWeighted>
      <QtyInPackage>1</QtyInPackage>
      <ItemPrice>20</ItemPrice>
      <UnitOfMeasurePrice>26.67</UnitOfMeasurePrice>
      <AllowDiscount>1</AllowDiscount>
      <itemStatus>1</itemStatus>
      <LastUpdateDate />
      <LastUpdateTime />
    </Product>
    <Product>
      <PriceUpdateDate>2018/04/24 13:03</PriceUpdateDate>
      <ItemCode>7290005095320</ItemCode>
      <ItemType>1</ItemType>
      <ItemName>זית ממולא שום צנצנת 215 גר`</ItemName>
      <ManufactureName>ציון תורג`מן בעמ</ManufactureName>
      <ManufactureCountry />
      <ManufactureItemDescription />
      <UnitQty>יח`</UnitQty>
      <Quantity>2.15</Quantity>
      <UnitMeasure>100 גרם</UnitMeasure>
      <BisWeighted>0</BisWeighted>
      <QtyInPackage>1</QtyInPackage>
      <ItemPrice>14.90</ItemPrice>
      <UnitOfMeasurePrice>6.93</UnitOfMeasurePrice>
      <AllowDiscount>1</AllowDiscount>
      <itemStatus>1</itemStatus>
      <LastUpdateDate />
      <LastUpdateTime />
    </Product>
    <Product>
      <PriceUpdateDate>2018/04/24 10:48</PriceUpdateDate>
      <ItemCode>7290005095641</ItemCode>
      <ItemType>1</ItemType>
      <ItemName>שלווה בטעמים</ItemName>
      <ManufactureName>ציון תורג`מן בעמ</ManufactureName>
      <ManufactureCountry />
      <ManufactureItemDescription />
      <UnitQty>יח`</UnitQty>
      <Quantity>1</Quantity>
      <UnitMeasure>יח`</UnitMeasure>
      <BisWeighted>0</BisWeighted>
      <QtyInPackage>1</QtyInPackage>
      <ItemPrice>8.90</ItemPrice>
      <UnitOfMeasurePrice>8.90</UnitOfMeasurePrice>
      <AllowDiscount>1</AllowDiscount>
      <itemStatus>1</itemStatus>
      <LastUpdateDate />
      <LastUpdateTime />
    </Product>
    <Product>
      <PriceUpdateDate>2018/04/24 10:48</PriceUpdateDate>
      <ItemCode>7290005095658</ItemCode>
      <ItemType>1</ItemType>
      <ItemName>שלווה בטעמים</ItemName>
      <ManufactureName>ציון תורג`מן בעמ</ManufactureName>
      <ManufactureCountry />
      <ManufactureItemDescription />
      <UnitQty>יח`</UnitQty>
      <Quantity>1</Quantity>
      <UnitMeasure>יח`</UnitMeasure>
      <BisWeighted>0</BisWeighted>
      <QtyInPackage>1</QtyInPackage>
      <ItemPrice>8.90</ItemPrice>
      <UnitOfMeasurePrice>8.90</UnitOfMeasurePrice>
      <AllowDiscount>1</AllowDiscount>
      <itemStatus>1</itemStatus>
      <LastUpdateDate />
      <LastUpdateTime />
    </Product>
    <Product>
      <PriceUpdateDate>2018/04/24 10:48</PriceUpdateDate>
      <ItemCode>7290005095702</ItemCode>
      <ItemType>1</ItemType>
      <ItemName>שלווה בטעמים</ItemName>
      <ManufactureName>ציון תורג`מן בעמ</ManufactureName>
      <ManufactureCountry />
      <ManufactureItemDescription />
      <UnitQty>יח`</UnitQty>
      <Quantity>2</Quantity>
      <UnitMeasure>100 גרם</UnitMeasure>
      <BisWeighted>0</BisWeighted>
      <QtyInPackage>1</QtyInPackage>
      <ItemPrice>8.90</ItemPrice>
      <UnitOfMeasurePrice>4.45</UnitOfMeasurePrice>
      <AllowDiscount>1</AllowDiscount>
      <itemStatus>1</itemStatus>
      <LastUpdateDate />
      <LastUpdateTime />
    </Product>
    <Product>
      <PriceUpdateDate>2018/04/24 11:02</PriceUpdateDate>
      <ItemCode>7290005095801</ItemCode>
      <ItemType>1</ItemType>
      <ItemName>עמבה 500 גר` תמר</ItemName>
      <ManufactureName>ציון תורג`מן בעמ</ManufactureName>
      <ManufactureCountry />
      <ManufactureItemDescription />
      <UnitQty>יח`</UnitQty>
      <Quantity>5</Quantity>
      <UnitMeasure>100 גרם</UnitMeasure>
      <BisWeighted>0</BisWeighted>
      <QtyInPackage>1</QtyInPackage>
      <ItemPrice>16.90</ItemPrice>
      <UnitOfMeasurePrice>3.38</UnitOfMeasurePrice>
      <AllowDiscount>1</AllowDiscount>
      <itemStatus>1</itemStatus>
      <LastUpdateDate />
      <LastUpdateTime />
    </Product>
    <Product>
      <PriceUpdateDate>2019/11/20 11:12</PriceUpdateDate>
      <ItemCode>7290005095887</ItemCode>
      <ItemType>1</ItemType>
      <ItemName>פיצפוצי אורז האחים 450 ללא סוכר</ItemName>
      <ManufactureName>ציון תורג`מן בעמ</ManufactureName>
      <ManufactureCountry />
      <ManufactureItemDescription />
      <UnitQty>יח`</UnitQty>
      <Quantity>4.50</Quantity>
      <UnitMeasure>100 גרם</UnitMeasure>
      <BisWeighted>0</BisWeighted>
      <QtyInPackage>1</QtyInPackage>
      <ItemPrice>16.90</ItemPrice>
      <UnitOfMeasurePrice>3.76</UnitOfMeasurePrice>
      <AllowDiscount>1</AllowDiscount>
      <itemStatus>1</itemStatus>
      <LastUpdateDate />
      <LastUpdateTime />
    </Product>
    <Product>
      <PriceUpdateDate>2019/11/20 11:12</PriceUpdateDate>
      <ItemCode>7290005095894</ItemCode>
      <ItemType>1</ItemType>
      <ItemName>פיצפוצי אורז האחים 450 גר`</ItemName>
      <ManufactureName>ציון תורג`מן בעמ</ManufactureName>
      <ManufactureCountry />
      <ManufactureItemDescription />
      <UnitQty>יח`</UnitQty>
      <Quantity>4.50</Quantity>
      <UnitMeasure>100 גרם</UnitMeasure>
      <BisWeighted>0</BisWeighted>
      <QtyInPackage>1</QtyInPackage>
      <ItemPrice>16.90</ItemPrice>
      <UnitOfMeasurePrice>3.76</UnitOfMeasurePrice>
      <AllowDiscount>1</AllowDiscount>
      <itemStatus>1</itemStatus>
      <LastUpdateDate />
      <LastUpdateTime />
    </Product>
    <Product>
      <PriceUpdateDate>2018/04/24 09:58</PriceUpdateDate>
      <ItemCode>7290005113222</ItemCode>
      <ItemType>1</ItemType>
      <ItemName>מיקס זיתים</ItemName>
      <ManufactureName>קבוצת יבנה מוצרי מזון אגודה שי</ManufactureName>
      <ManufactureCountry />
      <ManufactureItemDescription />
      <UnitQty>יח`</UnitQty>
      <Quantity>5.40</Quantity>
      <UnitMeasure>100 גרם</UnitMeasure>
      <BisWeighted>0</BisWeighted>
      <QtyInPackage>1</QtyInPackage>
      <ItemPrice>9.90</ItemPrice>
      <UnitOfMeasurePrice>1.83</UnitOfMeasurePrice>
      <AllowDiscount>0</AllowDiscount>
      <itemStatus>1</itemStatus>
      <LastUpdateDate />
      <LastUpdateTime />
    </Product>
    <Product>
      <PriceUpdateDate>2018/04/24 10:28</PriceUpdateDate>
      <ItemCode>7290005174551</ItemCode>
      <ItemType>1</ItemType>
      <ItemName>חומוס אחלה (125 גרם)</ItemName>
      <ManufactureName>שטראוס גרופ בעמ/מצונן</ManufactureName>
      <ManufactureCountry />
      <ManufactureItemDescription />
      <UnitQty>יח`</UnitQty>
      <Quantity>1.25</Quantity>
      <UnitMeasure>100 גרם</UnitMeasure>
      <BisWeighted>0</BisWeighted>
      <QtyInPackage>1</QtyInPackage>
      <ItemPrice>4.90</ItemPrice>
      <UnitOfMeasurePrice>3.92</UnitOfMeasurePrice>
      <AllowDiscount>0</AllowDiscount>
      <itemStatus>1</itemStatus>
      <LastUpdateDate />
      <LastUpdateTime />
    </Product>
    <Product>
      <PriceUpdateDate>2018/04/24 10:28</PriceUpdateDate>
      <ItemCode>7290005174568</ItemCode>
      <ItemType>1</ItemType>
      <ItemName>חצילים אחלה יום יום 125 גר`</ItemName>
      <ManufactureName>שטראוס גרופ בעמ/מצונן</ManufactureName>
      <ManufactureCountry />
      <ManufactureItemDescription />
      <UnitQty>יח`</UnitQty>
      <Quantity>1.25</Quantity>
      <UnitMeasure>100 גרם</UnitMeasure>
      <BisWeighted>0</BisWeighted>
      <QtyInPackage>1</QtyInPackage>
      <ItemPrice>4.90</ItemPrice>
      <UnitOfMeasurePrice>3.92</UnitOfMeasurePrice>
      <AllowDiscount>0</AllowDiscount>
      <itemStatus>1</itemStatus>
      <LastUpdateDate />
      <LastUpdateTime />
    </Product>
    <Product>
      <PriceUpdateDate>2018/04/24 10:28</PriceUpdateDate>
      <ItemCode>7290005174575</ItemCode>
      <ItemType>1</ItemType>
      <ItemName>טחינה אחלה (125 גרם)</ItemName>
      <ManufactureName>שטראוס גרופ בעמ/מצונן</ManufactureName>
      <ManufactureCountry />
      <ManufactureItemDescription />
      <UnitQty>יח`</UnitQty>
      <Quantity>1.25</Quantity>
      <UnitMeasure>100 גרם</UnitMeasure>
      <BisWeighted>0</BisWeighted>
      <QtyInPackage>1</QtyInPackage>
      <ItemPrice>4.90</ItemPrice>
      <UnitOfMeasurePrice>3.92</UnitOfMeasurePrice>
      <AllowDiscount>0</AllowDiscount>
      <itemStatus>1</itemStatus>
      <LastUpdateDate />
      <LastUpdateTime />
    </Product>
    <Product>
      <PriceUpdateDate>2018/04/24 09:49</PriceUpdateDate>
      <ItemCode>7290005197758</ItemCode>
      <ItemType>1</ItemType>
      <ItemName>חיוכים שוקו 150</ItemName>
      <ManufactureName>שטראוס גרופ בעמ</ManufactureName>
      <ManufactureCountry />
      <ManufactureItemDescription />
      <UnitQty>יח`</UnitQty>
      <Quantity>1.50</Quantity>
      <UnitMeasure>100 גרם</UnitMeasure>
      <BisWeighted>0</BisWeighted>
      <QtyInPackage>1</QtyInPackage>
      <ItemPrice>4.90</ItemPrice>
      <UnitOfMeasurePrice>3.27</UnitOfMeasurePrice>
      <AllowDiscount>0</AllowDiscount>
      <itemStatus>1</itemStatus>
      <LastUpdateDate />
      <LastUpdateTime />
    </Product>
    <Product>
      <PriceUpdateDate>2019/05/27 16:17</PriceUpdateDate>
      <ItemCode>7290005199622</ItemCode>
      <ItemType>1</ItemType>
      <ItemName>ביסקוויט עד חצות מריר 200 גר`</ItemName>
      <ManufactureName>שטראוס גרופ בעמ</ManufactureName>
      <ManufactureCountry />
      <ManufactureItemDescription />
      <UnitQty>יח`</UnitQty>
      <Quantity>2</Quantity>
      <UnitMeasure>100 גרם</UnitMeasure>
      <BisWeighted>0</BisWeighted>
      <QtyInPackage>1</QtyInPackage>
      <ItemPrice>13.90</ItemPrice>
      <UnitOfMeasurePrice>6.95</UnitOfMeasurePrice>
      <AllowDiscount>1</AllowDiscount>
      <itemStatus>1</itemStatus>
      <LastUpdateDate />
      <LastUpdateTime />
    </Product>
    <Product>
      <PriceUpdateDate>2018/04/24 09:50</PriceUpdateDate>
      <ItemCode>7290005199738</ItemCode>
      <ItemType>1</ItemType>
      <ItemName>מסטיק מאסט</ItemName>
      <ManufactureName>שטראוס גרופ בעמ</ManufactureName>
      <ManufactureCountry />
      <ManufactureItemDescription />
      <UnitQty>יח`</UnitQty>
      <Quantity>0.30</Quantity>
      <UnitMeasure>100 גרם</UnitMeasure>
      <BisWeighted>0</BisWeighted>
      <QtyInPackage>1</QtyInPackage>
      <ItemPrice>4.90</ItemPrice>
      <UnitOfMeasurePrice>16.33</UnitOfMeasurePrice>
      <AllowDiscount>0</AllowDiscount>
      <itemStatus>1</itemStatus>
      <LastUpdateDate />
      <LastUpdateTime />
    </Product>
    <Product>
      <PriceUpdateDate>2018/04/24 09:33</PriceUpdateDate>
      <ItemCode>7290005200786</ItemCode>
      <ItemType>1</ItemType>
      <ItemName>תפוצ`יפס 50 גר שמנת בצל</ItemName>
      <ManufactureName>שטראוס פריטו ליי בעמ</ManufactureName>
      <ManufactureCountry />
      <ManufactureItemDescription />
      <UnitQty>יח`</UnitQty>
      <Quantity>0.50</Quantity>
      <UnitMeasure>100 גרם</UnitMeasure>
      <BisWeighted>0</BisWeighted>
      <QtyInPackage>1</QtyInPackage>
      <ItemPrice>3.90</ItemPrice>
      <UnitOfMeasurePrice>7.80</UnitOfMeasurePrice>
      <AllowDiscount>0</AllowDiscount>
      <itemStatus>1</itemStatus>
      <LastUpdateDate />
      <LastUpdateTime />
    </Product>
    <Product>
      <PriceUpdateDate>2018/04/24 10:01</PriceUpdateDate>
      <ItemCode>7290005200908</ItemCode>
      <ItemType>1</ItemType>
      <ItemName>חטיף פרה  קראנצ`שוקולד חלבי</ItemName>
      <ManufactureName>שטראוס גרופ בעמ</ManufactureName>
      <ManufactureCountry />
      <ManufactureItemDescription />
      <UnitQty>יח`</UnitQty>
      <Quantity>1</Quantity>
      <UnitMeasure>100 גרם</UnitMeasure>
      <BisWeighted>0</BisWeighted>
      <QtyInPackage>1</QtyInPackage>
      <ItemPrice>6</ItemPrice>
      <UnitOfMeasurePrice>6</UnitOfMeasurePrice>
      <AllowDiscount>0</AllowDiscount>
      <itemStatus>1</itemStatus>
      <LastUpdateDate />
      <LastUpdateTime />
    </Product>
    <Product>
      <PriceUpdateDate>2018/09/16 13:56</PriceUpdateDate>
      <ItemCode>7290005201455</ItemCode>
      <ItemType>1</ItemType>
      <ItemName>קפה נמס ארומה קלאסי עלית (200 גרם)</ItemName>
      <ManufactureName>שטראוס גרופ בעמ</ManufactureName>
      <ManufactureCountry />
      <ManufactureItemDescription />
      <UnitQty>יח`</UnitQty>
      <Quantity>2</Quantity>
      <UnitMeasure>100 גרם</UnitMeasure>
      <BisWeighted>0</BisWeighted>
      <QtyInPackage>1</QtyInPackage>
      <ItemPrice>24.90</ItemPrice>
      <UnitOfMeasurePrice>12.45</UnitOfMeasurePrice>
      <AllowDiscount>0</AllowDiscount>
      <itemStatus>1</itemStatus>
      <LastUpdateDate />
      <LastUpdateTime />
    </Product>
    <Product>
      <PriceUpdateDate>2019/01/07 10:57</PriceUpdateDate>
      <ItemCode>7290005201882</ItemCode>
      <ItemType>1</ItemType>
      <ItemName>קפה טורקי עלית (200 גרם)</ItemName>
      <ManufactureName>שטראוס גרופ בעמ</ManufactureName>
      <ManufactureCountry />
      <ManufactureItemDescription />
      <UnitQty>יח`</UnitQty>
      <Quantity>2</Quantity>
      <UnitMeasure>100 גרם</UnitMeasure>
      <BisWeighted>0</BisWeighted>
      <QtyInPackage>1</QtyInPackage>
      <ItemPrice>15.90</ItemPrice>
      <UnitOfMeasurePrice>7.95</UnitOfMeasurePrice>
      <AllowDiscount>1</AllowDiscount>
      <itemStatus>1</itemStatus>
      <LastUpdateDate />
      <LastUpdateTime />
    </Product>
    <Product>
      <PriceUpdateDate>2018/04/24 10:36</PriceUpdateDate>
      <ItemCode>7290005230400</ItemCode>
      <ItemType>1</ItemType>
      <ItemName>כוסות ליין 50 יח</ItemName>
      <ManufactureName>פאלאס תעשיות נטו (2014) בעמ</ManufactureName>
      <ManufactureCountry />
      <ManufactureItemDescription />
      <UnitQty>יח`</UnitQty>
      <Quantity>1</Quantity>
      <UnitMeasure />
      <BisWeighted>0</BisWeighted>
      <QtyInPackage>1</QtyInPackage>
      <ItemPrice>2.90</ItemPrice>
      <UnitOfMeasurePrice>2.90</UnitOfMeasurePrice>
      <AllowDiscount>0</AllowDiscount>
      <itemStatus>1</itemStatus>
      <LastUpdateDate />
      <LastUpdateTime />
    </Product>
    <Product>
      <PriceUpdateDate>2019/09/15 13:16</PriceUpdateDate>
      <ItemCode>7290005230738</ItemCode>
      <ItemType>1</ItemType>
      <ItemName>צלחות גדולה לבן קלאסיק 125  גר`פאלאס</ItemName>
      <ManufactureName>פאלאס תעשיות נטו (2014) בעמ</ManufactureName>
      <ManufactureCountry />
      <ManufactureItemDescription />
      <UnitQty>יח`</UnitQty>
      <Quantity>125</Quantity>
      <UnitMeasure>יח`</UnitMeasure>
      <BisWeighted>0</BisWeighted>
      <QtyInPackage>1</QtyInPackage>
      <ItemPrice>34.90</ItemPrice>
      <UnitOfMeasurePrice>0.28</UnitOfMeasurePrice>
      <AllowDiscount>0</AllowDiscount>
      <itemStatus>1</itemStatus>
      <LastUpdateDate />
      <LastUpdateTime />
    </Product>
    <Product>
      <PriceUpdateDate>2020/01/17 09:28</PriceUpdateDate>
      <ItemCode>7290005230769</ItemCode>
      <ItemType>1</ItemType>
      <ItemName>צלחת גדולה לבן 50 יח פאלאס.</ItemName>
      <ManufactureName>פאלאס תעשיות נטו (2014) בעמ</ManufactureName>
      <ManufactureCountry />
      <ManufactureItemDescription />
      <UnitQty>יח`</UnitQty>
      <Quantity>1</Quantity>
      <UnitMeasure />
      <BisWeighted>0</BisWeighted>
      <QtyInPackage>1</QtyInPackage>
      <ItemPrice>7.90</ItemPrice>
      <UnitOfMeasurePrice>7.90</UnitOfMeasurePrice>
      <AllowDiscount>0</AllowDiscount>
      <itemStatus>1</itemStatus>
      <LastUpdateDate />
      <LastUpdateTime />
    </Product>
    <Product>
      <PriceUpdateDate>2019/09/15 13:16</PriceUpdateDate>
      <ItemCode>7290005230776</ItemCode>
      <ItemType>1</ItemType>
      <ItemName>צלחת מרק לבן קלאסיק 125 יח פאלאס</ItemName>
      <ManufactureName>פאלאס תעשיות נטו (2014) בעמ</ManufactureName>
      <ManufactureCountry />
      <ManufactureItemDescription />
      <UnitQty>יח`</UnitQty>
      <Quantity>1</Quantity>
      <UnitMeasure />
      <BisWeighted>0</BisWeighted>
      <QtyInPackage>1</QtyInPackage>
      <ItemPrice>26.90</ItemPrice>
      <UnitOfMeasurePrice>26.90</UnitOfMeasurePrice>
      <AllowDiscount>0</AllowDiscount>
      <itemStatus>1</itemStatus>
      <LastUpdateDate />
      <LastUpdateTime />
    </Product>
    <Product>
      <PriceUpdateDate>2018/05/08 10:15</PriceUpdateDate>
      <ItemCode>7290005230806</ItemCode>
      <ItemType>1</ItemType>
      <ItemName>כוסות לשתיה קרה 100/180</ItemName>
      <ManufactureName>פאלאס תעשיות נטו (2014) בעמ</ManufactureName>
      <ManufactureCountry />
      <ManufactureItemDescription />
      <UnitQty>יח`</UnitQty>
      <Quantity>1</Quantity>
      <UnitMeasure />
      <BisWeighted>0</BisWeighted>
      <QtyInPackage>1</QtyInPackage>
      <ItemPrice>5.90</ItemPrice>
      <UnitOfMeasurePrice>5.90</UnitOfMeasurePrice>
      <AllowDiscount>1</AllowDiscount>
      <itemStatus>1</itemStatus>
      <LastUpdateDate />
      <LastUpdateTime />
    </Product>
    <Product>
      <PriceUpdateDate>2019/02/18 11:19</PriceUpdateDate>
      <ItemCode>7290005287251</ItemCode>
      <ItemType>1</ItemType>
      <ItemName>טונה סטארקיסט במים 160 גר` רביעייה</ItemName>
      <ManufactureName>סטארקיסט דיפלומט היינץ</ManufactureName>
      <ManufactureCountry />
      <ManufactureItemDescription />
      <UnitQty>יח`</UnitQty>
      <Quantity>6.40</Quantity>
      <UnitMeasure>100 גרם</UnitMeasure>
      <BisWeighted>0</BisWeighted>
      <QtyInPackage>1</QtyInPackage>
      <ItemPrice>25.90</ItemPrice>
      <UnitOfMeasurePrice>4.05</UnitOfMeasurePrice>
      <AllowDiscount>0</AllowDiscount>
      <itemStatus>1</itemStatus>
      <LastUpdateDate />
      <LastUpdateTime />
    </Product>
    <Product>
      <PriceUpdateDate>2018/04/24 09:45</PriceUpdateDate>
      <ItemCode>7290005287510</ItemCode>
      <ItemType>1</ItemType>
      <ItemName>ס.ק בשמן עם פלפל חריף 160 גרם בי</ItemName>
      <ManufactureName>סטארקיסט דיפלומט היינץ</ManufactureName>
      <ManufactureCountry />
      <ManufactureItemDescription />
      <UnitQty>יח`</UnitQty>
      <Quantity>1.60</Quantity>
      <UnitMeasure>100 גרם</UnitMeasure>
      <BisWeighted>0</BisWeighted>
      <QtyInPackage>1</QtyInPackage>
      <ItemPrice>8.90</ItemPrice>
      <UnitOfMeasurePrice>5.56</UnitOfMeasurePrice>
      <AllowDiscount>0</AllowDiscount>
      <itemStatus>1</itemStatus>
      <LastUpdateDate />
      <LastUpdateTime />
    </Product>
    <Product>
      <PriceUpdateDate>2018/04/24 09:45</PriceUpdateDate>
      <ItemCode>7290005287527</ItemCode>
      <ItemType>1</ItemType>
      <ItemName>ס.ק בשמן עם לימון פ.ק 160 גרם בי</ItemName>
      <ManufactureName>סטארקיסט דיפלומט היינץ</ManufactureName>
      <ManufactureCountry />
      <ManufactureItemDescription />
      <UnitQty>יח`</UnitQty>
      <Quantity>1.60</Quantity>
      <UnitMeasure>100 גרם</UnitMeasure>
      <BisWeighted>0</BisWeighted>
      <QtyInPackage>1</QtyInPackage>
      <ItemPrice>8.90</ItemPrice>
      <UnitOfMeasurePrice>5.56</UnitOfMeasurePrice>
      <AllowDiscount>0</AllowDiscount>
      <itemStatus>1</itemStatus>
      <LastUpdateDate />
      <LastUpdateTime />
    </Product>
    <Product>
      <PriceUpdateDate>2018/04/24 09:45</PriceUpdateDate>
      <ItemCode>7290005287534</ItemCode>
      <ItemType>1</ItemType>
      <ItemName>ס.ק בשמן עישון פ.ק 160 גרם בי</ItemName>
      <ManufactureName>סטארקיסט דיפלומט היינץ</ManufactureName>
      <ManufactureCountry />
      <ManufactureItemDescription />
      <UnitQty>יח`</UnitQty>
      <Quantity>1.60</Quantity>
      <UnitMeasure>100 גרם</UnitMeasure>
      <BisWeighted>0</BisWeighted>
      <QtyInPackage>1</QtyInPackage>
      <ItemPrice>8.90</ItemPrice>
      <UnitOfMeasurePrice>5.56</UnitOfMeasurePrice>
      <AllowDiscount>0</AllowDiscount>
      <itemStatus>1</itemStatus>
      <LastUpdateDate />
      <LastUpdateTime />
    </Product>
    <Product>
      <PriceUpdateDate>2018/04/24 10:05</PriceUpdateDate>
      <ItemCode>7290005296246</ItemCode>
      <ItemType>1</ItemType>
      <ItemName>פותח סתימות DRAIN OUT</ItemName>
      <ManufactureName>יעקב יעקבי ובניו בעמ</ManufactureName>
      <ManufactureCountry />
      <ManufactureItemDescription />
      <UnitQty>יח`</UnitQty>
      <Quantity>9.46</Quantity>
      <UnitMeasure>100 מ"ל</UnitMeasure>
      <BisWeighted>0</BisWeighted>
      <QtyInPackage>1</QtyInPackage>
      <ItemPrice>30.90</ItemPrice>
      <UnitOfMeasurePrice>3.27</UnitOfMeasurePrice>
      <AllowDiscount>0</AllowDiscount>
      <itemStatus>1</itemStatus>
      <LastUpdateDate />
      <LastUpdateTime />
    </Product>
    <Product>
      <PriceUpdateDate>2018/04/24 10:05</PriceUpdateDate>
      <ItemCode>7290005296857</ItemCode>
      <ItemType>1</ItemType>
      <ItemName>פוליבויי ספריי</ItemName>
      <ManufactureName>יעקב יעקבי ובניו בעמ</ManufactureName>
      <ManufactureCountry />
      <ManufactureItemDescription />
      <UnitQty>יח`</UnitQty>
      <Quantity>3</Quantity>
      <UnitMeasure>100 מ"ל</UnitMeasure>
      <BisWeighted>0</BisWeighted>
      <QtyInPackage>1</QtyInPackage>
      <ItemPrice>14.90</ItemPrice>
      <UnitOfMeasurePrice>4.97</UnitOfMeasurePrice>
      <AllowDiscount>0</AllowDiscount>
      <itemStatus>1</itemStatus>
      <LastUpdateDate />
      <LastUpdateTime />
    </Product>
    <Product>
      <PriceUpdateDate>2018/04/24 12:23</PriceUpdateDate>
      <ItemCode>7290005326523</ItemCode>
      <ItemType>1</ItemType>
      <ItemName>פסטו פטרוזיליה ונענע אוליביה (180 גרם)</ItemName>
      <ManufactureName>גורי מוצרי צריכה (1991) בעמ</ManufactureName>
      <ManufactureCountry />
      <ManufactureItemDescription />
      <UnitQty>יח`</UnitQty>
      <Quantity>1.80</Quantity>
      <UnitMeasure>100 גרם</UnitMeasure>
      <BisWeighted>0</BisWeighted>
      <QtyInPackage>1</QtyInPackage>
      <ItemPrice>14.90</ItemPrice>
      <UnitOfMeasurePrice>8.28</UnitOfMeasurePrice>
      <AllowDiscount>0</AllowDiscount>
      <itemStatus>1</itemStatus>
      <LastUpdateDate />
      <LastUpdateTime />
    </Product>
    <Product>
      <PriceUpdateDate>2018/06/12 09:59</PriceUpdateDate>
      <ItemCode>7290005326677</ItemCode>
      <ItemType>1</ItemType>
      <ItemName>רוטב ברביקין 350 גר` אוליביה</ItemName>
      <ManufactureName>גורי מוצרי צריכה (1991) בעמ</ManufactureName>
      <ManufactureCountry />
      <ManufactureItemDescription />
      <UnitQty>יח`</UnitQty>
      <Quantity>3.50</Quantity>
      <UnitMeasure>100 גרם</UnitMeasure>
      <BisWeighted>0</BisWeighted>
      <QtyInPackage>1</QtyInPackage>
      <ItemPrice>13.90</ItemPrice>
      <UnitOfMeasurePrice>3.97</UnitOfMeasurePrice>
      <AllowDiscount>0</AllowDiscount>
      <itemStatus>1</itemStatus>
      <LastUpdateDate />
      <LastUpdateTime />
    </Product>
    <Product>
      <PriceUpdateDate>2018/04/24 09:36</PriceUpdateDate>
      <ItemCode>7290005384851</ItemCode>
      <ItemType>1</ItemType>
      <ItemName>מיץ לימון 200 מל</ItemName>
      <ManufactureName>ג.וילי-פוד אינטרנשיונל בעמ</ManufactureName>
      <ManufactureCountry />
      <ManufactureItemDescription />
      <UnitQty>יח`</UnitQty>
      <Quantity>2</Quantity>
      <UnitMeasure>100 מ"ל</UnitMeasure>
      <BisWeighted>0</BisWeighted>
      <QtyInPackage>1</QtyInPackage>
      <ItemPrice>5.90</ItemPrice>
      <UnitOfMeasurePrice>2.95</UnitOfMeasurePrice>
      <AllowDiscount>0</AllowDiscount>
      <itemStatus>1</itemStatus>
      <LastUpdateDate />
      <LastUpdateTime />
    </Product>
    <Product>
      <PriceUpdateDate>2019/03/13 14:22</PriceUpdateDate>
      <ItemCode>7290005423055</ItemCode>
      <ItemType>1</ItemType>
      <ItemName>מתז פורטה פלוס לימון 1 ליטר XL סנו</ItemName>
      <ManufactureName>החברה הדרומית לשיווק בעמ</ManufactureName>
      <ManufactureCountry />
      <ManufactureItemDescription />
      <UnitQty>יח`</UnitQty>
      <Quantity>10</Quantity>
      <UnitMeasure>100 מ"ל</UnitMeasure>
      <BisWeighted>0</BisWeighted>
      <QtyInPackage>1</QtyInPackage>
      <ItemPrice>14.90</ItemPrice>
      <UnitOfMeasurePrice>1.49</UnitOfMeasurePrice>
      <AllowDiscount>0</AllowDiscount>
      <itemStatus>1</itemStatus>
      <LastUpdateDate />
      <LastUpdateTime />
    </Product>
    <Product>
      <PriceUpdateDate>2018/04/24 13:11</PriceUpdateDate>
      <ItemCode>7290005423086</ItemCode>
      <ItemType>1</ItemType>
      <ItemName>סנומוד paradise</ItemName>
      <ManufactureName>החברה הדרומית לשיווק בעמ</ManufactureName>
      <ManufactureCountry />
      <ManufactureItemDescription />
      <UnitQty>יח`</UnitQty>
      <Quantity>1.50</Quantity>
      <UnitMeasure>100 מ"ל</UnitMeasure>
      <BisWeighted>0</BisWeighted>
      <QtyInPackage>1</QtyInPackage>
      <ItemPrice>11.90</ItemPrice>
      <UnitOfMeasurePrice>7.93</UnitOfMeasurePrice>
      <AllowDiscount>1</AllowDiscount>
      <itemStatus>1</itemStatus>
      <LastUpdateDate />
      <LastUpdateTime />
    </Product>
    <Product>
      <PriceUpdateDate>2018/04/24 09:14</PriceUpdateDate>
      <ItemCode>7290005423253</ItemCode>
      <ItemType>1</ItemType>
      <ItemName>סנו מקסימה למייבש 750 מל</ItemName>
      <ManufactureName>החברה הדרומית לשיווק בעמ</ManufactureName>
      <ManufactureCountry />
      <ManufactureItemDescription />
      <UnitQty>יח`</UnitQty>
      <Quantity>7.50</Quantity>
      <UnitMeasure>100 מ"ל</UnitMeasure>
      <BisWeighted>0</BisWeighted>
      <QtyInPackage>1</QtyInPackage>
      <ItemPrice>19.90</ItemPrice>
      <UnitOfMeasurePrice>2.65</UnitOfMeasurePrice>
      <AllowDiscount>0</AllowDiscount>
      <itemStatus>1</itemStatus>
      <LastUpdateDate />
      <LastUpdateTime />
    </Product>
    <Product>
      <PriceUpdateDate>2019/01/07 10:57</PriceUpdateDate>
      <ItemCode>7290005423499</ItemCode>
      <ItemType>1</ItemType>
      <ItemName>תרסיס לניקוי משטחי נירוסטה סנו (500 מל)</ItemName>
      <ManufactureName>החברה הדרומית לשיווק בעמ</ManufactureName>
      <ManufactureCountry />
      <ManufactureItemDescription />
      <UnitQty>יח`</UnitQty>
      <Quantity>4.76</Quantity>
      <UnitMeasure>100 מ"ל</UnitMeasure>
      <BisWeighted>0</BisWeighted>
      <QtyInPackage>1</QtyInPackage>
      <ItemPrice>21.90</ItemPrice>
      <UnitOfMeasurePrice>4.60</UnitOfMeasurePrice>
      <AllowDiscount>0</AllowDiscount>
      <itemStatus>1</itemStatus>
      <LastUpdateDate />
      <LastUpdateTime />
    </Product>
    <Product>
      <PriceUpdateDate>2018/04/24 09:15</PriceUpdateDate>
      <ItemCode>7290005423567</ItemCode>
      <ItemType>1</ItemType>
      <ItemName>מטליות לניקוי בגליל צהוב סנו סושי) (40</ItemName>
      <ManufactureName>החברה הדרומית לשיווק בעמ</ManufactureName>
      <ManufactureCountry />
      <ManufactureItemDescription />
      <UnitQty>יח`</UnitQty>
      <Quantity>1</Quantity>
      <UnitMeasure />
      <BisWeighted>0</BisWeighted>
      <QtyInPackage>1</QtyInPackage>
      <ItemPrice>19.90</ItemPrice>
      <UnitOfMeasurePrice>19.90</UnitOfMeasurePrice>
      <AllowDiscount>0</AllowDiscount>
      <itemStatus>1</itemStatus>
      <LastUpdateDate />
      <LastUpdateTime />
    </Product>
    <Product>
      <PriceUpdateDate>2019/04/11 10:04</PriceUpdateDate>
      <ItemCode>7290005423635</ItemCode>
      <ItemType>1</ItemType>
      <ItemName>דוחה חרקים 2 ליטר</ItemName>
      <ManufactureName>החברה הדרומית לשיווק בעמ</ManufactureName>
      <ManufactureCountry />
      <ManufactureItemDescription />
      <UnitQty>יח`</UnitQty>
      <Quantity>2</Quantity>
      <UnitMeasure>1 ליטר</UnitMeasure>
      <BisWeighted>0</BisWeighted>
      <QtyInPackage>1</QtyInPackage>
      <ItemPrice>22.90</ItemPrice>
      <UnitOfMeasurePrice>11.45</UnitOfMeasurePrice>
      <AllowDiscount>1</AllowDiscount>
      <itemStatus>1</itemStatus>
      <LastUpdateDate />
      <LastUpdateTime />
    </Product>
    <Product>
      <PriceUpdateDate>2019/01/30 09:36</PriceUpdateDate>
      <ItemCode>7290005423734</ItemCode>
      <ItemType>1</ItemType>
      <ItemName>סנו מקסימה 4 ליטר תכלת</ItemName>
      <ManufactureName>החברה הדרומית לשיווק בעמ</ManufactureName>
      <ManufactureCountry />
      <ManufactureItemDescription />
      <UnitQty>יח`</UnitQty>
      <Quantity>4</Quantity>
      <UnitMeasure>1 ליטר</UnitMeasure>
      <BisWeighted>0</BisWeighted>
      <QtyInPackage>1</QtyInPackage>
      <ItemPrice>19.90</ItemPrice>
      <UnitOfMeasurePrice>4.98</UnitOfMeasurePrice>
      <AllowDiscount>0</AllowDiscount>
      <itemStatus>1</itemStatus>
      <LastUpdateDate />
      <LastUpdateTime />
    </Product>
    <Product>
      <PriceUpdateDate>2018/07/08 11:12</PriceUpdateDate>
      <ItemCode>7290005423871</ItemCode>
      <ItemType>1</ItemType>
      <ItemName>מש.שיניים אורביטול שלישיה</ItemName>
      <ManufactureName>החברה הדרומית לשיווק בעמ</ManufactureName>
      <ManufactureCountry />
      <ManufactureItemDescription />
      <UnitQty>יח`</UnitQty>
      <Quantity>4.35</Quantity>
      <UnitMeasure>100 גרם</UnitMeasure>
      <BisWeighted>0</BisWeighted>
      <QtyInPackage>1</QtyInPackage>
      <ItemPrice>19.90</ItemPrice>
      <UnitOfMeasurePrice>4.57</UnitOfMeasurePrice>
      <AllowDiscount>1</AllowDiscount>
      <itemStatus>1</itemStatus>
      <LastUpdateDate />
      <LastUpdateTime />
    </Product>
    <Product>
      <PriceUpdateDate>2019/01/30 09:36</PriceUpdateDate>
      <ItemCode>7290005423918</ItemCode>
      <ItemType>1</ItemType>
      <ItemName>סנו מקסימה 4 ליטר כחול</ItemName>
      <ManufactureName>החברה הדרומית לשיווק בעמ</ManufactureName>
      <ManufactureCountry />
      <ManufactureItemDescription />
      <UnitQty>יח`</UnitQty>
      <Quantity>4</Quantity>
      <UnitMeasure>1 ליטר</UnitMeasure>
      <BisWeighted>0</BisWeighted>
      <QtyInPackage>1</QtyInPackage>
      <ItemPrice>19.90</ItemPrice>
      <UnitOfMeasurePrice>4.98</UnitOfMeasurePrice>
      <AllowDiscount>0</AllowDiscount>
      <itemStatus>1</itemStatus>
      <LastUpdateDate />
      <LastUpdateTime />
    </Product>
    <Product>
      <PriceUpdateDate>2018/07/08 11:12</PriceUpdateDate>
      <ItemCode>7290005424403</ItemCode>
      <ItemType>1</ItemType>
      <ItemName>אל סבון נוזלי כיף (1 ליטר)</ItemName>
      <ManufactureName>החברה הדרומית לשיווק בעמ</ManufactureName>
      <ManufactureCountry />
      <ManufactureItemDescription />
      <UnitQty>יח`</UnitQty>
      <Quantity>10</Quantity>
      <UnitMeasure>100 מ"ל</UnitMeasure>
      <BisWeighted>0</BisWeighted>
      <QtyInPackage>1</QtyInPackage>
      <ItemPrice>13.90</ItemPrice>
      <UnitOfMeasurePrice>1.39</UnitOfMeasurePrice>
      <AllowDiscount>1</AllowDiscount>
      <itemStatus>1</itemStatus>
      <LastUpdateDate />
      <LastUpdateTime />
    </Product>
    <Product>
      <PriceUpdateDate>2019/07/24 11:22</PriceUpdateDate>
      <ItemCode>7290005424472</ItemCode>
      <ItemType>1</ItemType>
      <ItemName>אורביטול מי פה 1 ליטר</ItemName>
      <ManufactureName>החברה הדרומית לשיווק בעמ</ManufactureName>
      <ManufactureCountry />
      <ManufactureItemDescription />
      <UnitQty>יח`</UnitQty>
      <Quantity>0</Quantity>
      <UnitMeasure>100 גרם</UnitMeasure>
      <BisWeighted>0</BisWeighted>
      <QtyInPackage>1</QtyInPackage>
      <ItemPrice>19.90</ItemPrice>
      <UnitOfMeasurePrice>19.90</UnitOfMeasurePrice>
      <AllowDiscount>0</AllowDiscount>
      <itemStatus>1</itemStatus>
      <LastUpdateDate />
      <LastUpdateTime />
    </Product>
    <Product>
      <PriceUpdateDate>2018/07/08 11:12</PriceUpdateDate>
      <ItemCode>7290005424694</ItemCode>
      <ItemType>1</ItemType>
      <ItemName>תחליב רחצה ויטמין E קרמה (750 מל)</ItemName>
      <ManufactureName>החברה הדרומית לשיווק בעמ</ManufactureName>
      <ManufactureCountry />
      <ManufactureItemDescription />
      <UnitQty>יח`</UnitQty>
      <Quantity>7.50</Quantity>
      <UnitMeasure>100 מ"ל</UnitMeasure>
      <BisWeighted>0</BisWeighted>
      <QtyInPackage>1</QtyInPackage>
      <ItemPrice>19.90</ItemPrice>
      <UnitOfMeasurePrice>2.65</UnitOfMeasurePrice>
      <AllowDiscount>0</AllowDiscount>
      <itemStatus>1</itemStatus>
      <LastUpdateDate />
      <LastUpdateTime />
    </Product>
    <Product>
      <PriceUpdateDate>2018/07/23 10:22</PriceUpdateDate>
      <ItemCode>7290005424700</ItemCode>
      <ItemType>1</ItemType>
      <ItemName>מתז פורטה פלוס 1 ליטר XL סנו</ItemName>
      <ManufactureName>החברה הדרומית לשיווק בעמ</ManufactureName>
      <ManufactureCountry />
      <ManufactureItemDescription />
      <UnitQty>יח`</UnitQty>
      <Quantity>10</Quantity>
      <UnitMeasure>100 מ"ל</UnitMeasure>
      <BisWeighted>0</BisWeighted>
      <QtyInPackage>1</QtyInPackage>
      <ItemPrice>14.90</ItemPrice>
      <UnitOfMeasurePrice>1.49</UnitOfMeasurePrice>
      <AllowDiscount>0</AllowDiscount>
      <itemStatus>1</itemStatus>
      <LastUpdateDate />
      <LastUpdateTime />
    </Product>
    <Product>
      <PriceUpdateDate>2018/04/24 09:15</PriceUpdateDate>
      <ItemCode>7290005424762</ItemCode>
      <ItemType>1</ItemType>
      <ItemName>ריצפז+דוחה חרקים+ווקס</ItemName>
      <ManufactureName>החברה הדרומית לשיווק בעמ</ManufactureName>
      <ManufactureCountry />
      <ManufactureItemDescription />
      <UnitQty>יח`</UnitQty>
      <Quantity>2</Quantity>
      <UnitMeasure>1 ליטר</UnitMeasure>
      <BisWeighted>0</BisWeighted>
      <QtyInPackage>1</QtyInPackage>
      <ItemPrice>25.90</ItemPrice>
      <UnitOfMeasurePrice>12.95</UnitOfMeasurePrice>
      <AllowDiscount>0</AllowDiscount>
      <itemStatus>1</itemStatus>
      <LastUpdateDate />
      <LastUpdateTime />
    </Product>
    <Product>
      <PriceUpdateDate>2018/08/02 10:17</PriceUpdateDate>
      <ItemCode>7290005424847</ItemCode>
      <ItemType>1</ItemType>
      <ItemName>מפיות נייר סנו סושי (150)</ItemName>
      <ManufactureName>החברה הדרומית לשיווק בעמ</ManufactureName>
      <ManufactureCountry />
      <ManufactureItemDescription />
      <UnitQty>יח`</UnitQty>
      <Quantity>150</Quantity>
      <UnitMeasure>יח`</UnitMeasure>
      <BisWeighted>0</BisWeighted>
      <QtyInPackage>1</QtyInPackage>
      <ItemPrice>9.90</ItemPrice>
      <UnitOfMeasurePrice>0.07</UnitOfMeasurePrice>
      <AllowDiscount>1</AllowDiscount>
      <itemStatus>1</itemStatus>
      <LastUpdateDate />
      <LastUpdateTime />
    </Product>
    <Product>
      <PriceUpdateDate>2019/10/23 09:41</PriceUpdateDate>
      <ItemCode>7290005424991</ItemCode>
      <ItemType>1</ItemType>
      <ItemName>פרש אוטומטיק בהתזה קצובה בניחוחח בייבי פ</ItemName>
      <ManufactureName>החברה הדרומית לשיווק בעמ</ManufactureName>
      <ManufactureCountry />
      <ManufactureItemDescription />
      <UnitQty>יח`</UnitQty>
      <Quantity>2.50</Quantity>
      <UnitMeasure>100 מ"ל</UnitMeasure>
      <BisWeighted>0</BisWeighted>
      <QtyInPackage>1</QtyInPackage>
      <ItemPrice>13.90</ItemPrice>
      <UnitOfMeasurePrice>5.56</UnitOfMeasurePrice>
      <AllowDiscount>0</AllowDiscount>
      <itemStatus>1</itemStatus>
      <LastUpdateDate />
      <LastUpdateTime />
    </Product>
    <Product>
      <PriceUpdateDate>2018/07/08 11:12</PriceUpdateDate>
      <ItemCode>7290005425196</ItemCode>
      <ItemType>1</ItemType>
      <ItemName>סנו מקסימה 2.5 קג`</ItemName>
      <ManufactureName>החברה הדרומית לשיווק בעמ</ManufactureName>
      <ManufactureCountry />
      <ManufactureItemDescription />
      <UnitQty>יח`</UnitQty>
      <Quantity>2.50</Quantity>
      <UnitMeasure>ק"ג</UnitMeasure>
      <BisWeighted>0</BisWeighted>
      <QtyInPackage>1</QtyInPackage>
      <ItemPrice>24.90</ItemPrice>
      <UnitOfMeasurePrice>9.96</UnitOfMeasurePrice>
      <AllowDiscount>0</AllowDiscount>
      <itemStatus>1</itemStatus>
      <LastUpdateDate />
      <LastUpdateTime />
    </Product>
    <Product>
      <PriceUpdateDate>2018/04/24 09:14</PriceUpdateDate>
      <ItemCode>7290005425646</ItemCode>
      <ItemType>1</ItemType>
      <ItemName>קליר נוזל לניקוי רב תכליתי סנו (1 ליטר)</ItemName>
      <ManufactureName>החברה הדרומית לשיווק בעמ</ManufactureName>
      <ManufactureCountry />
      <ManufactureItemDescription />
      <UnitQty>יח`</UnitQty>
      <Quantity>1</Quantity>
      <UnitMeasure>1 ליטר</UnitMeasure>
      <BisWeighted>0</BisWeighted>
      <QtyInPackage>1</QtyInPackage>
      <ItemPrice>10.90</ItemPrice>
      <UnitOfMeasurePrice>10.90</UnitOfMeasurePrice>
      <AllowDiscount>1</AllowDiscount>
      <itemStatus>1</itemStatus>
      <LastUpdateDate />
      <LastUpdateTime />
    </Product>
    <Product>
      <PriceUpdateDate>2018/04/24 09:14</PriceUpdateDate>
      <ItemCode>7290005426193</ItemCode>
      <ItemType>1</ItemType>
      <ItemName>ספוגית הפלא סנו סושי (6)</ItemName>
      <ManufactureName>החברה הדרומית לשיווק בעמ</ManufactureName>
      <ManufactureCountry />
      <ManufactureItemDescription />
      <UnitQty>יח`</UnitQty>
      <Quantity>1</Quantity>
      <UnitMeasure />
      <BisWeighted>0</BisWeighted>
      <QtyInPackage>1</QtyInPackage>
      <ItemPrice>13.90</ItemPrice>
      <UnitOfMeasurePrice>13.90</UnitOfMeasurePrice>
      <AllowDiscount>1</AllowDiscount>
      <itemStatus>1</itemStatus>
      <LastUpdateDate />
      <LastUpdateTime />
    </Product>
    <Product>
      <PriceUpdateDate>2018/04/24 09:14</PriceUpdateDate>
      <ItemCode>7290005426735</ItemCode>
      <ItemType>1</ItemType>
      <ItemName>סנו מקסימה 1.25 קג`</ItemName>
      <ManufactureName>החברה הדרומית לשיווק בעמ</ManufactureName>
      <ManufactureCountry />
      <ManufactureItemDescription />
      <UnitQty>יח`</UnitQty>
      <Quantity>1.25</Quantity>
      <UnitMeasure>ק"ג</UnitMeasure>
      <BisWeighted>0</BisWeighted>
      <QtyInPackage>1</QtyInPackage>
      <ItemPrice>13.90</ItemPrice>
      <UnitOfMeasurePrice>11.12</UnitOfMeasurePrice>
      <AllowDiscount>0</AllowDiscount>
      <itemStatus>1</itemStatus>
      <LastUpdateDate />
      <LastUpdateTime />
    </Product>
    <Product>
      <PriceUpdateDate>2019/01/30 09:36</PriceUpdateDate>
      <ItemCode>7290005426803</ItemCode>
      <ItemType>1</ItemType>
      <ItemName>סנו מקסימה 4 ליטר סגול</ItemName>
      <ManufactureName>החברה הדרומית לשיווק בעמ</ManufactureName>
      <ManufactureCountry />
      <ManufactureItemDescription />
      <UnitQty>יח`</UnitQty>
      <Quantity>4</Quantity>
      <UnitMeasure>1 ליטר</UnitMeasure>
      <BisWeighted>0</BisWeighted>
      <QtyInPackage>1</QtyInPackage>
      <ItemPrice>19.90</ItemPrice>
      <UnitOfMeasurePrice>4.98</UnitOfMeasurePrice>
      <AllowDiscount>0</AllowDiscount>
      <itemStatus>1</itemStatus>
      <LastUpdateDate />
      <LastUpdateTime />
    </Product>
    <Product>
      <PriceUpdateDate>2018/07/08 11:12</PriceUpdateDate>
      <ItemCode>7290005426865</ItemCode>
      <ItemType>1</ItemType>
      <ItemName>מש.שיניים אורביטול ילדים</ItemName>
      <ManufactureName>החברה הדרומית לשיווק בעמ</ManufactureName>
      <ManufactureCountry />
      <ManufactureItemDescription />
      <UnitQty>יח`</UnitQty>
      <Quantity>0.70</Quantity>
      <UnitMeasure>100 גרם</UnitMeasure>
      <BisWeighted>0</BisWeighted>
      <QtyInPackage>1</QtyInPackage>
      <ItemPrice>7.90</ItemPrice>
      <UnitOfMeasurePrice>11.29</UnitOfMeasurePrice>
      <AllowDiscount>0</AllowDiscount>
      <itemStatus>1</itemStatus>
      <LastUpdateDate />
      <LastUpdateTime />
    </Product>
    <Product>
      <PriceUpdateDate>2018/04/24 09:14</PriceUpdateDate>
      <ItemCode>7290005426971</ItemCode>
      <ItemType>1</ItemType>
      <ItemName>סנובון לאסלה כחול תפוח סנו (55x3 גרם)</ItemName>
      <ManufactureName>החברה הדרומית לשיווק בעמ</ManufactureName>
      <ManufactureCountry />
      <ManufactureItemDescription />
      <UnitQty>יח`</UnitQty>
      <Quantity>1.65</Quantity>
      <UnitMeasure>100 גרם</UnitMeasure>
      <BisWeighted>0</BisWeighted>
      <QtyInPackage>1</QtyInPackage>
      <ItemPrice>18.90</ItemPrice>
      <UnitOfMeasurePrice>11.45</UnitOfMeasurePrice>
      <AllowDiscount>1</AllowDiscount>
      <itemStatus>1</itemStatus>
      <LastUpdateDate />
      <LastUpdateTime />
    </Product>
    <Product>
      <PriceUpdateDate>2018/06/17 08:59</PriceUpdateDate>
      <ItemCode>7290005427107</ItemCode>
      <ItemType>1</ItemType>
      <ItemName>מגבת הפלא סנו סושי (6)</ItemName>
      <ManufactureName>החברה הדרומית לשיווק בעמ</ManufactureName>
      <ManufactureCountry />
      <ManufactureItemDescription />
      <UnitQty>יח`</UnitQty>
      <Quantity>5.70</Quantity>
      <UnitMeasure>100 גרם</UnitMeasure>
      <BisWeighted>0</BisWeighted>
      <QtyInPackage>1</QtyInPackage>
      <ItemPrice>10.90</ItemPrice>
      <UnitOfMeasurePrice>1.91</UnitOfMeasurePrice>
      <AllowDiscount>1</AllowDiscount>
      <itemStatus>1</itemStatus>
      <LastUpdateDate />
      <LastUpdateTime />
    </Product>
    <Product>
      <PriceUpdateDate>2018/04/24 09:15</PriceUpdateDate>
      <ItemCode>7290005427626</ItemCode>
      <ItemType>1</ItemType>
      <ItemName>כיף ג`ל 1 ליטר</ItemName>
      <ManufactureName>החברה הדרומית לשיווק בעמ</ManufactureName>
      <ManufactureCountry />
      <ManufactureItemDescription />
      <UnitQty>יח`</UnitQty>
      <Quantity>10</Quantity>
      <UnitMeasure>100 גרם</UnitMeasure>
      <BisWeighted>0</BisWeighted>
      <QtyInPackage>1</QtyInPackage>
      <ItemPrice>19.90</ItemPrice>
      <UnitOfMeasurePrice>1.99</UnitOfMeasurePrice>
      <AllowDiscount>0</AllowDiscount>
      <itemStatus>1</itemStatus>
      <LastUpdateDate />
      <LastUpdateTime />
    </Product>
    <Product>
      <PriceUpdateDate>2019/01/07 10:57</PriceUpdateDate>
      <ItemCode>7290005430602</ItemCode>
      <ItemType>1</ItemType>
      <ItemName>סנו אוקסיג`ן מרסס מסיר כתמים</ItemName>
      <ManufactureName>החברה הדרומית לשיווק בעמ</ManufactureName>
      <ManufactureCountry />
      <ManufactureItemDescription />
      <UnitQty>יח`</UnitQty>
      <Quantity>7.50</Quantity>
      <UnitMeasure>100 מ"ל</UnitMeasure>
      <BisWeighted>0</BisWeighted>
      <QtyInPackage>1</QtyInPackage>
      <ItemPrice>19.90</ItemPrice>
      <UnitOfMeasurePrice>2.65</UnitOfMeasurePrice>
      <AllowDiscount>1</AllowDiscount>
      <itemStatus>1</itemStatus>
      <LastUpdateDate />
      <LastUpdateTime />
    </Product>
    <Product>
      <PriceUpdateDate>2018/04/24 09:24</PriceUpdateDate>
      <ItemCode>7290005430671</ItemCode>
      <ItemType>1</ItemType>
      <ItemName>פוליויקס 2 ליטר</ItemName>
      <ManufactureName>החברה הדרומית לשיווק בעמ</ManufactureName>
      <ManufactureCountry />
      <ManufactureItemDescription />
      <UnitQty>יח`</UnitQty>
      <Quantity>2</Quantity>
      <UnitMeasure>1 ליטר</UnitMeasure>
      <BisWeighted>0</BisWeighted>
      <QtyInPackage>1</QtyInPackage>
      <ItemPrice>23.90</ItemPrice>
      <UnitOfMeasurePrice>11.95</UnitOfMeasurePrice>
      <AllowDiscount>0</AllowDiscount>
      <itemStatus>1</itemStatus>
      <LastUpdateDate />
      <LastUpdateTime />
    </Product>
    <Product>
      <PriceUpdateDate>2019/11/21 08:20</PriceUpdateDate>
      <ItemCode>7290005431883</ItemCode>
      <ItemType>1</ItemType>
      <ItemName>מלבי חלבי 165 גר` עדן קינוחים</ItemName>
      <ManufactureName>תנובה - חלב</ManufactureName>
      <ManufactureCountry />
      <ManufactureItemDescription />
      <UnitQty>יח`</UnitQty>
      <Quantity>1.65</Quantity>
      <UnitMeasure>100 מ"ל</UnitMeasure>
      <BisWeighted>0</BisWeighted>
      <QtyInPackage>1</QtyInPackage>
      <ItemPrice>6.90</ItemPrice>
      <UnitOfMeasurePrice>4.18</UnitOfMeasurePrice>
      <AllowDiscount>0</AllowDiscount>
      <itemStatus>1</itemStatus>
      <LastUpdateDate />
      <LastUpdateTime />
    </Product>
    <Product>
      <PriceUpdateDate>2019/11/21 08:20</PriceUpdateDate>
      <ItemCode>7290005431890</ItemCode>
      <ItemType>1</ItemType>
      <ItemName>בוואריה 95  גר`עדן קינוחים</ItemName>
      <ManufactureName>תנובה - חלב</ManufactureName>
      <ManufactureCountry />
      <ManufactureItemDescription />
      <UnitQty>יח`</UnitQty>
      <Quantity>0.95</Quantity>
      <UnitMeasure>100 גרם</UnitMeasure>
      <BisWeighted>0</BisWeighted>
      <QtyInPackage>1</QtyInPackage>
      <ItemPrice>6.90</ItemPrice>
      <UnitOfMeasurePrice>7.26</UnitOfMeasurePrice>
      <AllowDiscount>0</AllowDiscount>
      <itemStatus>1</itemStatus>
      <LastUpdateDate />
      <LastUpdateTime />
    </Product>
    <Product>
      <PriceUpdateDate>2019/11/21 08:20</PriceUpdateDate>
      <ItemCode>7290005431906</ItemCode>
      <ItemType>1</ItemType>
      <ItemName>מארז קדאיף 82  גר`עדן קינוחים</ItemName>
      <ManufactureName>תנובה - חלב</ManufactureName>
      <ManufactureCountry />
      <ManufactureItemDescription />
      <UnitQty>יח`</UnitQty>
      <Quantity>1.24</Quantity>
      <UnitMeasure>100 גרם</UnitMeasure>
      <BisWeighted>0</BisWeighted>
      <QtyInPackage>1</QtyInPackage>
      <ItemPrice>6.90</ItemPrice>
      <UnitOfMeasurePrice>5.56</UnitOfMeasurePrice>
      <AllowDiscount>0</AllowDiscount>
      <itemStatus>1</itemStatus>
      <LastUpdateDate />
      <LastUpdateTime />
    </Product>
    <Product>
      <PriceUpdateDate>2019/11/21 08:20</PriceUpdateDate>
      <ItemCode>7290005431913</ItemCode>
      <ItemType>1</ItemType>
      <ItemName>עוגת גבינה פרורים 92  גר`עדן קינוחים</ItemName>
      <ManufactureName>תנובה - חלב</ManufactureName>
      <ManufactureCountry />
      <ManufactureItemDescription />
      <UnitQty>יח`</UnitQty>
      <Quantity>0.92</Quantity>
      <UnitMeasure>100 גרם</UnitMeasure>
      <BisWeighted>0</BisWeighted>
      <QtyInPackage>1</QtyInPackage>
      <ItemPrice>6.90</ItemPrice>
      <UnitOfMeasurePrice>7.50</UnitOfMeasurePrice>
      <AllowDiscount>0</AllowDiscount>
      <itemStatus>1</itemStatus>
      <LastUpdateDate />
      <LastUpdateTime />
    </Product>
    <Product>
      <PriceUpdateDate>2019/11/21 08:20</PriceUpdateDate>
      <ItemCode>7290005431920</ItemCode>
      <ItemType>1</ItemType>
      <ItemName>עוגת גבינה פרורים לייט 78  גר`עדן קינוחי</ItemName>
      <ManufactureName>תנובה - חלב</ManufactureName>
      <ManufactureCountry />
      <ManufactureItemDescription />
      <UnitQty>יח`</UnitQty>
      <Quantity>1</Quantity>
      <UnitMeasure />
      <BisWeighted>0</BisWeighted>
      <QtyInPackage>1</QtyInPackage>
      <ItemPrice>6.90</ItemPrice>
      <UnitOfMeasurePrice>6.90</UnitOfMeasurePrice>
      <AllowDiscount>0</AllowDiscount>
      <itemStatus>1</itemStatus>
      <LastUpdateDate />
      <LastUpdateTime />
    </Product>
    <Product>
      <PriceUpdateDate>2019/11/21 08:20</PriceUpdateDate>
      <ItemCode>7290005431937</ItemCode>
      <ItemType>1</ItemType>
      <ItemName>מעדן טירמיסו 82  גר`עדן קינוחים</ItemName>
      <ManufactureName>תנובה - חלב</ManufactureName>
      <ManufactureCountry />
      <ManufactureItemDescription />
      <UnitQty>יח`</UnitQty>
      <Quantity>0.82</Quantity>
      <UnitMeasure>100 גרם</UnitMeasure>
      <BisWeighted>0</BisWeighted>
      <QtyInPackage>1</QtyInPackage>
      <ItemPrice>6.90</ItemPrice>
      <UnitOfMeasurePrice>8.41</UnitOfMeasurePrice>
      <AllowDiscount>0</AllowDiscount>
      <itemStatus>1</itemStatus>
      <LastUpdateDate />
      <LastUpdateTime />
    </Product>
    <Product>
      <PriceUpdateDate>2020/01/16 14:54</PriceUpdateDate>
      <ItemCode>7290005431951</ItemCode>
      <ItemType>1</ItemType>
      <ItemName>מוס שוקולד 75  גר`עדן קינוחים תנובה</ItemName>
      <ManufactureName>תנובה - חלב</ManufactureName>
      <ManufactureCountry />
      <ManufactureItemDescription />
      <UnitQty>יח`</UnitQty>
      <Quantity>1.24</Quantity>
      <UnitMeasure>100 גרם</UnitMeasure>
      <BisWeighted>0</BisWeighted>
      <QtyInPackage>1</QtyInPackage>
      <ItemPrice>6.90</ItemPrice>
      <UnitOfMeasurePrice>5.56</UnitOfMeasurePrice>
      <AllowDiscount>0</AllowDiscount>
      <itemStatus>1</itemStatus>
      <LastUpdateDate />
      <LastUpdateTime />
    </Product>
    <Product>
      <PriceUpdateDate>2018/04/24 11:06</PriceUpdateDate>
      <ItemCode>7290005500916</ItemCode>
      <ItemType>1</ItemType>
      <ItemName>קרם ידיים פנינה</ItemName>
      <ManufactureName>פנינה רוזנבלום בעמ</ManufactureName>
      <ManufactureCountry />
      <ManufactureItemDescription />
      <UnitQty>יח`</UnitQty>
      <Quantity>1</Quantity>
      <UnitMeasure>100 מ"ל</UnitMeasure>
      <BisWeighted>0</BisWeighted>
      <QtyInPackage>1</QtyInPackage>
      <ItemPrice>9.90</ItemPrice>
      <UnitOfMeasurePrice>9.90</UnitOfMeasurePrice>
      <AllowDiscount>0</AllowDiscount>
      <itemStatus>1</itemStatus>
      <LastUpdateDate />
      <LastUpdateTime />
    </Product>
    <Product>
      <PriceUpdateDate>2018/04/24 09:44</PriceUpdateDate>
      <ItemCode>7290005509445</ItemCode>
      <ItemType>1</ItemType>
      <ItemName>עוגיות מיני קוקיס חמאה כרמית (600 גרם)</ItemName>
      <ManufactureName>כרמית תעשיות ממתקים בעמ</ManufactureName>
      <ManufactureCountry />
      <ManufactureItemDescription />
      <UnitQty>יח`</UnitQty>
      <Quantity>6</Quantity>
      <UnitMeasure>100 גרם</UnitMeasure>
      <BisWeighted>0</BisWeighted>
      <QtyInPackage>1</QtyInPackage>
      <ItemPrice>17.90</ItemPrice>
      <UnitOfMeasurePrice>2.98</UnitOfMeasurePrice>
      <AllowDiscount>1</AllowDiscount>
      <itemStatus>1</itemStatus>
      <LastUpdateDate />
      <LastUpdateTime />
    </Product>
    <Product>
      <PriceUpdateDate>2018/07/23 10:15</PriceUpdateDate>
      <ItemCode>7290005549915</ItemCode>
      <ItemType>1</ItemType>
      <ItemName>מרשמלו מסיבה 180 גר פינוקים</ItemName>
      <ManufactureName>ציון תורג`מן בעמ</ManufactureName>
      <ManufactureCountry />
      <ManufactureItemDescription />
      <UnitQty>יח`</UnitQty>
      <Quantity>1.80</Quantity>
      <UnitMeasure>100 גרם</UnitMeasure>
      <BisWeighted>0</BisWeighted>
      <QtyInPackage>1</QtyInPackage>
      <ItemPrice>5.90</ItemPrice>
      <UnitOfMeasurePrice>3.28</UnitOfMeasurePrice>
      <AllowDiscount>0</AllowDiscount>
      <itemStatus>1</itemStatus>
      <LastUpdateDate />
      <LastUpdateTime />
    </Product>
    <Product>
      <PriceUpdateDate>2019/04/08 14:55</PriceUpdateDate>
      <ItemCode>7290005559907</ItemCode>
      <ItemType>1</ItemType>
      <ItemName>פיצה משפחתית גבינה מעדנות (500 גרם)</ItemName>
      <ManufactureName>תנובה קפואים</ManufactureName>
      <ManufactureCountry />
      <ManufactureItemDescription />
      <UnitQty>יח`</UnitQty>
      <Quantity>5</Quantity>
      <UnitMeasure>100 גרם</UnitMeasure>
      <BisWeighted>0</BisWeighted>
      <QtyInPackage>1</QtyInPackage>
      <ItemPrice>23.90</ItemPrice>
      <UnitOfMeasurePrice>4.78</UnitOfMeasurePrice>
      <AllowDiscount>1</AllowDiscount>
      <itemStatus>1</itemStatus>
      <LastUpdateDate />
      <LastUpdateTime />
    </Product>
    <Product>
      <PriceUpdateDate>2018/08/05 11:28</PriceUpdateDate>
      <ItemCode>7290005559914</ItemCode>
      <ItemType>1</ItemType>
      <ItemName>פיצה משפחתית זיתים מעדנות (550 גרם)</ItemName>
      <ManufactureName>תנובה קפואים</ManufactureName>
      <ManufactureCountry />
      <ManufactureItemDescription />
      <UnitQty>יח`</UnitQty>
      <Quantity>5.50</Quantity>
      <UnitMeasure>100 גרם</UnitMeasure>
      <BisWeighted>0</BisWeighted>
      <QtyInPackage>1</QtyInPackage>
      <ItemPrice>25.90</ItemPrice>
      <UnitOfMeasurePrice>4.71</UnitOfMeasurePrice>
      <AllowDiscount>1</AllowDiscount>
      <itemStatus>1</itemStatus>
      <LastUpdateDate />
      <LastUpdateTime />
    </Product>
    <Product>
      <PriceUpdateDate>2019/03/24 20:17</PriceUpdateDate>
      <ItemCode>7290005564680</ItemCode>
      <ItemType>1</ItemType>
      <ItemName>משקה קל לימונדה תפוזינה (1.5 ליטר)</ItemName>
      <ManufactureName>יפאורה</ManufactureName>
      <ManufactureCountry />
      <ManufactureItemDescription />
      <UnitQty>יח`</UnitQty>
      <Quantity>15</Quantity>
      <UnitMeasure>100 מ"ל</UnitMeasure>
      <BisWeighted>0</BisWeighted>
      <QtyInPackage>1</QtyInPackage>
      <ItemPrice>6.50</ItemPrice>
      <UnitOfMeasurePrice>0.43</UnitOfMeasurePrice>
      <AllowDiscount>1</AllowDiscount>
      <itemStatus>1</itemStatus>
      <LastUpdateDate />
      <LastUpdateTime />
    </Product>
    <Product>
      <PriceUpdateDate>2018/04/24 10:07</PriceUpdateDate>
      <ItemCode>7290005564970</ItemCode>
      <ItemType>1</ItemType>
      <ItemName>משקה תפוח קריסטל (2 ליטר)</ItemName>
      <ManufactureName>יפאורה</ManufactureName>
      <ManufactureCountry />
      <ManufactureItemDescription />
      <UnitQty>יח`</UnitQty>
      <Quantity>2</Quantity>
      <UnitMeasure>1 ליטר</UnitMeasure>
      <BisWeighted>0</BisWeighted>
      <QtyInPackage>1</QtyInPackage>
      <ItemPrice>3.80</ItemPrice>
      <UnitOfMeasurePrice>1.90</UnitOfMeasurePrice>
      <AllowDiscount>0</AllowDiscount>
      <itemStatus>1</itemStatus>
      <LastUpdateDate />
      <LastUpdateTime />
    </Product>
    <Product>
      <PriceUpdateDate>2018/04/24 10:01</PriceUpdateDate>
      <ItemCode>7290005591761</ItemCode>
      <ItemType>1</ItemType>
      <ItemName>דבש לחיץ 400 גר` יד מרדכי</ItemName>
      <ManufactureName>שטראוס גרופ בעמ</ManufactureName>
      <ManufactureCountry />
      <ManufactureItemDescription />
      <UnitQty>יח`</UnitQty>
      <Quantity>4</Quantity>
      <UnitMeasure>100 גרם</UnitMeasure>
      <BisWeighted>0</BisWeighted>
      <QtyInPackage>1</QtyInPackage>
      <ItemPrice>22</ItemPrice>
      <UnitOfMeasurePrice>5.50</UnitOfMeasurePrice>
      <AllowDiscount>0</AllowDiscount>
      <itemStatus>1</itemStatus>
      <LastUpdateDate />
      <LastUpdateTime />
    </Product>
    <Product>
      <PriceUpdateDate>2018/11/12 07:49</PriceUpdateDate>
      <ItemCode>7290005604652</ItemCode>
      <ItemType>1</ItemType>
      <ItemName>גזוז בטעם ענבים 1.5 ליטר פאנטה</ItemName>
      <ManufactureName>החברה המרכזית להפצת משקאות בעמ</ManufactureName>
      <ManufactureCountry />
      <ManufactureItemDescription />
      <UnitQty>יח`</UnitQty>
      <Quantity>1</Quantity>
      <UnitMeasure />
      <BisWeighted>0</BisWeighted>
      <QtyInPackage>1</QtyInPackage>
      <ItemPrice>7.70</ItemPrice>
      <UnitOfMeasurePrice>7.70</UnitOfMeasurePrice>
      <AllowDiscount>0</AllowDiscount>
      <itemStatus>1</itemStatus>
      <LastUpdateDate />
      <LastUpdateTime />
    </Product>
    <Product>
      <PriceUpdateDate>2020/03/15 15:52</PriceUpdateDate>
      <ItemCode>7290005610509</ItemCode>
      <ItemType>1</ItemType>
      <ItemName>צנונית ארוזה</ItemName>
      <ManufactureName>א.אדמה (2007) בעמ</ManufactureName>
      <ManufactureCountry />
      <ManufactureItemDescription />
      <UnitQty>יח`</UnitQty>
      <Quantity>1</Quantity>
      <UnitMeasure />
      <BisWeighted>0</BisWeighted>
      <QtyInPackage>1</QtyInPackage>
      <ItemPrice>6.90</ItemPrice>
      <UnitOfMeasurePrice>6.90</UnitOfMeasurePrice>
      <AllowDiscount>1</AllowDiscount>
      <itemStatus>1</itemStatus>
      <LastUpdateDate />
      <LastUpdateTime />
    </Product>
    <Product>
      <PriceUpdateDate>2018/04/24 09:29</PriceUpdateDate>
      <ItemCode>7290005651427</ItemCode>
      <ItemType>1</ItemType>
      <ItemName>בונזו מולטי-פק  *3 410 גרם</ItemName>
      <ManufactureName>דיפלומט היינץ</ManufactureName>
      <ManufactureCountry />
      <ManufactureItemDescription />
      <UnitQty>יח`</UnitQty>
      <Quantity>1.24</Quantity>
      <UnitMeasure>ק"ג</UnitMeasure>
      <BisWeighted>0</BisWeighted>
      <QtyInPackage>1</QtyInPackage>
      <ItemPrice>18.90</ItemPrice>
      <UnitOfMeasurePrice>15.24</UnitOfMeasurePrice>
      <AllowDiscount>0</AllowDiscount>
      <itemStatus>1</itemStatus>
      <LastUpdateDate />
      <LastUpdateTime />
    </Product>
    <Product>
      <PriceUpdateDate>2018/04/24 11:31</PriceUpdateDate>
      <ItemCode>7290005838002</ItemCode>
      <ItemType>1</ItemType>
      <ItemName>דניאלה מעדן בטעם וניל שטראוס (88 גרם)</ItemName>
      <ManufactureName>שטראוס גרופ בעמ/מצונן</ManufactureName>
      <ManufactureCountry />
      <ManufactureItemDescription />
      <UnitQty>יח`</UnitQty>
      <Quantity>1.50</Quantity>
      <UnitMeasure>100 מ"ל</UnitMeasure>
      <BisWeighted>0</BisWeighted>
      <QtyInPackage>1</QtyInPackage>
      <ItemPrice>4</ItemPrice>
      <UnitOfMeasurePrice>2.67</UnitOfMeasurePrice>
      <AllowDiscount>0</AllowDiscount>
      <itemStatus>1</itemStatus>
      <LastUpdateDate />
      <LastUpdateTime />
    </Product>
    <Product>
      <PriceUpdateDate>2018/04/24 10:28</PriceUpdateDate>
      <ItemCode>7290005838613</ItemCode>
      <ItemType>1</ItemType>
      <ItemName>קרם גבינה 3% בטעם וניל סקי (125 גרם)</ItemName>
      <ManufactureName>שטראוס גרופ בעמ/מצונן</ManufactureName>
      <ManufactureCountry />
      <ManufactureItemDescription />
      <UnitQty>יח`</UnitQty>
      <Quantity>1.25</Quantity>
      <UnitMeasure>100 גרם</UnitMeasure>
      <BisWeighted>0</BisWeighted>
      <QtyInPackage>1</QtyInPackage>
      <ItemPrice>3.70</ItemPrice>
      <UnitOfMeasurePrice>2.96</UnitOfMeasurePrice>
      <AllowDiscount>1</AllowDiscount>
      <itemStatus>1</itemStatus>
      <LastUpdateDate />
      <LastUpdateTime />
    </Product>
    <Product>
      <PriceUpdateDate>2018/04/24 10:28</PriceUpdateDate>
      <ItemCode>7290005838972</ItemCode>
      <ItemType>1</ItemType>
      <ItemName>קרם גבינה 5% סקי (125 גרם)</ItemName>
      <ManufactureName>שטראוס גרופ בעמ/מצונן</ManufactureName>
      <ManufactureCountry />
      <ManufactureItemDescription />
      <UnitQty>יח`</UnitQty>
      <Quantity>1.25</Quantity>
      <UnitMeasure>100 גרם</UnitMeasure>
      <BisWeighted>0</BisWeighted>
      <QtyInPackage>1</QtyInPackage>
      <ItemPrice>3.10</ItemPrice>
      <UnitOfMeasurePrice>2.48</UnitOfMeasurePrice>
      <AllowDiscount>0</AllowDiscount>
      <itemStatus>1</itemStatus>
      <LastUpdateDate />
      <LastUpdateTime />
    </Product>
    <Product>
      <PriceUpdateDate>2018/04/24 10:28</PriceUpdateDate>
      <ItemCode>7290005839078</ItemCode>
      <ItemType>1</ItemType>
      <ItemName>יוגורט ביו 3% דנונה (150x8 גרם)</ItemName>
      <ManufactureName>שטראוס גרופ בעמ/מצונן</ManufactureName>
      <ManufactureCountry />
      <ManufactureItemDescription />
      <UnitQty>יח`</UnitQty>
      <Quantity>1.20</Quantity>
      <UnitMeasure>1 ליטר</UnitMeasure>
      <BisWeighted>0</BisWeighted>
      <QtyInPackage>1</QtyInPackage>
      <ItemPrice>16.80</ItemPrice>
      <UnitOfMeasurePrice>14</UnitOfMeasurePrice>
      <AllowDiscount>0</AllowDiscount>
      <itemStatus>1</itemStatus>
      <LastUpdateDate />
      <LastUpdateTime />
    </Product>
    <Product>
      <PriceUpdateDate>2018/08/01 14:14</PriceUpdateDate>
      <ItemCode>7290005839108</ItemCode>
      <ItemType>1</ItemType>
      <ItemName>סימפוניה +5%זיתים</ItemName>
      <ManufactureName>שטראוס גרופ בעמ/מצונן</ManufactureName>
      <ManufactureCountry />
      <ManufactureItemDescription />
      <UnitQty>יח`</UnitQty>
      <Quantity>2</Quantity>
      <UnitMeasure>100 גרם</UnitMeasure>
      <BisWeighted>0</BisWeighted>
      <QtyInPackage>1</QtyInPackage>
      <ItemPrice>11.40</ItemPrice>
      <UnitOfMeasurePrice>5.70</UnitOfMeasurePrice>
      <AllowDiscount>0</AllowDiscount>
      <itemStatus>1</itemStatus>
      <LastUpdateDate />
      <LastUpdateTime />
    </Product>
    <Product>
      <PriceUpdateDate>2018/04/24 10:28</PriceUpdateDate>
      <ItemCode>7290005839313</ItemCode>
      <ItemType>1</ItemType>
      <ItemName>מילקי טופ מגולגלת</ItemName>
      <ManufactureName>שטראוס גרופ בעמ/מצונן</ManufactureName>
      <ManufactureCountry />
      <ManufactureItemDescription />
      <UnitQty>יח`</UnitQty>
      <Quantity>1.30</Quantity>
      <UnitMeasure>100 מ"ל</UnitMeasure>
      <BisWeighted>0</BisWeighted>
      <QtyInPackage>1</QtyInPackage>
      <ItemPrice>4.60</ItemPrice>
      <UnitOfMeasurePrice>3.54</UnitOfMeasurePrice>
      <AllowDiscount>1</AllowDiscount>
      <itemStatus>1</itemStatus>
      <LastUpdateDate />
      <LastUpdateTime />
    </Product>
    <Product>
      <PriceUpdateDate>2019/02/20 15:05</PriceUpdateDate>
      <ItemCode>7290005896453</ItemCode>
      <ItemType>1</ItemType>
      <ItemName>מכבי חוזר 7.9 500 מל בקבוק</ItemName>
      <ManufactureName>טמפו משקאות בעמ</ManufactureName>
      <ManufactureCountry />
      <ManufactureItemDescription />
      <UnitQty>יח`</UnitQty>
      <Quantity>5</Quantity>
      <UnitMeasure>100 מ"ל</UnitMeasure>
      <BisWeighted>0</BisWeighted>
      <QtyInPackage>1</QtyInPackage>
      <ItemPrice>7.90</ItemPrice>
      <UnitOfMeasurePrice>1.34</UnitOfMeasurePrice>
      <AllowDiscount>1</AllowDiscount>
      <itemStatus>1</itemStatus>
      <LastUpdateDate />
      <LastUpdateTime />
    </Product>
    <Product>
      <PriceUpdateDate>2019/01/07 10:57</PriceUpdateDate>
      <ItemCode>7290005896828</ItemCode>
      <ItemType>1</ItemType>
      <ItemName>מים מינרלים סאן בנדטו (1.5x6 ליטר)</ItemName>
      <ManufactureName>טמפו משקאות בעמ</ManufactureName>
      <ManufactureCountry />
      <ManufactureItemDescription />
      <UnitQty>יח`</UnitQty>
      <Quantity>9</Quantity>
      <UnitMeasure>1 ליטר</UnitMeasure>
      <BisWeighted>0</BisWeighted>
      <QtyInPackage>1</QtyInPackage>
      <ItemPrice>16.90</ItemPrice>
      <UnitOfMeasurePrice>1.88</UnitOfMeasurePrice>
      <AllowDiscount>1</AllowDiscount>
      <itemStatus>1</itemStatus>
      <LastUpdateDate />
      <LastUpdateTime />
    </Product>
    <Product>
      <PriceUpdateDate>2019/01/30 09:36</PriceUpdateDate>
      <ItemCode>7290005896835</ItemCode>
      <ItemType>1</ItemType>
      <ItemName>סאן בנדטו מוגז 1.5 ליטר שישיה</ItemName>
      <ManufactureName>טמפו משקאות בעמ</ManufactureName>
      <ManufactureCountry />
      <ManufactureItemDescription />
      <UnitQty>יח`</UnitQty>
      <Quantity>9</Quantity>
      <UnitMeasure>1 ליטר</UnitMeasure>
      <BisWeighted>0</BisWeighted>
      <QtyInPackage>1</QtyInPackage>
      <ItemPrice>15.90</ItemPrice>
      <UnitOfMeasurePrice>1.77</UnitOfMeasurePrice>
      <AllowDiscount>0</AllowDiscount>
      <itemStatus>1</itemStatus>
      <LastUpdateDate />
      <LastUpdateTime />
    </Product>
    <Product>
      <PriceUpdateDate>2020/03/17 14:42</PriceUpdateDate>
      <ItemCode>7290005896965</ItemCode>
      <ItemType>1</ItemType>
      <ItemName>פפסי מקס 1.5 ליטר שמינייה</ItemName>
      <ManufactureName>טמפו משקאות בעמ</ManufactureName>
      <ManufactureCountry />
      <ManufactureItemDescription />
      <UnitQty>יח`</UnitQty>
      <Quantity>9</Quantity>
      <UnitMeasure>1 ליטר</UnitMeasure>
      <BisWeighted>0</BisWeighted>
      <QtyInPackage>1</QtyInPackage>
      <ItemPrice>29.90</ItemPrice>
      <UnitOfMeasurePrice>3.32</UnitOfMeasurePrice>
      <AllowDiscount>0</AllowDiscount>
      <itemStatus>1</itemStatus>
      <LastUpdateDate />
      <LastUpdateTime />
    </Product>
    <Product>
      <PriceUpdateDate>2018/04/24 09:17</PriceUpdateDate>
      <ItemCode>7290005938245</ItemCode>
      <ItemType>1</ItemType>
      <ItemName>ממרח פסטו קלאסי 220</ItemName>
      <ManufactureName>נטו מלינדה סחר בעמ</ManufactureName>
      <ManufactureCountry />
      <ManufactureItemDescription />
      <UnitQty>יח`</UnitQty>
      <Quantity>1.90</Quantity>
      <UnitMeasure>100 גרם</UnitMeasure>
      <BisWeighted>0</BisWeighted>
      <QtyInPackage>1</QtyInPackage>
      <ItemPrice>19</ItemPrice>
      <UnitOfMeasurePrice>10</UnitOfMeasurePrice>
      <AllowDiscount>0</AllowDiscount>
      <itemStatus>1</itemStatus>
      <LastUpdateDate />
      <LastUpdateTime />
    </Product>
    <Product>
      <PriceUpdateDate>2020/05/03 09:24</PriceUpdateDate>
      <ItemCode>7290005966033</ItemCode>
      <ItemType>1</ItemType>
      <ItemName>הר חרמון לבן יקב רמת הגולן (750 מל)</ItemName>
      <ManufactureName>היכל היין שקד גולן בעמ</ManufactureName>
      <ManufactureCountry />
      <ManufactureItemDescription />
      <UnitQty>יח`</UnitQty>
      <Quantity>7.50</Quantity>
      <UnitMeasure>100 מ"ל</UnitMeasure>
      <BisWeighted>0</BisWeighted>
      <QtyInPackage>1</QtyInPackage>
      <ItemPrice>30.90</ItemPrice>
      <UnitOfMeasurePrice>4.08</UnitOfMeasurePrice>
      <AllowDiscount>0</AllowDiscount>
      <itemStatus>1</itemStatus>
      <LastUpdateDate />
      <LastUpdateTime />
    </Product>
    <Product>
      <PriceUpdateDate>2019/01/07 10:57</PriceUpdateDate>
      <ItemCode>7290005992018</ItemCode>
      <ItemType>1</ItemType>
      <ItemName>יוגורט עיזים 3% לשתיה גד (500 מל)</ItemName>
      <ManufactureName>מחלבות גד שיווק 1992 בעמ</ManufactureName>
      <ManufactureCountry />
      <ManufactureItemDescription />
      <UnitQty>יח`</UnitQty>
      <Quantity>5</Quantity>
      <UnitMeasure>100 מ"ל</UnitMeasure>
      <BisWeighted>0</BisWeighted>
      <QtyInPackage>1</QtyInPackage>
      <ItemPrice>13.90</ItemPrice>
      <UnitOfMeasurePrice>2.78</UnitOfMeasurePrice>
      <AllowDiscount>0</AllowDiscount>
      <itemStatus>1</itemStatus>
      <LastUpdateDate />
      <LastUpdateTime />
    </Product>
    <Product>
      <PriceUpdateDate>2018/10/21 12:50</PriceUpdateDate>
      <ItemCode>7290005992575</ItemCode>
      <ItemType>1</ItemType>
      <ItemName>גבינה בולגרית למריחה 5% גד (250 גרם)</ItemName>
      <ManufactureName>מחלבות גד שיווק 1992 בעמ</ManufactureName>
      <ManufactureCountry />
      <ManufactureItemDescription />
      <UnitQty>יח`</UnitQty>
      <Quantity>2.50</Quantity>
      <UnitMeasure>100 גרם</UnitMeasure>
      <BisWeighted>0</BisWeighted>
      <QtyInPackage>1</QtyInPackage>
      <ItemPrice>16.90</ItemPrice>
      <UnitOfMeasurePrice>6.76</UnitOfMeasurePrice>
      <AllowDiscount>0</AllowDiscount>
      <itemStatus>1</itemStatus>
      <LastUpdateDate />
      <LastUpdateTime />
    </Product>
    <Product>
      <PriceUpdateDate>2018/10/21 12:50</PriceUpdateDate>
      <ItemCode>7290005992735</ItemCode>
      <ItemType>1</ItemType>
      <ItemName>לאבנה 5% גד (250 גרם)</ItemName>
      <ManufactureName>מחלבות גד שיווק 1992 בעמ</ManufactureName>
      <ManufactureCountry />
      <ManufactureItemDescription />
      <UnitQty>יח`</UnitQty>
      <Quantity>2.50</Quantity>
      <UnitMeasure>100 גרם</UnitMeasure>
      <BisWeighted>0</BisWeighted>
      <QtyInPackage>1</QtyInPackage>
      <ItemPrice>11.90</ItemPrice>
      <UnitOfMeasurePrice>4.76</UnitOfMeasurePrice>
      <AllowDiscount>0</AllowDiscount>
      <itemStatus>1</itemStatus>
      <LastUpdateDate />
      <LastUpdateTime />
    </Product>
    <Product>
      <PriceUpdateDate>2020/02/24 08:44</PriceUpdateDate>
      <ItemCode>7290005996030</ItemCode>
      <ItemType>1</ItemType>
      <ItemName>פסטרמה הודו של פעם בתיבול שוארמה 300 גר`</ItemName>
      <ManufactureName>מעדני יחיעם (1993) בעמ</ManufactureName>
      <ManufactureCountry />
      <ManufactureItemDescription />
      <UnitQty>יח`</UnitQty>
      <Quantity>3</Quantity>
      <UnitMeasure>100 גרם</UnitMeasure>
      <BisWeighted>0</BisWeighted>
      <QtyInPackage>1</QtyInPackage>
      <ItemPrice>26.90</ItemPrice>
      <UnitOfMeasurePrice>8.97</UnitOfMeasurePrice>
      <AllowDiscount>0</AllowDiscount>
      <itemStatus>1</itemStatus>
      <LastUpdateDate />
      <LastUpdateTime />
    </Product>
    <Product>
      <PriceUpdateDate>2019/12/15 17:43</PriceUpdateDate>
      <ItemCode>7290005996153</ItemCode>
      <ItemType>1</ItemType>
      <ItemName>נקניקיות צרפתיות פרימיום 280 גר` יחיעם</ItemName>
      <ManufactureName>מעדני יחיעם (1993) בעמ</ManufactureName>
      <ManufactureCountry />
      <ManufactureItemDescription />
      <UnitQty>יח`</UnitQty>
      <Quantity>2.80</Quantity>
      <UnitMeasure>100 גרם</UnitMeasure>
      <BisWeighted>0</BisWeighted>
      <QtyInPackage>1</QtyInPackage>
      <ItemPrice>22.90</ItemPrice>
      <UnitOfMeasurePrice>8.18</UnitOfMeasurePrice>
      <AllowDiscount>1</AllowDiscount>
      <itemStatus>1</itemStatus>
      <LastUpdateDate />
      <LastUpdateTime />
    </Product>
    <Product>
      <PriceUpdateDate>2019/12/15 17:43</PriceUpdateDate>
      <ItemCode>7290005996160</ItemCode>
      <ItemType>1</ItemType>
      <ItemName>נקניקיות צוריסו פרימיום 280 גר` יחיעם</ItemName>
      <ManufactureName>מעדני יחיעם (1993) בעמ</ManufactureName>
      <ManufactureCountry />
      <ManufactureItemDescription />
      <UnitQty>יח`</UnitQty>
      <Quantity>2.80</Quantity>
      <UnitMeasure>100 גרם</UnitMeasure>
      <BisWeighted>0</BisWeighted>
      <QtyInPackage>1</QtyInPackage>
      <ItemPrice>22.90</ItemPrice>
      <UnitOfMeasurePrice>8.18</UnitOfMeasurePrice>
      <AllowDiscount>1</AllowDiscount>
      <itemStatus>1</itemStatus>
      <LastUpdateDate />
      <LastUpdateTime />
    </Product>
    <Product>
      <PriceUpdateDate>2018/04/24 09:44</PriceUpdateDate>
      <ItemCode>7290006185518</ItemCode>
      <ItemType>1</ItemType>
      <ItemName>פנינה אל סבון 1 ליטר כחול</ItemName>
      <ManufactureName>פנינה רוזנבלום בעמ</ManufactureName>
      <ManufactureCountry />
      <ManufactureItemDescription />
      <UnitQty>יח`</UnitQty>
      <Quantity>1</Quantity>
      <UnitMeasure>1 ליטר</UnitMeasure>
      <BisWeighted>0</BisWeighted>
      <QtyInPackage>1</QtyInPackage>
      <ItemPrice>10.90</ItemPrice>
      <UnitOfMeasurePrice>10.90</UnitOfMeasurePrice>
      <AllowDiscount>1</AllowDiscount>
      <itemStatus>1</itemStatus>
      <LastUpdateDate />
      <LastUpdateTime />
    </Product>
    <Product>
      <PriceUpdateDate>2018/04/24 11:45</PriceUpdateDate>
      <ItemCode>7290006199027</ItemCode>
      <ItemType>1</ItemType>
      <ItemName>מאגדת מצופה דיאט שמינייה</ItemName>
      <ManufactureName>פלקו בעמ</ManufactureName>
      <ManufactureCountry />
      <ManufactureItemDescription />
      <UnitQty>יח`</UnitQty>
      <Quantity>6.40</Quantity>
      <UnitMeasure>100 גרם</UnitMeasure>
      <BisWeighted>0</BisWeighted>
      <QtyInPackage>1</QtyInPackage>
      <ItemPrice>27</ItemPrice>
      <UnitOfMeasurePrice>4.22</UnitOfMeasurePrice>
      <AllowDiscount>0</AllowDiscount>
      <itemStatus>1</itemStatus>
      <LastUpdateDate />
      <LastUpdateTime />
    </Product>
    <Product>
      <PriceUpdateDate>2018/04/24 11:45</PriceUpdateDate>
      <ItemCode>7290006199218</ItemCode>
      <ItemType>1</ItemType>
      <ItemName>מאגדת מצופה דיאט שמינייה</ItemName>
      <ManufactureName>פלקו בעמ</ManufactureName>
      <ManufactureCountry />
      <ManufactureItemDescription />
      <UnitQty>יח`</UnitQty>
      <Quantity>6.40</Quantity>
      <UnitMeasure>100 גרם</UnitMeasure>
      <BisWeighted>0</BisWeighted>
      <QtyInPackage>1</QtyInPackage>
      <ItemPrice>27</ItemPrice>
      <UnitOfMeasurePrice>4.22</UnitOfMeasurePrice>
      <AllowDiscount>0</AllowDiscount>
      <itemStatus>1</itemStatus>
      <LastUpdateDate />
      <LastUpdateTime />
    </Product>
    <Product>
      <PriceUpdateDate>2018/04/24 11:45</PriceUpdateDate>
      <ItemCode>7290006199942</ItemCode>
      <ItemType>1</ItemType>
      <ItemName>מאגדת קרחונים דיאט שמינייה</ItemName>
      <ManufactureName>פלקו בעמ</ManufactureName>
      <ManufactureCountry />
      <ManufactureItemDescription />
      <UnitQty>יח`</UnitQty>
      <Quantity>6.40</Quantity>
      <UnitMeasure>100 גרם</UnitMeasure>
      <BisWeighted>0</BisWeighted>
      <QtyInPackage>1</QtyInPackage>
      <ItemPrice>22</ItemPrice>
      <UnitOfMeasurePrice>3.44</UnitOfMeasurePrice>
      <AllowDiscount>0</AllowDiscount>
      <itemStatus>1</itemStatus>
      <LastUpdateDate />
      <LastUpdateTime />
    </Product>
    <Product>
      <PriceUpdateDate>2018/04/24 09:24</PriceUpdateDate>
      <ItemCode>7290006229069</ItemCode>
      <ItemType>1</ItemType>
      <ItemName>משקה קל ענבים ג`אמפ (1.5 ליטר)</ItemName>
      <ManufactureName>טמפו משקאות בעמ</ManufactureName>
      <ManufactureCountry />
      <ManufactureItemDescription />
      <UnitQty>יח`</UnitQty>
      <Quantity>15</Quantity>
      <UnitMeasure>100 מ"ל</UnitMeasure>
      <BisWeighted>0</BisWeighted>
      <QtyInPackage>1</QtyInPackage>
      <ItemPrice>5.50</ItemPrice>
      <UnitOfMeasurePrice>0.37</UnitOfMeasurePrice>
      <AllowDiscount>1</AllowDiscount>
      <itemStatus>1</itemStatus>
      <LastUpdateDate />
      <LastUpdateTime />
    </Product>
    <Product>
      <PriceUpdateDate>2018/07/08 10:38</PriceUpdateDate>
      <ItemCode>7290006229427</ItemCode>
      <ItemType>1</ItemType>
      <ItemName>מים מינרלים סאן בנדטו (500x6 מל)</ItemName>
      <ManufactureName>טמפו משקאות בעמ</ManufactureName>
      <ManufactureCountry />
      <ManufactureItemDescription />
      <UnitQty>יח`</UnitQty>
      <Quantity>30</Quantity>
      <UnitMeasure>100 מ"ל</UnitMeasure>
      <BisWeighted>0</BisWeighted>
      <QtyInPackage>1</QtyInPackage>
      <ItemPrice>13.70</ItemPrice>
      <UnitOfMeasurePrice>0.40</UnitOfMeasurePrice>
      <AllowDiscount>1</AllowDiscount>
      <itemStatus>1</itemStatus>
      <LastUpdateDate />
      <LastUpdateTime />
    </Product>
    <Product>
      <PriceUpdateDate>2018/04/24 09:21</PriceUpdateDate>
      <ItemCode>7290006241214</ItemCode>
      <ItemType>1</ItemType>
      <ItemName>שקדים טבעיים קליית גת (200 גרם)</ItemName>
      <ManufactureName>ליימן שליסל בעמ</ManufactureName>
      <ManufactureCountry />
      <ManufactureItemDescription />
      <UnitQty>יח`</UnitQty>
      <Quantity>2</Quantity>
      <UnitMeasure>100 גרם</UnitMeasure>
      <BisWeighted>0</BisWeighted>
      <QtyInPackage>1</QtyInPackage>
      <ItemPrice>20.90</ItemPrice>
      <UnitOfMeasurePrice>10.45</UnitOfMeasurePrice>
      <AllowDiscount>0</AllowDiscount>
      <itemStatus>1</itemStatus>
      <LastUpdateDate />
      <LastUpdateTime />
    </Product>
    <Product>
      <PriceUpdateDate>2018/12/09 11:34</PriceUpdateDate>
      <ItemCode>7290006241504</ItemCode>
      <ItemType>1</ItemType>
      <ItemName>מיץ תפוזים מרוכז קפוא פריגת (345 גרם)</ItemName>
      <ManufactureName>החב` המרכזית - טרה</ManufactureName>
      <ManufactureCountry />
      <ManufactureItemDescription />
      <UnitQty>יח`</UnitQty>
      <Quantity>3.40</Quantity>
      <UnitMeasure>100 גרם</UnitMeasure>
      <BisWeighted>0</BisWeighted>
      <QtyInPackage>1</QtyInPackage>
      <ItemPrice>11.90</ItemPrice>
      <UnitOfMeasurePrice>3.50</UnitOfMeasurePrice>
      <AllowDiscount>0</AllowDiscount>
      <itemStatus>1</itemStatus>
      <LastUpdateDate />
      <LastUpdateTime />
    </Product>
    <Product>
      <PriceUpdateDate>2019/01/07 10:57</PriceUpdateDate>
      <ItemCode>7290006241511</ItemCode>
      <ItemType>1</ItemType>
      <ItemName>פריגת קפוא לימונענע</ItemName>
      <ManufactureName>החב` המרכזית - טרה</ManufactureName>
      <ManufactureCountry />
      <ManufactureItemDescription />
      <UnitQty>יח`</UnitQty>
      <Quantity>3.40</Quantity>
      <UnitMeasure>100 גרם</UnitMeasure>
      <BisWeighted>0</BisWeighted>
      <QtyInPackage>1</QtyInPackage>
      <ItemPrice>11.90</ItemPrice>
      <UnitOfMeasurePrice>3.50</UnitOfMeasurePrice>
      <AllowDiscount>0</AllowDiscount>
      <itemStatus>1</itemStatus>
      <LastUpdateDate />
      <LastUpdateTime />
    </Product>
    <Product>
      <PriceUpdateDate>2019/01/30 09:36</PriceUpdateDate>
      <ItemCode>7290006251268</ItemCode>
      <ItemType>1</ItemType>
      <ItemName>תה ירוק תפוח וקינמון ויסוצקי) (25</ItemName>
      <ManufactureName>תה ויסוצקי (ישראל) בעמ</ManufactureName>
      <ManufactureCountry />
      <ManufactureItemDescription />
      <UnitQty>יח`</UnitQty>
      <Quantity>0.3750</Quantity>
      <UnitMeasure>100 גרם</UnitMeasure>
      <BisWeighted>0</BisWeighted>
      <QtyInPackage>1</QtyInPackage>
      <ItemPrice>24.90</ItemPrice>
      <UnitOfMeasurePrice>66.40</UnitOfMeasurePrice>
      <AllowDiscount>0</AllowDiscount>
      <itemStatus>1</itemStatus>
      <LastUpdateDate />
      <LastUpdateTime />
    </Product>
    <Product>
      <PriceUpdateDate>2019/01/30 09:36</PriceUpdateDate>
      <ItemCode>7290006251275</ItemCode>
      <ItemType>1</ItemType>
      <ItemName>תה ירוק סיני ויסוצקי (25)</ItemName>
      <ManufactureName>תה ויסוצקי (ישראל) בעמ</ManufactureName>
      <ManufactureCountry />
      <ManufactureItemDescription />
      <UnitQty>יח`</UnitQty>
      <Quantity>0.3750</Quantity>
      <UnitMeasure>100 גרם</UnitMeasure>
      <BisWeighted>0</BisWeighted>
      <QtyInPackage>1</QtyInPackage>
      <ItemPrice>24.90</ItemPrice>
      <UnitOfMeasurePrice>66.40</UnitOfMeasurePrice>
      <AllowDiscount>0</AllowDiscount>
      <itemStatus>1</itemStatus>
      <LastUpdateDate />
      <LastUpdateTime />
    </Product>
    <Product>
      <PriceUpdateDate>2019/10/23 09:40</PriceUpdateDate>
      <ItemCode>7290006251589</ItemCode>
      <ItemType>1</ItemType>
      <ItemName>תה ירוק נענע ויסוצקי (50)</ItemName>
      <ManufactureName>תה ויסוצקי (ישראל) בעמ</ManufactureName>
      <ManufactureCountry />
      <ManufactureItemDescription />
      <UnitQty>יח`</UnitQty>
      <Quantity>0.75</Quantity>
      <UnitMeasure>100 גרם</UnitMeasure>
      <BisWeighted>0</BisWeighted>
      <QtyInPackage>1</QtyInPackage>
      <ItemPrice>44.90</ItemPrice>
      <UnitOfMeasurePrice>59.87</UnitOfMeasurePrice>
      <AllowDiscount>0</AllowDiscount>
      <itemStatus>1</itemStatus>
      <LastUpdateDate />
      <LastUpdateTime />
    </Product>
    <Product>
      <PriceUpdateDate>2018/04/24 09:31</PriceUpdateDate>
      <ItemCode>7290006271648</ItemCode>
      <ItemType>1</ItemType>
      <ItemName>מיני בורקס תפוח אדמה מעדנות (800 גרם)</ItemName>
      <ManufactureName>תנובה קפואים</ManufactureName>
      <ManufactureCountry />
      <ManufactureItemDescription />
      <UnitQty>יח`</UnitQty>
      <Quantity>6.50</Quantity>
      <UnitMeasure>100 גרם</UnitMeasure>
      <BisWeighted>0</BisWeighted>
      <QtyInPackage>1</QtyInPackage>
      <ItemPrice>24</ItemPrice>
      <UnitOfMeasurePrice>3.69</UnitOfMeasurePrice>
      <AllowDiscount>0</AllowDiscount>
      <itemStatus>1</itemStatus>
      <LastUpdateDate />
      <LastUpdateTime />
    </Product>
    <Product>
      <PriceUpdateDate>2018/04/24 09:31</PriceUpdateDate>
      <ItemCode>7290006271655</ItemCode>
      <ItemType>1</ItemType>
      <ItemName>מיני בורקס במילוי גבינה מעדנות (800 גרם)</ItemName>
      <ManufactureName>תנובה קפואים</ManufactureName>
      <ManufactureCountry />
      <ManufactureItemDescription />
      <UnitQty>יח`</UnitQty>
      <Quantity>8</Quantity>
      <UnitMeasure>100 גרם</UnitMeasure>
      <BisWeighted>0</BisWeighted>
      <QtyInPackage>1</QtyInPackage>
      <ItemPrice>25.90</ItemPrice>
      <UnitOfMeasurePrice>3.24</UnitOfMeasurePrice>
      <AllowDiscount>0</AllowDiscount>
      <itemStatus>1</itemStatus>
      <LastUpdateDate />
      <LastUpdateTime />
    </Product>
    <Product>
      <PriceUpdateDate>2018/04/24 09:31</PriceUpdateDate>
      <ItemCode>7290006271761</ItemCode>
      <ItemType>1</ItemType>
      <ItemName>מיני ג`חנון אפוי 600 גר` מעדנות</ItemName>
      <ManufactureName>תנובה קפואים</ManufactureName>
      <ManufactureCountry />
      <ManufactureItemDescription />
      <UnitQty>יח`</UnitQty>
      <Quantity>6</Quantity>
      <UnitMeasure>100 גרם</UnitMeasure>
      <BisWeighted>0</BisWeighted>
      <QtyInPackage>1</QtyInPackage>
      <ItemPrice>22.90</ItemPrice>
      <UnitOfMeasurePrice>3.82</UnitOfMeasurePrice>
      <AllowDiscount>0</AllowDiscount>
      <itemStatus>1</itemStatus>
      <LastUpdateDate />
      <LastUpdateTime />
    </Product>
    <Product>
      <PriceUpdateDate>2018/04/24 09:31</PriceUpdateDate>
      <ItemCode>7290006272072</ItemCode>
      <ItemType>1</ItemType>
      <ItemName>מעדנות חטיפי פיצה</ItemName>
      <ManufactureName>תנובה קפואים</ManufactureName>
      <ManufactureCountry />
      <ManufactureItemDescription />
      <UnitQty>יח`</UnitQty>
      <Quantity>6.50</Quantity>
      <UnitMeasure>100 גרם</UnitMeasure>
      <BisWeighted>0</BisWeighted>
      <QtyInPackage>1</QtyInPackage>
      <ItemPrice>33</ItemPrice>
      <UnitOfMeasurePrice>5.08</UnitOfMeasurePrice>
      <AllowDiscount>0</AllowDiscount>
      <itemStatus>1</itemStatus>
      <LastUpdateDate />
      <LastUpdateTime />
    </Product>
    <Product>
      <PriceUpdateDate>2019/01/07 10:57</PriceUpdateDate>
      <ItemCode>7290006272430</ItemCode>
      <ItemType>1</ItemType>
      <ItemName>בצק עלים חמאה חלבי מעדנות (600 גרם)</ItemName>
      <ManufactureName>תנובה קפואים</ManufactureName>
      <ManufactureCountry />
      <ManufactureItemDescription />
      <UnitQty>יח`</UnitQty>
      <Quantity>6</Quantity>
      <UnitMeasure>100 גרם</UnitMeasure>
      <BisWeighted>0</BisWeighted>
      <QtyInPackage>1</QtyInPackage>
      <ItemPrice>29</ItemPrice>
      <UnitOfMeasurePrice>4.83</UnitOfMeasurePrice>
      <AllowDiscount>0</AllowDiscount>
      <itemStatus>1</itemStatus>
      <LastUpdateDate />
      <LastUpdateTime />
    </Product>
    <Product>
      <PriceUpdateDate>2018/04/24 09:59</PriceUpdateDate>
      <ItemCode>7290006273239</ItemCode>
      <ItemType>1</ItemType>
      <ItemName>עוגת שמרים שוקולד לחמי (380 גרם)</ItemName>
      <ManufactureName>תה ויסוצקי (ישראל) בעמ</ManufactureName>
      <ManufactureCountry />
      <ManufactureItemDescription />
      <UnitQty>יח`</UnitQty>
      <Quantity>4.50</Quantity>
      <UnitMeasure>100 גרם</UnitMeasure>
      <BisWeighted>0</BisWeighted>
      <QtyInPackage>1</QtyInPackage>
      <ItemPrice>17.90</ItemPrice>
      <UnitOfMeasurePrice>3.98</UnitOfMeasurePrice>
      <AllowDiscount>0</AllowDiscount>
      <itemStatus>1</itemStatus>
      <LastUpdateDate />
      <LastUpdateTime />
    </Product>
    <Product>
      <PriceUpdateDate>2018/04/24 10:07</PriceUpdateDate>
      <ItemCode>7290006306296</ItemCode>
      <ItemType>1</ItemType>
      <ItemName>רביולי גבינה לילדים פסטה נונה (400 גרם)</ItemName>
      <ManufactureName>מחלבות גד שיווק 1992 בעמ</ManufactureName>
      <ManufactureCountry />
      <ManufactureItemDescription />
      <UnitQty>יח`</UnitQty>
      <Quantity>4</Quantity>
      <UnitMeasure>100 גרם</UnitMeasure>
      <BisWeighted>0</BisWeighted>
      <QtyInPackage>1</QtyInPackage>
      <ItemPrice>23.90</ItemPrice>
      <UnitOfMeasurePrice>5.98</UnitOfMeasurePrice>
      <AllowDiscount>0</AllowDiscount>
      <itemStatus>1</itemStatus>
      <LastUpdateDate />
      <LastUpdateTime />
    </Product>
    <Product>
      <PriceUpdateDate>2018/04/24 10:09</PriceUpdateDate>
      <ItemCode>7290006306302</ItemCode>
      <ItemType>1</ItemType>
      <ItemName>רביולי פרמזן ריקוטה פסטה נונה (400 גרם)</ItemName>
      <ManufactureName>מחלבות גד שיווק 1992 בעמ</ManufactureName>
      <ManufactureCountry />
      <ManufactureItemDescription />
      <UnitQty>יח`</UnitQty>
      <Quantity>4</Quantity>
      <UnitMeasure>100 גרם</UnitMeasure>
      <BisWeighted>0</BisWeighted>
      <QtyInPackage>1</QtyInPackage>
      <ItemPrice>23.90</ItemPrice>
      <UnitOfMeasurePrice>5.98</UnitOfMeasurePrice>
      <AllowDiscount>0</AllowDiscount>
      <itemStatus>1</itemStatus>
      <LastUpdateDate />
      <LastUpdateTime />
    </Product>
    <Product>
      <PriceUpdateDate>2018/04/24 10:09</PriceUpdateDate>
      <ItemCode>7290006306319</ItemCode>
      <ItemType>1</ItemType>
      <ItemName>רביולי בטטה פסטה נונה (400 גרם)</ItemName>
      <ManufactureName>מחלבות גד שיווק 1992 בעמ</ManufactureName>
      <ManufactureCountry />
      <ManufactureItemDescription />
      <UnitQty>יח`</UnitQty>
      <Quantity>4</Quantity>
      <UnitMeasure>100 גרם</UnitMeasure>
      <BisWeighted>0</BisWeighted>
      <QtyInPackage>1</QtyInPackage>
      <ItemPrice>23.90</ItemPrice>
      <UnitOfMeasurePrice>5.98</UnitOfMeasurePrice>
      <AllowDiscount>0</AllowDiscount>
      <itemStatus>1</itemStatus>
      <LastUpdateDate />
      <LastUpdateTime />
    </Product>
    <Product>
      <PriceUpdateDate>2018/04/24 10:09</PriceUpdateDate>
      <ItemCode>7290006306326</ItemCode>
      <ItemType>1</ItemType>
      <ItemName>רביולי פטריות ופרמזן פסטה נונה (400 גרם)</ItemName>
      <ManufactureName>מחלבות גד שיווק 1992 בעמ</ManufactureName>
      <ManufactureCountry />
      <ManufactureItemDescription />
      <UnitQty>יח`</UnitQty>
      <Quantity>4</Quantity>
      <UnitMeasure>100 גרם</UnitMeasure>
      <BisWeighted>0</BisWeighted>
      <QtyInPackage>1</QtyInPackage>
      <ItemPrice>23.90</ItemPrice>
      <UnitOfMeasurePrice>5.98</UnitOfMeasurePrice>
      <AllowDiscount>0</AllowDiscount>
      <itemStatus>1</itemStatus>
      <LastUpdateDate />
      <LastUpdateTime />
    </Product>
    <Product>
      <PriceUpdateDate>2018/04/24 10:09</PriceUpdateDate>
      <ItemCode>7290006306333</ItemCode>
      <ItemType>1</ItemType>
      <ItemName>רביולי תרד וריקוטה פסטה נונה (400 גרם)</ItemName>
      <ManufactureName>מחלבות גד שיווק 1992 בעמ</ManufactureName>
      <ManufactureCountry />
      <ManufactureItemDescription />
      <UnitQty>יח`</UnitQty>
      <Quantity>4</Quantity>
      <UnitMeasure>100 גרם</UnitMeasure>
      <BisWeighted>0</BisWeighted>
      <QtyInPackage>1</QtyInPackage>
      <ItemPrice>23.90</ItemPrice>
      <UnitOfMeasurePrice>5.98</UnitOfMeasurePrice>
      <AllowDiscount>0</AllowDiscount>
      <itemStatus>1</itemStatus>
      <LastUpdateDate />
      <LastUpdateTime />
    </Product>
    <Product>
      <PriceUpdateDate>2019/08/07 10:33</PriceUpdateDate>
      <ItemCode>7290006342072</ItemCode>
      <ItemType>1</ItemType>
      <ItemName>גרעין לבן 200  גר`ששון הקולה</ItemName>
      <ManufactureName>דין שיווק וקליה בעמ</ManufactureName>
      <ManufactureCountry />
      <ManufactureItemDescription />
      <UnitQty>יח`</UnitQty>
      <Quantity>2</Quantity>
      <UnitMeasure>100 גרם</UnitMeasure>
      <BisWeighted>0</BisWeighted>
      <QtyInPackage>1</QtyInPackage>
      <ItemPrice>8.90</ItemPrice>
      <UnitOfMeasurePrice>4.45</UnitOfMeasurePrice>
      <AllowDiscount>0</AllowDiscount>
      <itemStatus>1</itemStatus>
      <LastUpdateDate />
      <LastUpdateTime />
    </Product>
    <Product>
      <PriceUpdateDate>2019/08/07 10:33</PriceUpdateDate>
      <ItemCode>7290006342447</ItemCode>
      <ItemType>1</ItemType>
      <ItemName>גרעין אבטיח 200 גרם ששון הקולה</ItemName>
      <ManufactureName>דין שיווק וקליה בעמ</ManufactureName>
      <ManufactureCountry />
      <ManufactureItemDescription />
      <UnitQty>יח`</UnitQty>
      <Quantity>2</Quantity>
      <UnitMeasure>100 גרם</UnitMeasure>
      <BisWeighted>0</BisWeighted>
      <QtyInPackage>1</QtyInPackage>
      <ItemPrice>12.90</ItemPrice>
      <UnitOfMeasurePrice>6.45</UnitOfMeasurePrice>
      <AllowDiscount>0</AllowDiscount>
      <itemStatus>1</itemStatus>
      <LastUpdateDate />
      <LastUpdateTime />
    </Product>
    <Product>
      <PriceUpdateDate>2018/07/05 11:28</PriceUpdateDate>
      <ItemCode>7290006374738</ItemCode>
      <ItemType>1</ItemType>
      <ItemName>קונפיטורת תות יד מרדכי 340 גר`</ItemName>
      <ManufactureName>שטראוס גרופ בעמ</ManufactureName>
      <ManufactureCountry />
      <ManufactureItemDescription />
      <UnitQty>יח`</UnitQty>
      <Quantity>3.40</Quantity>
      <UnitMeasure>100 גרם</UnitMeasure>
      <BisWeighted>0</BisWeighted>
      <QtyInPackage>1</QtyInPackage>
      <ItemPrice>14.90</ItemPrice>
      <UnitOfMeasurePrice>4.38</UnitOfMeasurePrice>
      <AllowDiscount>1</AllowDiscount>
      <itemStatus>1</itemStatus>
      <LastUpdateDate />
      <LastUpdateTime />
    </Product>
    <Product>
      <PriceUpdateDate>2019/06/10 09:52</PriceUpdateDate>
      <ItemCode>7290006459275</ItemCode>
      <ItemType>1</ItemType>
      <ItemName>גרנולה צימוקים קוקוס 400  גר`תמר</ItemName>
      <ManufactureName>ציון תורג`מן בעמ</ManufactureName>
      <ManufactureCountry />
      <ManufactureItemDescription />
      <UnitQty>יח`</UnitQty>
      <Quantity>4</Quantity>
      <UnitMeasure>100 גרם</UnitMeasure>
      <BisWeighted>0</BisWeighted>
      <QtyInPackage>1</QtyInPackage>
      <ItemPrice>14.90</ItemPrice>
      <UnitOfMeasurePrice>3.73</UnitOfMeasurePrice>
      <AllowDiscount>1</AllowDiscount>
      <itemStatus>1</itemStatus>
      <LastUpdateDate />
      <LastUpdateTime />
    </Product>
    <Product>
      <PriceUpdateDate>2019/06/10 09:52</PriceUpdateDate>
      <ItemCode>7290006459336</ItemCode>
      <ItemType>1</ItemType>
      <ItemName>גרנולה שקדים ללא סוכר 400  גר`תמר</ItemName>
      <ManufactureName>ציון תורג`מן בעמ</ManufactureName>
      <ManufactureCountry />
      <ManufactureItemDescription />
      <UnitQty>יח`</UnitQty>
      <Quantity>4</Quantity>
      <UnitMeasure>100 גרם</UnitMeasure>
      <BisWeighted>0</BisWeighted>
      <QtyInPackage>1</QtyInPackage>
      <ItemPrice>14.90</ItemPrice>
      <UnitOfMeasurePrice>3.73</UnitOfMeasurePrice>
      <AllowDiscount>0</AllowDiscount>
      <itemStatus>1</itemStatus>
      <LastUpdateDate />
      <LastUpdateTime />
    </Product>
    <Product>
      <PriceUpdateDate>2018/05/18 09:20</PriceUpdateDate>
      <ItemCode>7290006459961</ItemCode>
      <ItemType>1</ItemType>
      <ItemName>אובלטים קימל 282 גר` האחים</ItemName>
      <ManufactureName>ציון תורג`מן בעמ</ManufactureName>
      <ManufactureCountry />
      <ManufactureItemDescription />
      <UnitQty>יח`</UnitQty>
      <Quantity>2.82</Quantity>
      <UnitMeasure>100 גרם</UnitMeasure>
      <BisWeighted>0</BisWeighted>
      <QtyInPackage>1</QtyInPackage>
      <ItemPrice>9.90</ItemPrice>
      <UnitOfMeasurePrice>3.51</UnitOfMeasurePrice>
      <AllowDiscount>1</AllowDiscount>
      <itemStatus>1</itemStatus>
      <LastUpdateDate />
      <LastUpdateTime />
    </Product>
    <Product>
      <PriceUpdateDate>2018/05/18 09:20</PriceUpdateDate>
      <ItemCode>7290006459978</ItemCode>
      <ItemType>1</ItemType>
      <ItemName>אובלטים שומשום 282 גר` האחים</ItemName>
      <ManufactureName>ציון תורג`מן בעמ</ManufactureName>
      <ManufactureCountry />
      <ManufactureItemDescription />
      <UnitQty>יח`</UnitQty>
      <Quantity>2.82</Quantity>
      <UnitMeasure>100 גרם</UnitMeasure>
      <BisWeighted>0</BisWeighted>
      <QtyInPackage>1</QtyInPackage>
      <ItemPrice>9.90</ItemPrice>
      <UnitOfMeasurePrice>3.51</UnitOfMeasurePrice>
      <AllowDiscount>1</AllowDiscount>
      <itemStatus>1</itemStatus>
      <LastUpdateDate />
      <LastUpdateTime />
    </Product>
    <Product>
      <PriceUpdateDate>2018/08/05 11:28</PriceUpdateDate>
      <ItemCode>7290006492432</ItemCode>
      <ItemType>1</ItemType>
      <ItemName>גבינה מוצרלה בייבי 18% גד (150 גרם)</ItemName>
      <ManufactureName>מחלבות גד שיווק 1992 בעמ</ManufactureName>
      <ManufactureCountry />
      <ManufactureItemDescription />
      <UnitQty>יח`</UnitQty>
      <Quantity>1.70</Quantity>
      <UnitMeasure>100 גרם</UnitMeasure>
      <BisWeighted>0</BisWeighted>
      <QtyInPackage>1</QtyInPackage>
      <ItemPrice>14.90</ItemPrice>
      <UnitOfMeasurePrice>8.76</UnitOfMeasurePrice>
      <AllowDiscount>0</AllowDiscount>
      <itemStatus>1</itemStatus>
      <LastUpdateDate />
      <LastUpdateTime />
    </Product>
    <Product>
      <PriceUpdateDate>2018/10/21 12:50</PriceUpdateDate>
      <ItemCode>7290006492616</ItemCode>
      <ItemType>1</ItemType>
      <ItemName>בולגרית פרוסות 5% -250גד</ItemName>
      <ManufactureName>מחלבות גד שיווק 1992 בעמ</ManufactureName>
      <ManufactureCountry />
      <ManufactureItemDescription />
      <UnitQty>יח`</UnitQty>
      <Quantity>2.50</Quantity>
      <UnitMeasure>100 גרם</UnitMeasure>
      <BisWeighted>0</BisWeighted>
      <QtyInPackage>1</QtyInPackage>
      <ItemPrice>25.90</ItemPrice>
      <UnitOfMeasurePrice>10.36</UnitOfMeasurePrice>
      <AllowDiscount>0</AllowDiscount>
      <itemStatus>1</itemStatus>
      <LastUpdateDate />
      <LastUpdateTime />
    </Product>
    <Product>
      <PriceUpdateDate>2018/10/21 12:50</PriceUpdateDate>
      <ItemCode>7290006492630</ItemCode>
      <ItemType>1</ItemType>
      <ItemName>גבינה עיזים גדעז 20% גד (180 גרם)</ItemName>
      <ManufactureName>מחלבות גד שיווק 1992 בעמ</ManufactureName>
      <ManufactureCountry />
      <ManufactureItemDescription />
      <UnitQty>יח`</UnitQty>
      <Quantity>1.80</Quantity>
      <UnitMeasure>100 גרם</UnitMeasure>
      <BisWeighted>0</BisWeighted>
      <QtyInPackage>1</QtyInPackage>
      <ItemPrice>22.90</ItemPrice>
      <UnitOfMeasurePrice>12.72</UnitOfMeasurePrice>
      <AllowDiscount>0</AllowDiscount>
      <itemStatus>1</itemStatus>
      <LastUpdateDate />
      <LastUpdateTime />
    </Product>
    <Product>
      <PriceUpdateDate>2018/04/24 10:33</PriceUpdateDate>
      <ItemCode>7290006492685</ItemCode>
      <ItemType>1</ItemType>
      <ItemName>גבינת לאבנה עיזים 5% גד (250 גרם)</ItemName>
      <ManufactureName>מחלבות גד שיווק 1992 בעמ</ManufactureName>
      <ManufactureCountry />
      <ManufactureItemDescription />
      <UnitQty>יח`</UnitQty>
      <Quantity>2.50</Quantity>
      <UnitMeasure>100 גרם</UnitMeasure>
      <BisWeighted>0</BisWeighted>
      <QtyInPackage>1</QtyInPackage>
      <ItemPrice>16.90</ItemPrice>
      <UnitOfMeasurePrice>6.76</UnitOfMeasurePrice>
      <AllowDiscount>0</AllowDiscount>
      <itemStatus>1</itemStatus>
      <LastUpdateDate />
      <LastUpdateTime />
    </Product>
    <Product>
      <PriceUpdateDate>2018/10/21 12:50</PriceUpdateDate>
      <ItemCode>7290006492852</ItemCode>
      <ItemType>1</ItemType>
      <ItemName>גבינה לבנה עיזים 5% גד (250 גרם)</ItemName>
      <ManufactureName>מחלבות גד שיווק 1992 בעמ</ManufactureName>
      <ManufactureCountry />
      <ManufactureItemDescription />
      <UnitQty>יח`</UnitQty>
      <Quantity>2.50</Quantity>
      <UnitMeasure>100 גרם</UnitMeasure>
      <BisWeighted>0</BisWeighted>
      <QtyInPackage>1</QtyInPackage>
      <ItemPrice>16.90</ItemPrice>
      <UnitOfMeasurePrice>6.76</UnitOfMeasurePrice>
      <AllowDiscount>0</AllowDiscount>
      <itemStatus>1</itemStatus>
      <LastUpdateDate />
      <LastUpdateTime />
    </Product>
    <Product>
      <PriceUpdateDate>2019/01/07 10:57</PriceUpdateDate>
      <ItemCode>7290006492913</ItemCode>
      <ItemType>1</ItemType>
      <ItemName>לבנה ציזיקי 250 גר</ItemName>
      <ManufactureName>מחלבות גד שיווק 1992 בעמ</ManufactureName>
      <ManufactureCountry />
      <ManufactureItemDescription />
      <UnitQty>יח`</UnitQty>
      <Quantity>2.50</Quantity>
      <UnitMeasure>100 גרם</UnitMeasure>
      <BisWeighted>0</BisWeighted>
      <QtyInPackage>1</QtyInPackage>
      <ItemPrice>12.90</ItemPrice>
      <UnitOfMeasurePrice>5.16</UnitOfMeasurePrice>
      <AllowDiscount>0</AllowDiscount>
      <itemStatus>1</itemStatus>
      <LastUpdateDate />
      <LastUpdateTime />
    </Product>
    <Product>
      <PriceUpdateDate>2018/04/24 12:10</PriceUpdateDate>
      <ItemCode>7290006494535</ItemCode>
      <ItemType>1</ItemType>
      <ItemName>טוסו פודינג אינסטנט בטעם וניל ללא תוספת</ItemName>
      <ManufactureName>דנשר (1963) בעמ</ManufactureName>
      <ManufactureCountry />
      <ManufactureItemDescription />
      <UnitQty>יח`</UnitQty>
      <Quantity>0.30</Quantity>
      <UnitMeasure>100 גרם</UnitMeasure>
      <BisWeighted>0</BisWeighted>
      <QtyInPackage>1</QtyInPackage>
      <ItemPrice>8.90</ItemPrice>
      <UnitOfMeasurePrice>29.67</UnitOfMeasurePrice>
      <AllowDiscount>0</AllowDiscount>
      <itemStatus>1</itemStatus>
      <LastUpdateDate />
      <LastUpdateTime />
    </Product>
    <Product>
      <PriceUpdateDate>2018/04/24 10:30</PriceUpdateDate>
      <ItemCode>7290006494917</ItemCode>
      <ItemType>1</ItemType>
      <ItemName>מרמולייט וופל</ItemName>
      <ManufactureName>דנשר (1963) בעמ</ManufactureName>
      <ManufactureCountry />
      <ManufactureItemDescription />
      <UnitQty>יח`</UnitQty>
      <Quantity>1.80</Quantity>
      <UnitMeasure>100 גרם</UnitMeasure>
      <BisWeighted>0</BisWeighted>
      <QtyInPackage>1</QtyInPackage>
      <ItemPrice>11.90</ItemPrice>
      <UnitOfMeasurePrice>6.61</UnitOfMeasurePrice>
      <AllowDiscount>0</AllowDiscount>
      <itemStatus>1</itemStatus>
      <LastUpdateDate />
      <LastUpdateTime />
    </Product>
    <Product>
      <PriceUpdateDate>2018/04/24 10:30</PriceUpdateDate>
      <ItemCode>7290006494924</ItemCode>
      <ItemType>1</ItemType>
      <ItemName>טוסו וופל קלאסי במילוי קרם בטעם לימון 20</ItemName>
      <ManufactureName>דנשר (1963) בעמ</ManufactureName>
      <ManufactureCountry />
      <ManufactureItemDescription />
      <UnitQty>יח`</UnitQty>
      <Quantity>2</Quantity>
      <UnitMeasure>100 גרם</UnitMeasure>
      <BisWeighted>0</BisWeighted>
      <QtyInPackage>1</QtyInPackage>
      <ItemPrice>11.90</ItemPrice>
      <UnitOfMeasurePrice>5.95</UnitOfMeasurePrice>
      <AllowDiscount>0</AllowDiscount>
      <itemStatus>1</itemStatus>
      <LastUpdateDate />
      <LastUpdateTime />
    </Product>
    <Product>
      <PriceUpdateDate>2018/11/16 08:41</PriceUpdateDate>
      <ItemCode>7290006496225</ItemCode>
      <ItemType>1</ItemType>
      <ItemName>מי ורדים 750 מל משקד</ItemName>
      <ManufactureName>ציון תורג`מן בעמ</ManufactureName>
      <ManufactureCountry />
      <ManufactureItemDescription />
      <UnitQty>יח`</UnitQty>
      <Quantity>7.50</Quantity>
      <UnitMeasure>100 מ"ל</UnitMeasure>
      <BisWeighted>0</BisWeighted>
      <QtyInPackage>1</QtyInPackage>
      <ItemPrice>12.90</ItemPrice>
      <UnitOfMeasurePrice>1.72</UnitOfMeasurePrice>
      <AllowDiscount>0</AllowDiscount>
      <itemStatus>1</itemStatus>
      <LastUpdateDate />
      <LastUpdateTime />
    </Product>
    <Product>
      <PriceUpdateDate>2018/11/16 08:41</PriceUpdateDate>
      <ItemCode>7290006496294</ItemCode>
      <ItemType>1</ItemType>
      <ItemName>רכז רימונים 350 מל משקד</ItemName>
      <ManufactureName>ציון תורג`מן בעמ</ManufactureName>
      <ManufactureCountry />
      <ManufactureItemDescription />
      <UnitQty>יח`</UnitQty>
      <Quantity>3.50</Quantity>
      <UnitMeasure>100 מ"ל</UnitMeasure>
      <BisWeighted>0</BisWeighted>
      <QtyInPackage>1</QtyInPackage>
      <ItemPrice>11.90</ItemPrice>
      <UnitOfMeasurePrice>3.40</UnitOfMeasurePrice>
      <AllowDiscount>0</AllowDiscount>
      <itemStatus>1</itemStatus>
      <LastUpdateDate />
      <LastUpdateTime />
    </Product>
    <Product>
      <PriceUpdateDate>2018/04/24 10:28</PriceUpdateDate>
      <ItemCode>7290006498052</ItemCode>
      <ItemType>1</ItemType>
      <ItemName>דנונה מהדרין טבע</ItemName>
      <ManufactureName>שטראוס גרופ בעמ/מצונן</ManufactureName>
      <ManufactureCountry />
      <ManufactureItemDescription />
      <UnitQty>יח`</UnitQty>
      <Quantity>1.50</Quantity>
      <UnitMeasure>100 מ"ל</UnitMeasure>
      <BisWeighted>0</BisWeighted>
      <QtyInPackage>1</QtyInPackage>
      <ItemPrice>2.60</ItemPrice>
      <UnitOfMeasurePrice>1.73</UnitOfMeasurePrice>
      <AllowDiscount>0</AllowDiscount>
      <itemStatus>1</itemStatus>
      <LastUpdateDate />
      <LastUpdateTime />
    </Product>
    <Product>
      <PriceUpdateDate>2018/08/05 11:28</PriceUpdateDate>
      <ItemCode>7290006511157</ItemCode>
      <ItemType>1</ItemType>
      <ItemName>פטריות שמפניון שלמות וילי פוד (400 גרם)</ItemName>
      <ManufactureName>ג.וילי-פוד אינטרנשיונל בעמ</ManufactureName>
      <ManufactureCountry />
      <ManufactureItemDescription />
      <UnitQty>יח`</UnitQty>
      <Quantity>4</Quantity>
      <UnitMeasure>100 גרם</UnitMeasure>
      <BisWeighted>0</BisWeighted>
      <QtyInPackage>1</QtyInPackage>
      <ItemPrice>7.90</ItemPrice>
      <UnitOfMeasurePrice>1.98</UnitOfMeasurePrice>
      <AllowDiscount>0</AllowDiscount>
      <itemStatus>1</itemStatus>
      <LastUpdateDate />
      <LastUpdateTime />
    </Product>
    <Product>
      <PriceUpdateDate>2018/10/29 14:36</PriceUpdateDate>
      <ItemCode>7290006511751</ItemCode>
      <ItemType>1</ItemType>
      <ItemName>שלישית פטריות חתוכות</ItemName>
      <ManufactureName>ג.וילי-פוד אינטרנשיונל בעמ</ManufactureName>
      <ManufactureCountry />
      <ManufactureItemDescription />
      <UnitQty>יח`</UnitQty>
      <Quantity>8.70</Quantity>
      <UnitMeasure>100 גרם</UnitMeasure>
      <BisWeighted>0</BisWeighted>
      <QtyInPackage>1</QtyInPackage>
      <ItemPrice>9.90</ItemPrice>
      <UnitOfMeasurePrice>1.14</UnitOfMeasurePrice>
      <AllowDiscount>0</AllowDiscount>
      <itemStatus>1</itemStatus>
      <LastUpdateDate />
      <LastUpdateTime />
    </Product>
    <Product>
      <PriceUpdateDate>2019/03/05 15:51</PriceUpdateDate>
      <ItemCode>7290006560957</ItemCode>
      <ItemType>1</ItemType>
      <ItemName>צלחות קלאסי קטן 100  יח`לבן</ItemName>
      <ManufactureName>הנמל אריזות ושיווק (1984) בעמ</ManufactureName>
      <ManufactureCountry />
      <ManufactureItemDescription />
      <UnitQty>יח`</UnitQty>
      <Quantity>1</Quantity>
      <UnitMeasure />
      <BisWeighted>0</BisWeighted>
      <QtyInPackage>1</QtyInPackage>
      <ItemPrice>10.90</ItemPrice>
      <UnitOfMeasurePrice>10.90</UnitOfMeasurePrice>
      <AllowDiscount>0</AllowDiscount>
      <itemStatus>1</itemStatus>
      <LastUpdateDate />
      <LastUpdateTime />
    </Product>
    <Product>
      <PriceUpdateDate>2019/01/07 10:57</PriceUpdateDate>
      <ItemCode>7290006567048</ItemCode>
      <ItemType>1</ItemType>
      <ItemName>פתיתי קוסקוס ישראלי אסם (350 גרם)</ItemName>
      <ManufactureName>קבוצת אסם סחר שות. מוגבלת</ManufactureName>
      <ManufactureCountry />
      <ManufactureItemDescription />
      <UnitQty>יח`</UnitQty>
      <Quantity>3.50</Quantity>
      <UnitMeasure>100 גרם</UnitMeasure>
      <BisWeighted>0</BisWeighted>
      <QtyInPackage>1</QtyInPackage>
      <ItemPrice>8.90</ItemPrice>
      <UnitOfMeasurePrice>2.54</UnitOfMeasurePrice>
      <AllowDiscount>0</AllowDiscount>
      <itemStatus>1</itemStatus>
      <LastUpdateDate />
      <LastUpdateTime />
    </Product>
    <Product>
      <PriceUpdateDate>2018/04/24 13:08</PriceUpdateDate>
      <ItemCode>7290006582539</ItemCode>
      <ItemType>1</ItemType>
      <ItemName>חמוציות 250 גר`</ItemName>
      <ManufactureName>דין שיווק וקליה בעמ</ManufactureName>
      <ManufactureCountry />
      <ManufactureItemDescription />
      <UnitQty>יח`</UnitQty>
      <Quantity>2.50</Quantity>
      <UnitMeasure>100 גרם</UnitMeasure>
      <BisWeighted>0</BisWeighted>
      <QtyInPackage>1</QtyInPackage>
      <ItemPrice>9.90</ItemPrice>
      <UnitOfMeasurePrice>3.96</UnitOfMeasurePrice>
      <AllowDiscount>0</AllowDiscount>
      <itemStatus>1</itemStatus>
      <LastUpdateDate />
      <LastUpdateTime />
    </Product>
    <Product>
      <PriceUpdateDate>2018/04/24 10:05</PriceUpdateDate>
      <ItemCode>7290006618078</ItemCode>
      <ItemType>1</ItemType>
      <ItemName>אסטוניש מרסס צהוב למטבח</ItemName>
      <ManufactureName>יעקב יעקבי ובניו בעמ</ManufactureName>
      <ManufactureCountry />
      <ManufactureItemDescription />
      <UnitQty>יח`</UnitQty>
      <Quantity>7.50</Quantity>
      <UnitMeasure>100 מ"ל</UnitMeasure>
      <BisWeighted>0</BisWeighted>
      <QtyInPackage>1</QtyInPackage>
      <ItemPrice>11.90</ItemPrice>
      <UnitOfMeasurePrice>1.59</UnitOfMeasurePrice>
      <AllowDiscount>0</AllowDiscount>
      <itemStatus>1</itemStatus>
      <LastUpdateDate />
      <LastUpdateTime />
    </Product>
    <Product>
      <PriceUpdateDate>2018/04/24 10:05</PriceUpdateDate>
      <ItemCode>7290006618085</ItemCode>
      <ItemType>1</ItemType>
      <ItemName>אסטוניש מרסס+אקונומיקה</ItemName>
      <ManufactureName>יעקב יעקבי ובניו בעמ</ManufactureName>
      <ManufactureCountry />
      <ManufactureItemDescription />
      <UnitQty>יח`</UnitQty>
      <Quantity>7.50</Quantity>
      <UnitMeasure>100 מ"ל</UnitMeasure>
      <BisWeighted>0</BisWeighted>
      <QtyInPackage>1</QtyInPackage>
      <ItemPrice>11.90</ItemPrice>
      <UnitOfMeasurePrice>1.59</UnitOfMeasurePrice>
      <AllowDiscount>0</AllowDiscount>
      <itemStatus>1</itemStatus>
      <LastUpdateDate />
      <LastUpdateTime />
    </Product>
    <Product>
      <PriceUpdateDate>2018/04/24 10:07</PriceUpdateDate>
      <ItemCode>7290006644596</ItemCode>
      <ItemType>1</ItemType>
      <ItemName>משקה אקזוטי קריסטל (2 ליטר)</ItemName>
      <ManufactureName>יפאורה</ManufactureName>
      <ManufactureCountry />
      <ManufactureItemDescription />
      <UnitQty>יח`</UnitQty>
      <Quantity>2</Quantity>
      <UnitMeasure>1 ליטר</UnitMeasure>
      <BisWeighted>0</BisWeighted>
      <QtyInPackage>1</QtyInPackage>
      <ItemPrice>3.80</ItemPrice>
      <UnitOfMeasurePrice>1.90</UnitOfMeasurePrice>
      <AllowDiscount>0</AllowDiscount>
      <itemStatus>1</itemStatus>
      <LastUpdateDate />
      <LastUpdateTime />
    </Product>
    <Product>
      <PriceUpdateDate>2018/04/24 10:17</PriceUpdateDate>
      <ItemCode>7290006644732</ItemCode>
      <ItemType>1</ItemType>
      <ItemName>נקטר פירות טרופיים ספרינג (1 ליטר)</ItemName>
      <ManufactureName>יפאורה</ManufactureName>
      <ManufactureCountry />
      <ManufactureItemDescription />
      <UnitQty>יח`</UnitQty>
      <Quantity>10</Quantity>
      <UnitMeasure>100 מ"ל</UnitMeasure>
      <BisWeighted>0</BisWeighted>
      <QtyInPackage>1</QtyInPackage>
      <ItemPrice>5.50</ItemPrice>
      <UnitOfMeasurePrice>0.55</UnitOfMeasurePrice>
      <AllowDiscount>1</AllowDiscount>
      <itemStatus>1</itemStatus>
      <LastUpdateDate />
      <LastUpdateTime />
    </Product>
    <Product>
      <PriceUpdateDate>2018/04/24 10:17</PriceUpdateDate>
      <ItemCode>7290006644817</ItemCode>
      <ItemType>1</ItemType>
      <ItemName>מי סודה שוופס (1.5x4 ליטר)</ItemName>
      <ManufactureName>יפאורה</ManufactureName>
      <ManufactureCountry />
      <ManufactureItemDescription />
      <UnitQty>יח`</UnitQty>
      <Quantity>6</Quantity>
      <UnitMeasure>1 ליטר</UnitMeasure>
      <BisWeighted>0</BisWeighted>
      <QtyInPackage>1</QtyInPackage>
      <ItemPrice>11</ItemPrice>
      <UnitOfMeasurePrice>1.83</UnitOfMeasurePrice>
      <AllowDiscount>0</AllowDiscount>
      <itemStatus>1</itemStatus>
      <LastUpdateDate />
      <LastUpdateTime />
    </Product>
    <Product>
      <PriceUpdateDate>2019/01/07 10:57</PriceUpdateDate>
      <ItemCode>7290006644848</ItemCode>
      <ItemType>1</ItemType>
      <ItemName>נקטר דיאט תפוחים ספרינג (1 ליטר)</ItemName>
      <ManufactureName>יפאורה</ManufactureName>
      <ManufactureCountry />
      <ManufactureItemDescription />
      <UnitQty>יח`</UnitQty>
      <Quantity>10</Quantity>
      <UnitMeasure>100 מ"ל</UnitMeasure>
      <BisWeighted>0</BisWeighted>
      <QtyInPackage>1</QtyInPackage>
      <ItemPrice>5.50</ItemPrice>
      <UnitOfMeasurePrice>0.55</UnitOfMeasurePrice>
      <AllowDiscount>1</AllowDiscount>
      <itemStatus>1</itemStatus>
      <LastUpdateDate />
      <LastUpdateTime />
    </Product>
    <Product>
      <PriceUpdateDate>2019/01/07 10:57</PriceUpdateDate>
      <ItemCode>7290006651570</ItemCode>
      <ItemType>1</ItemType>
      <ItemName>קמיל בלו שמפו דר. פישר (750 מל)</ItemName>
      <ManufactureName>פישר תעשיות פרמצבטיות בעמ</ManufactureName>
      <ManufactureCountry />
      <ManufactureItemDescription />
      <UnitQty>יח`</UnitQty>
      <Quantity>1.50</Quantity>
      <UnitMeasure>1 ליטר</UnitMeasure>
      <BisWeighted>0</BisWeighted>
      <QtyInPackage>1</QtyInPackage>
      <ItemPrice>17.90</ItemPrice>
      <UnitOfMeasurePrice>11.93</UnitOfMeasurePrice>
      <AllowDiscount>0</AllowDiscount>
      <itemStatus>1</itemStatus>
      <LastUpdateDate />
      <LastUpdateTime />
    </Product>
    <Product>
      <PriceUpdateDate>2018/04/24 09:47</PriceUpdateDate>
      <ItemCode>7290006653819</ItemCode>
      <ItemType>1</ItemType>
      <ItemName>קוסקוס דק אסם (350 גרם)</ItemName>
      <ManufactureName>קבוצת אסם סחר שות. מוגבלת</ManufactureName>
      <ManufactureCountry />
      <ManufactureItemDescription />
      <UnitQty>יח`</UnitQty>
      <Quantity>3.50</Quantity>
      <UnitMeasure>100 גרם</UnitMeasure>
      <BisWeighted>0</BisWeighted>
      <QtyInPackage>1</QtyInPackage>
      <ItemPrice>8.90</ItemPrice>
      <UnitOfMeasurePrice>2.54</UnitOfMeasurePrice>
      <AllowDiscount>0</AllowDiscount>
      <itemStatus>1</itemStatus>
      <LastUpdateDate />
      <LastUpdateTime />
    </Product>
    <Product>
      <PriceUpdateDate>2018/04/24 10:30</PriceUpdateDate>
      <ItemCode>7290006664037</ItemCode>
      <ItemType>1</ItemType>
      <ItemName>גמדים רביעייה דגנים</ItemName>
      <ManufactureName>שטראוס גרופ בעמ/מצונן</ManufactureName>
      <ManufactureCountry />
      <ManufactureItemDescription />
      <UnitQty>יח`</UnitQty>
      <Quantity>4</Quantity>
      <UnitMeasure>100 מ"ל</UnitMeasure>
      <BisWeighted>0</BisWeighted>
      <QtyInPackage>1</QtyInPackage>
      <ItemPrice>11.40</ItemPrice>
      <UnitOfMeasurePrice>2.85</UnitOfMeasurePrice>
      <AllowDiscount>0</AllowDiscount>
      <itemStatus>1</itemStatus>
      <LastUpdateDate />
      <LastUpdateTime />
    </Product>
    <Product>
      <PriceUpdateDate>2019/09/03 12:32</PriceUpdateDate>
      <ItemCode>7290006664051</ItemCode>
      <ItemType>1</ItemType>
      <ItemName>אקטימל 1.8% דנונה (100x14 מל)</ItemName>
      <ManufactureName>שטראוס גרופ בעמ/מצונן</ManufactureName>
      <ManufactureCountry />
      <ManufactureItemDescription />
      <UnitQty>יח`</UnitQty>
      <Quantity>1.40</Quantity>
      <UnitMeasure>1 ליטר</UnitMeasure>
      <BisWeighted>0</BisWeighted>
      <QtyInPackage>1</QtyInPackage>
      <ItemPrice>29.90</ItemPrice>
      <UnitOfMeasurePrice>21.36</UnitOfMeasurePrice>
      <AllowDiscount>0</AllowDiscount>
      <itemStatus>1</itemStatus>
      <LastUpdateDate />
      <LastUpdateTime />
    </Product>
    <Product>
      <PriceUpdateDate>2019/06/19 09:52</PriceUpdateDate>
      <ItemCode>7290006664402</ItemCode>
      <ItemType>1</ItemType>
      <ItemName>קרם גבינה 5% סקי (750 גרם)</ItemName>
      <ManufactureName>שטראוס גרופ בעמ/מצונן</ManufactureName>
      <ManufactureCountry />
      <ManufactureItemDescription />
      <UnitQty>יח`</UnitQty>
      <Quantity>7.50</Quantity>
      <UnitMeasure>100 גרם</UnitMeasure>
      <BisWeighted>0</BisWeighted>
      <QtyInPackage>1</QtyInPackage>
      <ItemPrice>14.25</ItemPrice>
      <UnitOfMeasurePrice>1.90</UnitOfMeasurePrice>
      <AllowDiscount>0</AllowDiscount>
      <itemStatus>1</itemStatus>
      <LastUpdateDate />
      <LastUpdateTime />
    </Product>
    <Product>
      <PriceUpdateDate>2018/04/24 11:31</PriceUpdateDate>
      <ItemCode>7290006664532</ItemCode>
      <ItemType>1</ItemType>
      <ItemName>יוגורט ביו 3% תות דנונה (150 גרם)</ItemName>
      <ManufactureName>שטראוס גרופ בעמ/מצונן</ManufactureName>
      <ManufactureCountry />
      <ManufactureItemDescription />
      <UnitQty>יח`</UnitQty>
      <Quantity>1.50</Quantity>
      <UnitMeasure>100 מ"ל</UnitMeasure>
      <BisWeighted>0</BisWeighted>
      <QtyInPackage>1</QtyInPackage>
      <ItemPrice>3.70</ItemPrice>
      <UnitOfMeasurePrice>2.47</UnitOfMeasurePrice>
      <AllowDiscount>1</AllowDiscount>
      <itemStatus>1</itemStatus>
      <LastUpdateDate />
      <LastUpdateTime />
    </Product>
    <Product>
      <PriceUpdateDate>2019/09/03 12:32</PriceUpdateDate>
      <ItemCode>7290006664655</ItemCode>
      <ItemType>1</ItemType>
      <ItemName>אקטימל דנונה (100x8 מל)</ItemName>
      <ManufactureName>שטראוס גרופ בעמ/מצונן</ManufactureName>
      <ManufactureCountry />
      <ManufactureItemDescription />
      <UnitQty>יח`</UnitQty>
      <Quantity>8</Quantity>
      <UnitMeasure>100 מ"ל</UnitMeasure>
      <BisWeighted>0</BisWeighted>
      <QtyInPackage>1</QtyInPackage>
      <ItemPrice>19.90</ItemPrice>
      <UnitOfMeasurePrice>2.49</UnitOfMeasurePrice>
      <AllowDiscount>0</AllowDiscount>
      <itemStatus>1</itemStatus>
      <LastUpdateDate />
      <LastUpdateTime />
    </Product>
    <Product>
      <PriceUpdateDate>2018/04/24 10:30</PriceUpdateDate>
      <ItemCode>7290006664693</ItemCode>
      <ItemType>1</ItemType>
      <ItemName>יוגורט ביו 3% אפרסק דנונה (150 גרם)</ItemName>
      <ManufactureName>שטראוס גרופ בעמ/מצונן</ManufactureName>
      <ManufactureCountry />
      <ManufactureItemDescription />
      <UnitQty>יח`</UnitQty>
      <Quantity>1.50</Quantity>
      <UnitMeasure>100 מ"ל</UnitMeasure>
      <BisWeighted>0</BisWeighted>
      <QtyInPackage>1</QtyInPackage>
      <ItemPrice>3.70</ItemPrice>
      <UnitOfMeasurePrice>2.47</UnitOfMeasurePrice>
      <AllowDiscount>1</AllowDiscount>
      <itemStatus>1</itemStatus>
      <LastUpdateDate />
      <LastUpdateTime />
    </Product>
    <Product>
      <PriceUpdateDate>2018/04/24 11:31</PriceUpdateDate>
      <ItemCode>7290006664990</ItemCode>
      <ItemType>1</ItemType>
      <ItemName>יוגורט ביו 1.7% דנונה (150x8 גרם)</ItemName>
      <ManufactureName>שטראוס גרופ בעמ/מצונן</ManufactureName>
      <ManufactureCountry />
      <ManufactureItemDescription />
      <UnitQty>יח`</UnitQty>
      <Quantity>1.20</Quantity>
      <UnitMeasure>1 ליטר</UnitMeasure>
      <BisWeighted>0</BisWeighted>
      <QtyInPackage>1</QtyInPackage>
      <ItemPrice>16.80</ItemPrice>
      <UnitOfMeasurePrice>14</UnitOfMeasurePrice>
      <AllowDiscount>0</AllowDiscount>
      <itemStatus>1</itemStatus>
      <LastUpdateDate />
      <LastUpdateTime />
    </Product>
    <Product>
      <PriceUpdateDate>2018/04/24 09:45</PriceUpdateDate>
      <ItemCode>7290006681003</ItemCode>
      <ItemType>1</ItemType>
      <ItemName>שטראוס קרמיסימו תות לימון</ItemName>
      <ManufactureName>גלידות שטראוס בעמ</ManufactureName>
      <ManufactureCountry />
      <ManufactureItemDescription />
      <UnitQty>יח`</UnitQty>
      <Quantity>1.33</Quantity>
      <UnitMeasure>1 ליטר</UnitMeasure>
      <BisWeighted>0</BisWeighted>
      <QtyInPackage>1</QtyInPackage>
      <ItemPrice>18.90</ItemPrice>
      <UnitOfMeasurePrice>14.21</UnitOfMeasurePrice>
      <AllowDiscount>1</AllowDiscount>
      <itemStatus>1</itemStatus>
      <LastUpdateDate />
      <LastUpdateTime />
    </Product>
    <Product>
      <PriceUpdateDate>2018/04/24 11:28</PriceUpdateDate>
      <ItemCode>7290006681553</ItemCode>
      <ItemType>1</ItemType>
      <ItemName>קרמבו שמינייה וניל</ItemName>
      <ManufactureName>גלידות שטראוס בעמ</ManufactureName>
      <ManufactureCountry />
      <ManufactureItemDescription />
      <UnitQty>יח`</UnitQty>
      <Quantity>2</Quantity>
      <UnitMeasure>100 גרם</UnitMeasure>
      <BisWeighted>0</BisWeighted>
      <QtyInPackage>1</QtyInPackage>
      <ItemPrice>12.90</ItemPrice>
      <UnitOfMeasurePrice>6.45</UnitOfMeasurePrice>
      <AllowDiscount>0</AllowDiscount>
      <itemStatus>1</itemStatus>
      <LastUpdateDate />
      <LastUpdateTime />
    </Product>
    <Product>
      <PriceUpdateDate>2018/04/24 09:45</PriceUpdateDate>
      <ItemCode>7290006681577</ItemCode>
      <ItemType>1</ItemType>
      <ItemName>מאגדת אסקימו 10 יח</ItemName>
      <ManufactureName>גלידות שטראוס בעמ</ManufactureName>
      <ManufactureCountry />
      <ManufactureItemDescription />
      <UnitQty>יח`</UnitQty>
      <Quantity>10</Quantity>
      <UnitMeasure>יח`</UnitMeasure>
      <BisWeighted>0</BisWeighted>
      <QtyInPackage>1</QtyInPackage>
      <ItemPrice>16.90</ItemPrice>
      <UnitOfMeasurePrice>1.69</UnitOfMeasurePrice>
      <AllowDiscount>0</AllowDiscount>
      <itemStatus>1</itemStatus>
      <LastUpdateDate />
      <LastUpdateTime />
    </Product>
    <Product>
      <PriceUpdateDate>2018/04/24 09:45</PriceUpdateDate>
      <ItemCode>7290006681843</ItemCode>
      <ItemType>1</ItemType>
      <ItemName>מאגדת-לייט מיני פרי</ItemName>
      <ManufactureName>גלידות שטראוס בעמ</ManufactureName>
      <ManufactureCountry />
      <ManufactureItemDescription />
      <UnitQty>יח`</UnitQty>
      <Quantity>9</Quantity>
      <UnitMeasure>100 מ"ל</UnitMeasure>
      <BisWeighted>0</BisWeighted>
      <QtyInPackage>1</QtyInPackage>
      <ItemPrice>24.90</ItemPrice>
      <UnitOfMeasurePrice>2.77</UnitOfMeasurePrice>
      <AllowDiscount>1</AllowDiscount>
      <itemStatus>1</itemStatus>
      <LastUpdateDate />
      <LastUpdateTime />
    </Product>
    <Product>
      <PriceUpdateDate>2018/04/24 10:07</PriceUpdateDate>
      <ItemCode>7290006696595</ItemCode>
      <ItemType>1</ItemType>
      <ItemName>יין אדום מתוק מסורת אפרת (1 ליטר)</ItemName>
      <ManufactureName>יקב טפרברג 1870 בעמ (יינות ומש</ManufactureName>
      <ManufactureCountry />
      <ManufactureItemDescription />
      <UnitQty>יח`</UnitQty>
      <Quantity>10</Quantity>
      <UnitMeasure>100 מ"ל</UnitMeasure>
      <BisWeighted>0</BisWeighted>
      <QtyInPackage>1</QtyInPackage>
      <ItemPrice>19.90</ItemPrice>
      <UnitOfMeasurePrice>1.96</UnitOfMeasurePrice>
      <AllowDiscount>1</AllowDiscount>
      <itemStatus>1</itemStatus>
      <LastUpdateDate />
      <LastUpdateTime />
    </Product>
    <Product>
      <PriceUpdateDate>2018/04/24 09:26</PriceUpdateDate>
      <ItemCode>7290006712981</ItemCode>
      <ItemType>1</ItemType>
      <ItemName>משחת שיניים לילדים קולגייט (50 מל)</ItemName>
      <ManufactureName>ש.שסטוביץ בעמ</ManufactureName>
      <ManufactureCountry />
      <ManufactureItemDescription />
      <UnitQty>יח`</UnitQty>
      <Quantity>0.66</Quantity>
      <UnitMeasure>100 גרם</UnitMeasure>
      <BisWeighted>0</BisWeighted>
      <QtyInPackage>1</QtyInPackage>
      <ItemPrice>11.90</ItemPrice>
      <UnitOfMeasurePrice>18.03</UnitOfMeasurePrice>
      <AllowDiscount>0</AllowDiscount>
      <itemStatus>1</itemStatus>
      <LastUpdateDate />
      <LastUpdateTime />
    </Product>
    <Product>
      <PriceUpdateDate>2018/04/24 12:01</PriceUpdateDate>
      <ItemCode>7290006724199</ItemCode>
      <ItemType>1</ItemType>
      <ItemName>תבנית ביצים אורגניות ליב</ItemName>
      <ManufactureName>ל.י.ב. (לחיות יותר בטבע) בעמ</ManufactureName>
      <ManufactureCountry />
      <ManufactureItemDescription />
      <UnitQty>יח`</UnitQty>
      <Quantity>1</Quantity>
      <UnitMeasure />
      <BisWeighted>0</BisWeighted>
      <QtyInPackage>1</QtyInPackage>
      <ItemPrice>21.90</ItemPrice>
      <UnitOfMeasurePrice>21.90</UnitOfMeasurePrice>
      <AllowDiscount>0</AllowDiscount>
      <itemStatus>1</itemStatus>
      <LastUpdateDate />
      <LastUpdateTime />
    </Product>
    <Product>
      <PriceUpdateDate>2018/04/24 10:48</PriceUpdateDate>
      <ItemCode>7290006730381</ItemCode>
      <ItemType>1</ItemType>
      <ItemName>טרופיות 18 יח`</ItemName>
      <ManufactureName>קלית סיטבון בעמ</ManufactureName>
      <ManufactureCountry />
      <ManufactureItemDescription />
      <UnitQty>יח`</UnitQty>
      <Quantity>1</Quantity>
      <UnitMeasure />
      <BisWeighted>0</BisWeighted>
      <QtyInPackage>1</QtyInPackage>
      <ItemPrice>11.90</ItemPrice>
      <UnitOfMeasurePrice>11.90</UnitOfMeasurePrice>
      <AllowDiscount>0</AllowDiscount>
      <itemStatus>1</itemStatus>
      <LastUpdateDate />
      <LastUpdateTime />
    </Product>
    <Product>
      <PriceUpdateDate>2018/07/08 11:12</PriceUpdateDate>
      <ItemCode>7290006738615</ItemCode>
      <ItemType>1</ItemType>
      <ItemName>קבב זהב קפוא זוגלובק (8  יח`- 400 גרם)</ItemName>
      <ManufactureName>זוגלובק שיווק בעמ</ManufactureName>
      <ManufactureCountry />
      <ManufactureItemDescription />
      <UnitQty>יח`</UnitQty>
      <Quantity>4</Quantity>
      <UnitMeasure>100 גרם</UnitMeasure>
      <BisWeighted>0</BisWeighted>
      <QtyInPackage>1</QtyInPackage>
      <ItemPrice>19.90</ItemPrice>
      <UnitOfMeasurePrice>4.98</UnitOfMeasurePrice>
      <AllowDiscount>0</AllowDiscount>
      <itemStatus>1</itemStatus>
      <LastUpdateDate />
      <LastUpdateTime />
    </Product>
    <Product>
      <PriceUpdateDate>2019/06/10 10:53</PriceUpdateDate>
      <ItemCode>7290006739186</ItemCode>
      <ItemType>1</ItemType>
      <ItemName>שניצל תירס קלאסי זוגלובק (2 קג)</ItemName>
      <ManufactureName>זוגלובק שיווק בעמ</ManufactureName>
      <ManufactureCountry />
      <ManufactureItemDescription />
      <UnitQty>יח`</UnitQty>
      <Quantity>2000</Quantity>
      <UnitMeasure>ק"ג</UnitMeasure>
      <BisWeighted>0</BisWeighted>
      <QtyInPackage>1</QtyInPackage>
      <ItemPrice>49.90</ItemPrice>
      <UnitOfMeasurePrice>0.02</UnitOfMeasurePrice>
      <AllowDiscount>0</AllowDiscount>
      <itemStatus>1</itemStatus>
      <LastUpdateDate />
      <LastUpdateTime />
    </Product>
    <Product>
      <PriceUpdateDate>2018/04/24 09:19</PriceUpdateDate>
      <ItemCode>7290006739421</ItemCode>
      <ItemType>1</ItemType>
      <ItemName>סלמי איטלקי מעושן זוגלובק (300 גרם)</ItemName>
      <ManufactureName>זוגלובק שיווק בעמ</ManufactureName>
      <ManufactureCountry />
      <ManufactureItemDescription />
      <UnitQty>יח`</UnitQty>
      <Quantity>3</Quantity>
      <UnitMeasure>100 גרם</UnitMeasure>
      <BisWeighted>0</BisWeighted>
      <QtyInPackage>1</QtyInPackage>
      <ItemPrice>28.90</ItemPrice>
      <UnitOfMeasurePrice>9.63</UnitOfMeasurePrice>
      <AllowDiscount>1</AllowDiscount>
      <itemStatus>1</itemStatus>
      <LastUpdateDate />
      <LastUpdateTime />
    </Product>
    <Product>
      <PriceUpdateDate>2018/04/24 09:19</PriceUpdateDate>
      <ItemCode>7290006739445</ItemCode>
      <ItemType>1</ItemType>
      <ItemName>שניצל תירס זוגלובק (750 גרם)</ItemName>
      <ManufactureName>זוגלובק שיווק בעמ</ManufactureName>
      <ManufactureCountry />
      <ManufactureItemDescription />
      <UnitQty>יח`</UnitQty>
      <Quantity>7.50</Quantity>
      <UnitMeasure>100 גרם</UnitMeasure>
      <BisWeighted>0</BisWeighted>
      <QtyInPackage>1</QtyInPackage>
      <ItemPrice>26.90</ItemPrice>
      <UnitOfMeasurePrice>3.59</UnitOfMeasurePrice>
      <AllowDiscount>1</AllowDiscount>
      <itemStatus>1</itemStatus>
      <LastUpdateDate />
      <LastUpdateTime />
    </Product>
    <Product>
      <PriceUpdateDate>2018/04/24 11:23</PriceUpdateDate>
      <ItemCode>7290006741387</ItemCode>
      <ItemType>1</ItemType>
      <ItemName>מלוואח 700 גר` בדצ</ItemName>
      <ManufactureName>זוגלובק שיווק בעמ</ManufactureName>
      <ManufactureCountry />
      <ManufactureItemDescription />
      <UnitQty>יח`</UnitQty>
      <Quantity>7</Quantity>
      <UnitMeasure>100 גרם</UnitMeasure>
      <BisWeighted>0</BisWeighted>
      <QtyInPackage>1</QtyInPackage>
      <ItemPrice>16.90</ItemPrice>
      <UnitOfMeasurePrice>2.41</UnitOfMeasurePrice>
      <AllowDiscount>1</AllowDiscount>
      <itemStatus>1</itemStatus>
      <LastUpdateDate />
      <LastUpdateTime />
    </Product>
    <Product>
      <PriceUpdateDate>2018/07/08 11:12</PriceUpdateDate>
      <ItemCode>7290006742162</ItemCode>
      <ItemType>1</ItemType>
      <ItemName>המבורגר מיזרחי</ItemName>
      <ManufactureName>זוגלובק שיווק בעמ</ManufactureName>
      <ManufactureCountry />
      <ManufactureItemDescription />
      <UnitQty>יח`</UnitQty>
      <Quantity>4</Quantity>
      <UnitMeasure>100 גרם</UnitMeasure>
      <BisWeighted>0</BisWeighted>
      <QtyInPackage>1</QtyInPackage>
      <ItemPrice>19.90</ItemPrice>
      <UnitOfMeasurePrice>4.98</UnitOfMeasurePrice>
      <AllowDiscount>0</AllowDiscount>
      <itemStatus>1</itemStatus>
      <LastUpdateDate />
      <LastUpdateTime />
    </Product>
    <Product>
      <PriceUpdateDate>2018/04/24 09:19</PriceUpdateDate>
      <ItemCode>7290006742179</ItemCode>
      <ItemType>1</ItemType>
      <ItemName>קבב מזרחי ג 400ר</ItemName>
      <ManufactureName>זוגלובק שיווק בעמ</ManufactureName>
      <ManufactureCountry />
      <ManufactureItemDescription />
      <UnitQty>יח`</UnitQty>
      <Quantity>4</Quantity>
      <UnitMeasure>100 גרם</UnitMeasure>
      <BisWeighted>0</BisWeighted>
      <QtyInPackage>1</QtyInPackage>
      <ItemPrice>19.90</ItemPrice>
      <UnitOfMeasurePrice>4.98</UnitOfMeasurePrice>
      <AllowDiscount>0</AllowDiscount>
      <itemStatus>1</itemStatus>
      <LastUpdateDate />
      <LastUpdateTime />
    </Product>
    <Product>
      <PriceUpdateDate>2018/04/24 09:19</PriceUpdateDate>
      <ItemCode>7290006742278</ItemCode>
      <ItemType>1</ItemType>
      <ItemName>פסטרממיה צלויה 330 גר`</ItemName>
      <ManufactureName>זוגלובק שיווק בעמ</ManufactureName>
      <ManufactureCountry />
      <ManufactureItemDescription />
      <UnitQty>יח`</UnitQty>
      <Quantity>3.30</Quantity>
      <UnitMeasure>100 גרם</UnitMeasure>
      <BisWeighted>0</BisWeighted>
      <QtyInPackage>1</QtyInPackage>
      <ItemPrice>28.90</ItemPrice>
      <UnitOfMeasurePrice>8.76</UnitOfMeasurePrice>
      <AllowDiscount>1</AllowDiscount>
      <itemStatus>1</itemStatus>
      <LastUpdateDate />
      <LastUpdateTime />
    </Product>
    <Product>
      <PriceUpdateDate>2018/04/24 09:19</PriceUpdateDate>
      <ItemCode>7290006742292</ItemCode>
      <ItemType>1</ItemType>
      <ItemName>פסטרממיה בדבש 330 גר`</ItemName>
      <ManufactureName>זוגלובק שיווק בעמ</ManufactureName>
      <ManufactureCountry />
      <ManufactureItemDescription />
      <UnitQty>יח`</UnitQty>
      <Quantity>3.30</Quantity>
      <UnitMeasure>100 גרם</UnitMeasure>
      <BisWeighted>0</BisWeighted>
      <QtyInPackage>1</QtyInPackage>
      <ItemPrice>28.90</ItemPrice>
      <UnitOfMeasurePrice>8.76</UnitOfMeasurePrice>
      <AllowDiscount>1</AllowDiscount>
      <itemStatus>1</itemStatus>
      <LastUpdateDate />
      <LastUpdateTime />
    </Product>
    <Product>
      <PriceUpdateDate>2018/04/24 09:19</PriceUpdateDate>
      <ItemCode>7290006742315</ItemCode>
      <ItemType>1</ItemType>
      <ItemName>חזה הודו ברביקיו 330 גר`</ItemName>
      <ManufactureName>זוגלובק שיווק בעמ</ManufactureName>
      <ManufactureCountry />
      <ManufactureItemDescription />
      <UnitQty>יח`</UnitQty>
      <Quantity>3.30</Quantity>
      <UnitMeasure>100 גרם</UnitMeasure>
      <BisWeighted>0</BisWeighted>
      <QtyInPackage>1</QtyInPackage>
      <ItemPrice>28.90</ItemPrice>
      <UnitOfMeasurePrice>8.76</UnitOfMeasurePrice>
      <AllowDiscount>1</AllowDiscount>
      <itemStatus>1</itemStatus>
      <LastUpdateDate />
      <LastUpdateTime />
    </Product>
    <Product>
      <PriceUpdateDate>2019/02/20 15:05</PriceUpdateDate>
      <ItemCode>7290006764065</ItemCode>
      <ItemType>1</ItemType>
      <ItemName>בירה שחורה נשר מאלט חוזר (500 מל)</ItemName>
      <ManufactureName>טמפו משקאות בעמ</ManufactureName>
      <ManufactureCountry />
      <ManufactureItemDescription />
      <UnitQty>יח`</UnitQty>
      <Quantity>5</Quantity>
      <UnitMeasure>100 מ"ל</UnitMeasure>
      <BisWeighted>0</BisWeighted>
      <QtyInPackage>1</QtyInPackage>
      <ItemPrice>5</ItemPrice>
      <UnitOfMeasurePrice>0.76</UnitOfMeasurePrice>
      <AllowDiscount>1</AllowDiscount>
      <itemStatus>1</itemStatus>
      <LastUpdateDate />
      <LastUpdateTime />
    </Product>
    <Product>
      <PriceUpdateDate>2018/04/24 09:24</PriceUpdateDate>
      <ItemCode>7290006764072</ItemCode>
      <ItemType>1</ItemType>
      <ItemName>בירה גולדסטאר (500 מל)</ItemName>
      <ManufactureName>טמפו משקאות בעמ</ManufactureName>
      <ManufactureCountry />
      <ManufactureItemDescription />
      <UnitQty>יח`</UnitQty>
      <Quantity>5</Quantity>
      <UnitMeasure>100 מ"ל</UnitMeasure>
      <BisWeighted>0</BisWeighted>
      <QtyInPackage>1</QtyInPackage>
      <ItemPrice>6.90</ItemPrice>
      <UnitOfMeasurePrice>1.14</UnitOfMeasurePrice>
      <AllowDiscount>1</AllowDiscount>
      <itemStatus>1</itemStatus>
      <LastUpdateDate />
      <LastUpdateTime />
    </Product>
    <Product>
      <PriceUpdateDate>2019/02/20 15:05</PriceUpdateDate>
      <ItemCode>7290006764102</ItemCode>
      <ItemType>1</ItemType>
      <ItemName>בירה גולדסטאר חוזר לאגר כהה (500x6 מל)</ItemName>
      <ManufactureName>טמפו משקאות בעמ</ManufactureName>
      <ManufactureCountry />
      <ManufactureItemDescription />
      <UnitQty>יח`</UnitQty>
      <Quantity>19.80</Quantity>
      <UnitMeasure>100 מ"ל</UnitMeasure>
      <BisWeighted>0</BisWeighted>
      <QtyInPackage>1</QtyInPackage>
      <ItemPrice>41.90</ItemPrice>
      <UnitOfMeasurePrice>1.75</UnitOfMeasurePrice>
      <AllowDiscount>1</AllowDiscount>
      <itemStatus>1</itemStatus>
      <LastUpdateDate />
      <LastUpdateTime />
    </Product>
    <Product>
      <PriceUpdateDate>2019/02/20 15:05</PriceUpdateDate>
      <ItemCode>7290006764164</ItemCode>
      <ItemType>1</ItemType>
      <ItemName>בירה גולדסטאר חוזר לא מסונן 500 מל שישי</ItemName>
      <ManufactureName>טמפו משקאות בעמ</ManufactureName>
      <ManufactureCountry />
      <ManufactureItemDescription />
      <UnitQty>יח`</UnitQty>
      <Quantity>1</Quantity>
      <UnitMeasure />
      <BisWeighted>0</BisWeighted>
      <QtyInPackage>1</QtyInPackage>
      <ItemPrice>43.90</ItemPrice>
      <UnitOfMeasurePrice>43.90</UnitOfMeasurePrice>
      <AllowDiscount>1</AllowDiscount>
      <itemStatus>1</itemStatus>
      <LastUpdateDate />
      <LastUpdateTime />
    </Product>
    <Product>
      <PriceUpdateDate>2018/08/01 13:52</PriceUpdateDate>
      <ItemCode>7290006764348</ItemCode>
      <ItemType>1</ItemType>
      <ItemName>בירה שחורה מאלט סטאר (1.5 ליטר)</ItemName>
      <ManufactureName>טמפו משקאות בעמ</ManufactureName>
      <ManufactureCountry />
      <ManufactureItemDescription />
      <UnitQty>יח`</UnitQty>
      <Quantity>15</Quantity>
      <UnitMeasure>100 מ"ל</UnitMeasure>
      <BisWeighted>0</BisWeighted>
      <QtyInPackage>1</QtyInPackage>
      <ItemPrice>7.50</ItemPrice>
      <UnitOfMeasurePrice>0.50</UnitOfMeasurePrice>
      <AllowDiscount>1</AllowDiscount>
      <itemStatus>1</itemStatus>
      <LastUpdateDate />
      <LastUpdateTime />
    </Product>
    <Product>
      <PriceUpdateDate>2018/04/24 09:35</PriceUpdateDate>
      <ItemCode>7290006775030</ItemCode>
      <ItemType>1</ItemType>
      <ItemName>עוגת שוקו צ`יפס אחוה (450 גרם) אחוה</ItemName>
      <ManufactureName>אחדות בעמ</ManufactureName>
      <ManufactureCountry />
      <ManufactureItemDescription />
      <UnitQty>יח`</UnitQty>
      <Quantity>4.50</Quantity>
      <UnitMeasure>100 גרם</UnitMeasure>
      <BisWeighted>0</BisWeighted>
      <QtyInPackage>1</QtyInPackage>
      <ItemPrice>9.90</ItemPrice>
      <UnitOfMeasurePrice>2.20</UnitOfMeasurePrice>
      <AllowDiscount>0</AllowDiscount>
      <itemStatus>1</itemStatus>
      <LastUpdateDate />
      <LastUpdateTime />
    </Product>
    <Product>
      <PriceUpdateDate>2018/04/24 09:35</PriceUpdateDate>
      <ItemCode>7290006775047</ItemCode>
      <ItemType>1</ItemType>
      <ItemName>עוגת שוקולד אחוה (450 גרם) אחוה</ItemName>
      <ManufactureName>אחדות בעמ</ManufactureName>
      <ManufactureCountry />
      <ManufactureItemDescription />
      <UnitQty>יח`</UnitQty>
      <Quantity>4.50</Quantity>
      <UnitMeasure>100 גרם</UnitMeasure>
      <BisWeighted>0</BisWeighted>
      <QtyInPackage>1</QtyInPackage>
      <ItemPrice>9.90</ItemPrice>
      <UnitOfMeasurePrice>2.20</UnitOfMeasurePrice>
      <AllowDiscount>0</AllowDiscount>
      <itemStatus>1</itemStatus>
      <LastUpdateDate />
      <LastUpdateTime />
    </Product>
    <Product>
      <PriceUpdateDate>2018/04/24 09:35</PriceUpdateDate>
      <ItemCode>7290006775085</ItemCode>
      <ItemType>1</ItemType>
      <ItemName>עוגת שמרים שוקולד אחוה (400 גרם)</ItemName>
      <ManufactureName>אחדות בעמ</ManufactureName>
      <ManufactureCountry />
      <ManufactureItemDescription />
      <UnitQty>יח`</UnitQty>
      <Quantity>4</Quantity>
      <UnitMeasure>100 גרם</UnitMeasure>
      <BisWeighted>0</BisWeighted>
      <QtyInPackage>1</QtyInPackage>
      <ItemPrice>10</ItemPrice>
      <UnitOfMeasurePrice>2.50</UnitOfMeasurePrice>
      <AllowDiscount>0</AllowDiscount>
      <itemStatus>1</itemStatus>
      <LastUpdateDate />
      <LastUpdateTime />
    </Product>
    <Product>
      <PriceUpdateDate>2018/04/24 11:26</PriceUpdateDate>
      <ItemCode>7290006775337</ItemCode>
      <ItemType>1</ItemType>
      <ItemName>עוגת שמרים פרג אחוה (400 גרם)</ItemName>
      <ManufactureName>אחדות בעמ</ManufactureName>
      <ManufactureCountry />
      <ManufactureItemDescription />
      <UnitQty>יח`</UnitQty>
      <Quantity>4</Quantity>
      <UnitMeasure>100 גרם</UnitMeasure>
      <BisWeighted>0</BisWeighted>
      <QtyInPackage>1</QtyInPackage>
      <ItemPrice>10</ItemPrice>
      <UnitOfMeasurePrice>2.50</UnitOfMeasurePrice>
      <AllowDiscount>0</AllowDiscount>
      <itemStatus>1</itemStatus>
      <LastUpdateDate />
      <LastUpdateTime />
    </Product>
    <Product>
      <PriceUpdateDate>2018/04/24 09:36</PriceUpdateDate>
      <ItemCode>7290006775344</ItemCode>
      <ItemType>1</ItemType>
      <ItemName>עוגת שמרים קינמון/אגוזים 400  גר`אחוה</ItemName>
      <ManufactureName>אחדות בעמ</ManufactureName>
      <ManufactureCountry />
      <ManufactureItemDescription />
      <UnitQty>יח`</UnitQty>
      <Quantity>4</Quantity>
      <UnitMeasure>100 גרם</UnitMeasure>
      <BisWeighted>0</BisWeighted>
      <QtyInPackage>1</QtyInPackage>
      <ItemPrice>10</ItemPrice>
      <UnitOfMeasurePrice>2.50</UnitOfMeasurePrice>
      <AllowDiscount>0</AllowDiscount>
      <itemStatus>1</itemStatus>
      <LastUpdateDate />
      <LastUpdateTime />
    </Product>
    <Product>
      <PriceUpdateDate>2018/04/24 11:16</PriceUpdateDate>
      <ItemCode>7290006775801</ItemCode>
      <ItemType>1</ItemType>
      <ItemName>רוגעלך אחוה (400 גרם)</ItemName>
      <ManufactureName>אחדות בעמ</ManufactureName>
      <ManufactureCountry />
      <ManufactureItemDescription />
      <UnitQty>יח`</UnitQty>
      <Quantity>4</Quantity>
      <UnitMeasure>100 גרם</UnitMeasure>
      <BisWeighted>0</BisWeighted>
      <QtyInPackage>1</QtyInPackage>
      <ItemPrice>8.90</ItemPrice>
      <UnitOfMeasurePrice>2.23</UnitOfMeasurePrice>
      <AllowDiscount>0</AllowDiscount>
      <itemStatus>1</itemStatus>
      <LastUpdateDate />
      <LastUpdateTime />
    </Product>
    <Product>
      <PriceUpdateDate>2020/02/16 07:48</PriceUpdateDate>
      <ItemCode>7290006784360</ItemCode>
      <ItemType>1</ItemType>
      <ItemName>חלונית 1 ליטר</ItemName>
      <ManufactureName>קומפלקס כימיקלים בעמ</ManufactureName>
      <ManufactureCountry />
      <ManufactureItemDescription />
      <UnitQty>יח`</UnitQty>
      <Quantity>10</Quantity>
      <UnitMeasure>100 מ"ל</UnitMeasure>
      <BisWeighted>0</BisWeighted>
      <QtyInPackage>1</QtyInPackage>
      <ItemPrice>6.90</ItemPrice>
      <UnitOfMeasurePrice>0.69</UnitOfMeasurePrice>
      <AllowDiscount>1</AllowDiscount>
      <itemStatus>1</itemStatus>
      <LastUpdateDate />
      <LastUpdateTime />
    </Product>
    <Product>
      <PriceUpdateDate>2020/02/16 07:48</PriceUpdateDate>
      <ItemCode>7290006784919</ItemCode>
      <ItemType>1</ItemType>
      <ItemName>סבונומיקה פלוס 4 ליטר-אקנומיקה  סמיכה סנ</ItemName>
      <ManufactureName>קומפלקס כימיקלים בעמ</ManufactureName>
      <ManufactureCountry />
      <ManufactureItemDescription />
      <UnitQty>יח`</UnitQty>
      <Quantity>40</Quantity>
      <UnitMeasure>100 מ"ל</UnitMeasure>
      <BisWeighted>0</BisWeighted>
      <QtyInPackage>1</QtyInPackage>
      <ItemPrice>12.90</ItemPrice>
      <UnitOfMeasurePrice>0.32</UnitOfMeasurePrice>
      <AllowDiscount>0</AllowDiscount>
      <itemStatus>1</itemStatus>
      <LastUpdateDate />
      <LastUpdateTime />
    </Product>
    <Product>
      <PriceUpdateDate>2018/04/24 12:03</PriceUpdateDate>
      <ItemCode>7290006785657</ItemCode>
      <ItemType>1</ItemType>
      <ItemName>שקית 20 פסטל רחבה</ItemName>
      <ManufactureName>שמחה זה אנחנו בעמ</ManufactureName>
      <ManufactureCountry />
      <ManufactureItemDescription />
      <UnitQty>יח`</UnitQty>
      <Quantity>1</Quantity>
      <UnitMeasure />
      <BisWeighted>0</BisWeighted>
      <QtyInPackage>1</QtyInPackage>
      <ItemPrice>5.90</ItemPrice>
      <UnitOfMeasurePrice>5.90</UnitOfMeasurePrice>
      <AllowDiscount>0</AllowDiscount>
      <itemStatus>1</itemStatus>
      <LastUpdateDate />
      <LastUpdateTime />
    </Product>
    <Product>
      <PriceUpdateDate>2019/01/30 09:36</PriceUpdateDate>
      <ItemCode>7290006788009</ItemCode>
      <ItemType>1</ItemType>
      <ItemName>שמפו 10 קרליין</ItemName>
      <ManufactureName>החברה הדרומית לשיווק בעמ</ManufactureName>
      <ManufactureCountry />
      <ManufactureItemDescription />
      <UnitQty>יח`</UnitQty>
      <Quantity>7</Quantity>
      <UnitMeasure>100 מ"ל</UnitMeasure>
      <BisWeighted>0</BisWeighted>
      <QtyInPackage>1</QtyInPackage>
      <ItemPrice>11.90</ItemPrice>
      <UnitOfMeasurePrice>1.70</UnitOfMeasurePrice>
      <AllowDiscount>1</AllowDiscount>
      <itemStatus>1</itemStatus>
      <LastUpdateDate />
      <LastUpdateTime />
    </Product>
    <Product>
      <PriceUpdateDate>2019/01/30 09:36</PriceUpdateDate>
      <ItemCode>7290006788016</ItemCode>
      <ItemType>1</ItemType>
      <ItemName>שמפו 10 קרליין</ItemName>
      <ManufactureName>החברה הדרומית לשיווק בעמ</ManufactureName>
      <ManufactureCountry />
      <ManufactureItemDescription />
      <UnitQty>יח`</UnitQty>
      <Quantity>7</Quantity>
      <UnitMeasure>100 מ"ל</UnitMeasure>
      <BisWeighted>0</BisWeighted>
      <QtyInPackage>1</QtyInPackage>
      <ItemPrice>11.90</ItemPrice>
      <UnitOfMeasurePrice>1.70</UnitOfMeasurePrice>
      <AllowDiscount>1</AllowDiscount>
      <itemStatus>1</itemStatus>
      <LastUpdateDate />
      <LastUpdateTime />
    </Product>
    <Product>
      <PriceUpdateDate>2019/01/30 09:36</PriceUpdateDate>
      <ItemCode>7290006788030</ItemCode>
      <ItemType>1</ItemType>
      <ItemName>שמפו 10 קרליין</ItemName>
      <ManufactureName>החברה הדרומית לשיווק בעמ</ManufactureName>
      <ManufactureCountry />
      <ManufactureItemDescription />
      <UnitQty>יח`</UnitQty>
      <Quantity>7</Quantity>
      <UnitMeasure>100 מ"ל</UnitMeasure>
      <BisWeighted>0</BisWeighted>
      <QtyInPackage>1</QtyInPackage>
      <ItemPrice>11.90</ItemPrice>
      <UnitOfMeasurePrice>1.70</UnitOfMeasurePrice>
      <AllowDiscount>1</AllowDiscount>
      <itemStatus>1</itemStatus>
      <LastUpdateDate />
      <LastUpdateTime />
    </Product>
    <Product>
      <PriceUpdateDate>2019/01/30 09:36</PriceUpdateDate>
      <ItemCode>7290006788054</ItemCode>
      <ItemType>1</ItemType>
      <ItemName>שמפו 10 קרליין</ItemName>
      <ManufactureName>החברה הדרומית לשיווק בעמ</ManufactureName>
      <ManufactureCountry />
      <ManufactureItemDescription />
      <UnitQty>יח`</UnitQty>
      <Quantity>7</Quantity>
      <UnitMeasure>100 מ"ל</UnitMeasure>
      <BisWeighted>0</BisWeighted>
      <QtyInPackage>1</QtyInPackage>
      <ItemPrice>11.90</ItemPrice>
      <UnitOfMeasurePrice>1.70</UnitOfMeasurePrice>
      <AllowDiscount>1</AllowDiscount>
      <itemStatus>1</itemStatus>
      <LastUpdateDate />
      <LastUpdateTime />
    </Product>
    <Product>
      <PriceUpdateDate>2019/01/30 09:36</PriceUpdateDate>
      <ItemCode>7290006788061</ItemCode>
      <ItemType>1</ItemType>
      <ItemName>מרכך 10 קרליין</ItemName>
      <ManufactureName>החברה הדרומית לשיווק בעמ</ManufactureName>
      <ManufactureCountry />
      <ManufactureItemDescription />
      <UnitQty>יח`</UnitQty>
      <Quantity>7</Quantity>
      <UnitMeasure>100 מ"ל</UnitMeasure>
      <BisWeighted>0</BisWeighted>
      <QtyInPackage>1</QtyInPackage>
      <ItemPrice>11.90</ItemPrice>
      <UnitOfMeasurePrice>1.70</UnitOfMeasurePrice>
      <AllowDiscount>1</AllowDiscount>
      <itemStatus>1</itemStatus>
      <LastUpdateDate />
      <LastUpdateTime />
    </Product>
    <Product>
      <PriceUpdateDate>2019/01/30 09:36</PriceUpdateDate>
      <ItemCode>7290006788078</ItemCode>
      <ItemType>1</ItemType>
      <ItemName>מרכך 10 ירוק קרליין</ItemName>
      <ManufactureName>החברה הדרומית לשיווק בעמ</ManufactureName>
      <ManufactureCountry />
      <ManufactureItemDescription />
      <UnitQty>יח`</UnitQty>
      <Quantity>7</Quantity>
      <UnitMeasure>100 מ"ל</UnitMeasure>
      <BisWeighted>0</BisWeighted>
      <QtyInPackage>1</QtyInPackage>
      <ItemPrice>11.90</ItemPrice>
      <UnitOfMeasurePrice>1.70</UnitOfMeasurePrice>
      <AllowDiscount>1</AllowDiscount>
      <itemStatus>1</itemStatus>
      <LastUpdateDate />
      <LastUpdateTime />
    </Product>
    <Product>
      <PriceUpdateDate>2019/01/30 09:36</PriceUpdateDate>
      <ItemCode>7290006788085</ItemCode>
      <ItemType>1</ItemType>
      <ItemName>מרכך 10 אדום קרליין</ItemName>
      <ManufactureName>החברה הדרומית לשיווק בעמ</ManufactureName>
      <ManufactureCountry />
      <ManufactureItemDescription />
      <UnitQty>יח`</UnitQty>
      <Quantity>7</Quantity>
      <UnitMeasure>100 מ"ל</UnitMeasure>
      <BisWeighted>0</BisWeighted>
      <QtyInPackage>1</QtyInPackage>
      <ItemPrice>11.90</ItemPrice>
      <UnitOfMeasurePrice>1.70</UnitOfMeasurePrice>
      <AllowDiscount>1</AllowDiscount>
      <itemStatus>1</itemStatus>
      <LastUpdateDate />
      <LastUpdateTime />
    </Product>
    <Product>
      <PriceUpdateDate>2019/01/30 09:36</PriceUpdateDate>
      <ItemCode>7290006788092</ItemCode>
      <ItemType>1</ItemType>
      <ItemName>מרכך 10 סגול קרליין</ItemName>
      <ManufactureName>החברה הדרומית לשיווק בעמ</ManufactureName>
      <ManufactureCountry />
      <ManufactureItemDescription />
      <UnitQty>יח`</UnitQty>
      <Quantity>7</Quantity>
      <UnitMeasure>100 מ"ל</UnitMeasure>
      <BisWeighted>0</BisWeighted>
      <QtyInPackage>1</QtyInPackage>
      <ItemPrice>11.90</ItemPrice>
      <UnitOfMeasurePrice>1.70</UnitOfMeasurePrice>
      <AllowDiscount>1</AllowDiscount>
      <itemStatus>1</itemStatus>
      <LastUpdateDate />
      <LastUpdateTime />
    </Product>
    <Product>
      <PriceUpdateDate>2018/04/24 10:04</PriceUpdateDate>
      <ItemCode>7290006788405</ItemCode>
      <ItemType>1</ItemType>
      <ItemName>דאו נושם רול און קרליין</ItemName>
      <ManufactureName>החברה הדרומית לשיווק בעמ</ManufactureName>
      <ManufactureCountry />
      <ManufactureItemDescription />
      <UnitQty>יח`</UnitQty>
      <Quantity>0.75</Quantity>
      <UnitMeasure>100 גרם</UnitMeasure>
      <BisWeighted>0</BisWeighted>
      <QtyInPackage>1</QtyInPackage>
      <ItemPrice>12.90</ItemPrice>
      <UnitOfMeasurePrice>17.20</UnitOfMeasurePrice>
      <AllowDiscount>1</AllowDiscount>
      <itemStatus>1</itemStatus>
      <LastUpdateDate />
      <LastUpdateTime />
    </Product>
    <Product>
      <PriceUpdateDate>2018/04/24 10:05</PriceUpdateDate>
      <ItemCode>7290006788436</ItemCode>
      <ItemType>1</ItemType>
      <ItemName>דאו נושם רול און קרליין בורדו</ItemName>
      <ManufactureName>החברה הדרומית לשיווק בעמ</ManufactureName>
      <ManufactureCountry />
      <ManufactureItemDescription />
      <UnitQty>יח`</UnitQty>
      <Quantity>0.75</Quantity>
      <UnitMeasure>100 גרם</UnitMeasure>
      <BisWeighted>0</BisWeighted>
      <QtyInPackage>1</QtyInPackage>
      <ItemPrice>12.90</ItemPrice>
      <UnitOfMeasurePrice>17.20</UnitOfMeasurePrice>
      <AllowDiscount>1</AllowDiscount>
      <itemStatus>1</itemStatus>
      <LastUpdateDate />
      <LastUpdateTime />
    </Product>
    <Product>
      <PriceUpdateDate>2019/11/12 10:23</PriceUpdateDate>
      <ItemCode>7290006788559</ItemCode>
      <ItemType>1</ItemType>
      <ItemName>דאו תרסיס טיטניום</ItemName>
      <ManufactureName>החברה הדרומית לשיווק בעמ</ManufactureName>
      <ManufactureCountry />
      <ManufactureItemDescription />
      <UnitQty>יח`</UnitQty>
      <Quantity>1.80</Quantity>
      <UnitMeasure>100 מ"ל</UnitMeasure>
      <BisWeighted>0</BisWeighted>
      <QtyInPackage>1</QtyInPackage>
      <ItemPrice>14.90</ItemPrice>
      <UnitOfMeasurePrice>8.28</UnitOfMeasurePrice>
      <AllowDiscount>0</AllowDiscount>
      <itemStatus>1</itemStatus>
      <LastUpdateDate />
      <LastUpdateTime />
    </Product>
    <Product>
      <PriceUpdateDate>2019/01/30 09:36</PriceUpdateDate>
      <ItemCode>7290006788689</ItemCode>
      <ItemType>1</ItemType>
      <ItemName>שמפו ומרכך 10 קרליין</ItemName>
      <ManufactureName>החברה הדרומית לשיווק בעמ</ManufactureName>
      <ManufactureCountry />
      <ManufactureItemDescription />
      <UnitQty>יח`</UnitQty>
      <Quantity>7</Quantity>
      <UnitMeasure>100 מ"ל</UnitMeasure>
      <BisWeighted>0</BisWeighted>
      <QtyInPackage>1</QtyInPackage>
      <ItemPrice>11.90</ItemPrice>
      <UnitOfMeasurePrice>1.70</UnitOfMeasurePrice>
      <AllowDiscount>1</AllowDiscount>
      <itemStatus>1</itemStatus>
      <LastUpdateDate />
      <LastUpdateTime />
    </Product>
    <Product>
      <PriceUpdateDate>2018/04/24 09:21</PriceUpdateDate>
      <ItemCode>7290006805850</ItemCode>
      <ItemType>1</ItemType>
      <ItemName>תערובת להכנת פנקייקס פילסברי (500 גרם)</ItemName>
      <ManufactureName>ליימן שליסל בעמ</ManufactureName>
      <ManufactureCountry />
      <ManufactureItemDescription />
      <UnitQty>יח`</UnitQty>
      <Quantity>5</Quantity>
      <UnitMeasure>100 גרם</UnitMeasure>
      <BisWeighted>0</BisWeighted>
      <QtyInPackage>1</QtyInPackage>
      <ItemPrice>18.90</ItemPrice>
      <UnitOfMeasurePrice>3.78</UnitOfMeasurePrice>
      <AllowDiscount>1</AllowDiscount>
      <itemStatus>1</itemStatus>
      <LastUpdateDate />
      <LastUpdateTime />
    </Product>
    <Product>
      <PriceUpdateDate>2018/11/12 07:49</PriceUpdateDate>
      <ItemCode>7290006822192</ItemCode>
      <ItemType>1</ItemType>
      <ItemName>פריגת אושן ספריי 1 ליטר</ItemName>
      <ManufactureName>החברה המרכזית להפצת משקאות בעמ</ManufactureName>
      <ManufactureCountry />
      <ManufactureItemDescription />
      <UnitQty>יח`</UnitQty>
      <Quantity>1</Quantity>
      <UnitMeasure>1 ליטר</UnitMeasure>
      <BisWeighted>0</BisWeighted>
      <QtyInPackage>1</QtyInPackage>
      <ItemPrice>10.90</ItemPrice>
      <UnitOfMeasurePrice>10.90</UnitOfMeasurePrice>
      <AllowDiscount>0</AllowDiscount>
      <itemStatus>1</itemStatus>
      <LastUpdateDate />
      <LastUpdateTime />
    </Product>
    <Product>
      <PriceUpdateDate>2020/02/27 08:11</PriceUpdateDate>
      <ItemCode>7290006866967</ItemCode>
      <ItemType>1</ItemType>
      <ItemName>נקטר חמוציות 1 ליטר פרימור</ItemName>
      <ManufactureName>גניר (1992) בעמ</ManufactureName>
      <ManufactureCountry />
      <ManufactureItemDescription />
      <UnitQty>יח`</UnitQty>
      <Quantity>1</Quantity>
      <UnitMeasure />
      <BisWeighted>0</BisWeighted>
      <QtyInPackage>1</QtyInPackage>
      <ItemPrice>8</ItemPrice>
      <UnitOfMeasurePrice>8</UnitOfMeasurePrice>
      <AllowDiscount>0</AllowDiscount>
      <itemStatus>1</itemStatus>
      <LastUpdateDate />
      <LastUpdateTime />
    </Product>
    <Product>
      <PriceUpdateDate>2018/04/24 10:15</PriceUpdateDate>
      <ItemCode>7290006869449</ItemCode>
      <ItemType>1</ItemType>
      <ItemName>לבן 3% טרה (150 מל)</ItemName>
      <ManufactureName>החב` המרכזית - טרה</ManufactureName>
      <ManufactureCountry />
      <ManufactureItemDescription />
      <UnitQty>יח`</UnitQty>
      <Quantity>1.50</Quantity>
      <UnitMeasure>100 מ"ל</UnitMeasure>
      <BisWeighted>0</BisWeighted>
      <QtyInPackage>1</QtyInPackage>
      <ItemPrice>1.05</ItemPrice>
      <UnitOfMeasurePrice>0.70</UnitOfMeasurePrice>
      <AllowDiscount>0</AllowDiscount>
      <itemStatus>1</itemStatus>
      <LastUpdateDate />
      <LastUpdateTime />
    </Product>
    <Product>
      <PriceUpdateDate>2018/04/24 10:47</PriceUpdateDate>
      <ItemCode>7290006908131</ItemCode>
      <ItemType>1</ItemType>
      <ItemName>בוטן בקליפה 400 גר`</ItemName>
      <ManufactureName>בוטנת בעמ</ManufactureName>
      <ManufactureCountry />
      <ManufactureItemDescription />
      <UnitQty>יח`</UnitQty>
      <Quantity>4</Quantity>
      <UnitMeasure>100 גרם</UnitMeasure>
      <BisWeighted>0</BisWeighted>
      <QtyInPackage>1</QtyInPackage>
      <ItemPrice>12.90</ItemPrice>
      <UnitOfMeasurePrice>3.23</UnitOfMeasurePrice>
      <AllowDiscount>0</AllowDiscount>
      <itemStatus>1</itemStatus>
      <LastUpdateDate />
      <LastUpdateTime />
    </Product>
    <Product>
      <PriceUpdateDate>2018/04/24 10:47</PriceUpdateDate>
      <ItemCode>7290006908414</ItemCode>
      <ItemType>1</ItemType>
      <ItemName>חמנייה 400 גרם</ItemName>
      <ManufactureName>בוטנת בעמ</ManufactureName>
      <ManufactureCountry />
      <ManufactureItemDescription />
      <UnitQty>יח`</UnitQty>
      <Quantity>4</Quantity>
      <UnitMeasure>100 גרם</UnitMeasure>
      <BisWeighted>0</BisWeighted>
      <QtyInPackage>1</QtyInPackage>
      <ItemPrice>10.90</ItemPrice>
      <UnitOfMeasurePrice>2.73</UnitOfMeasurePrice>
      <AllowDiscount>0</AllowDiscount>
      <itemStatus>1</itemStatus>
      <LastUpdateDate />
      <LastUpdateTime />
    </Product>
    <Product>
      <PriceUpdateDate>2018/04/24 10:21</PriceUpdateDate>
      <ItemCode>7290006941350</ItemCode>
      <ItemType>1</ItemType>
      <ItemName>צלחות קטנות 100  יח`המותג</ItemName>
      <ManufactureName>דין שיווק - עטרת</ManufactureName>
      <ManufactureCountry />
      <ManufactureItemDescription />
      <UnitQty>יח`</UnitQty>
      <Quantity>1</Quantity>
      <UnitMeasure />
      <BisWeighted>0</BisWeighted>
      <QtyInPackage>1</QtyInPackage>
      <ItemPrice>10.90</ItemPrice>
      <UnitOfMeasurePrice>10.90</UnitOfMeasurePrice>
      <AllowDiscount>0</AllowDiscount>
      <itemStatus>1</itemStatus>
      <LastUpdateDate />
      <LastUpdateTime />
    </Product>
    <Product>
      <PriceUpdateDate>2018/04/24 09:47</PriceUpdateDate>
      <ItemCode>7290006983152</ItemCode>
      <ItemType>1</ItemType>
      <ItemName>קרוטונים מתובלים למרק אסם (400 גרם)</ItemName>
      <ManufactureName>קבוצת אסם סחר שות. מוגבלת</ManufactureName>
      <ManufactureCountry />
      <ManufactureItemDescription />
      <UnitQty>יח`</UnitQty>
      <Quantity>4</Quantity>
      <UnitMeasure>100 גרם</UnitMeasure>
      <BisWeighted>0</BisWeighted>
      <QtyInPackage>1</QtyInPackage>
      <ItemPrice>19.90</ItemPrice>
      <UnitOfMeasurePrice>4.98</UnitOfMeasurePrice>
      <AllowDiscount>0</AllowDiscount>
      <itemStatus>1</itemStatus>
      <LastUpdateDate />
      <LastUpdateTime />
    </Product>
    <Product>
      <PriceUpdateDate>2018/04/24 09:47</PriceUpdateDate>
      <ItemCode>7290006983176</ItemCode>
      <ItemType>1</ItemType>
      <ItemName>קרקר לחמית שיפון אסם (230 גרם)</ItemName>
      <ManufactureName>קבוצת אסם סחר שות. מוגבלת</ManufactureName>
      <ManufactureCountry />
      <ManufactureItemDescription />
      <UnitQty>יח`</UnitQty>
      <Quantity>2.30</Quantity>
      <UnitMeasure>100 גרם</UnitMeasure>
      <BisWeighted>0</BisWeighted>
      <QtyInPackage>1</QtyInPackage>
      <ItemPrice>8.90</ItemPrice>
      <UnitOfMeasurePrice>3.87</UnitOfMeasurePrice>
      <AllowDiscount>1</AllowDiscount>
      <itemStatus>1</itemStatus>
      <LastUpdateDate />
      <LastUpdateTime />
    </Product>
    <Product>
      <PriceUpdateDate>2019/01/07 10:57</PriceUpdateDate>
      <ItemCode>7290006983206</ItemCode>
      <ItemType>1</ItemType>
      <ItemName>פלאפל בקלי קלות 90 גר`</ItemName>
      <ManufactureName>קבוצת אסם סחר שות. מוגבלת</ManufactureName>
      <ManufactureCountry />
      <ManufactureItemDescription />
      <UnitQty>יח`</UnitQty>
      <Quantity>0.90</Quantity>
      <UnitMeasure>100 גרם</UnitMeasure>
      <BisWeighted>0</BisWeighted>
      <QtyInPackage>1</QtyInPackage>
      <ItemPrice>10.90</ItemPrice>
      <UnitOfMeasurePrice>12.11</UnitOfMeasurePrice>
      <AllowDiscount>0</AllowDiscount>
      <itemStatus>1</itemStatus>
      <LastUpdateDate />
      <LastUpdateTime />
    </Product>
    <Product>
      <PriceUpdateDate>2018/07/08 11:12</PriceUpdateDate>
      <ItemCode>7290006983763</ItemCode>
      <ItemType>1</ItemType>
      <ItemName>עוגת הבית בטעם שוקולד אסם (400 גרם)</ItemName>
      <ManufactureName>קבוצת אסם סחר שות. מוגבלת</ManufactureName>
      <ManufactureCountry />
      <ManufactureItemDescription />
      <UnitQty>יח`</UnitQty>
      <Quantity>4</Quantity>
      <UnitMeasure>100 גרם</UnitMeasure>
      <BisWeighted>0</BisWeighted>
      <QtyInPackage>1</QtyInPackage>
      <ItemPrice>11.90</ItemPrice>
      <UnitOfMeasurePrice>2.98</UnitOfMeasurePrice>
      <AllowDiscount>0</AllowDiscount>
      <itemStatus>1</itemStatus>
      <LastUpdateDate />
      <LastUpdateTime />
    </Product>
    <Product>
      <PriceUpdateDate>2018/07/08 11:12</PriceUpdateDate>
      <ItemCode>7290006983770</ItemCode>
      <ItemType>1</ItemType>
      <ItemName>עוגת הבית שיש אסם (400 גרם)</ItemName>
      <ManufactureName>קבוצת אסם סחר שות. מוגבלת</ManufactureName>
      <ManufactureCountry />
      <ManufactureItemDescription />
      <UnitQty>יח`</UnitQty>
      <Quantity>4</Quantity>
      <UnitMeasure>100 גרם</UnitMeasure>
      <BisWeighted>0</BisWeighted>
      <QtyInPackage>1</QtyInPackage>
      <ItemPrice>11.90</ItemPrice>
      <UnitOfMeasurePrice>2.98</UnitOfMeasurePrice>
      <AllowDiscount>0</AllowDiscount>
      <itemStatus>1</itemStatus>
      <LastUpdateDate />
      <LastUpdateTime />
    </Product>
    <Product>
      <PriceUpdateDate>2018/07/08 11:12</PriceUpdateDate>
      <ItemCode>7290006983787</ItemCode>
      <ItemType>1</ItemType>
      <ItemName>עוגת הבית שוקוצ`יפס אסם (400 גרם)</ItemName>
      <ManufactureName>קבוצת אסם סחר שות. מוגבלת</ManufactureName>
      <ManufactureCountry />
      <ManufactureItemDescription />
      <UnitQty>יח`</UnitQty>
      <Quantity>4</Quantity>
      <UnitMeasure>100 גרם</UnitMeasure>
      <BisWeighted>0</BisWeighted>
      <QtyInPackage>1</QtyInPackage>
      <ItemPrice>11.90</ItemPrice>
      <UnitOfMeasurePrice>2.98</UnitOfMeasurePrice>
      <AllowDiscount>0</AllowDiscount>
      <itemStatus>1</itemStatus>
      <LastUpdateDate />
      <LastUpdateTime />
    </Product>
    <Product>
      <PriceUpdateDate>2018/07/08 11:12</PriceUpdateDate>
      <ItemCode>7290006983794</ItemCode>
      <ItemType>1</ItemType>
      <ItemName>עוגת הבית תפוז אסם (400 גרם)</ItemName>
      <ManufactureName>קבוצת אסם סחר שות. מוגבלת</ManufactureName>
      <ManufactureCountry />
      <ManufactureItemDescription />
      <UnitQty>יח`</UnitQty>
      <Quantity>4</Quantity>
      <UnitMeasure>100 גרם</UnitMeasure>
      <BisWeighted>0</BisWeighted>
      <QtyInPackage>1</QtyInPackage>
      <ItemPrice>11.90</ItemPrice>
      <UnitOfMeasurePrice>2.98</UnitOfMeasurePrice>
      <AllowDiscount>0</AllowDiscount>
      <itemStatus>1</itemStatus>
      <LastUpdateDate />
      <LastUpdateTime />
    </Product>
    <Product>
      <PriceUpdateDate>2018/04/24 09:50</PriceUpdateDate>
      <ItemCode>7290006992161</ItemCode>
      <ItemType>1</ItemType>
      <ItemName>דייסת קורנפלור מטרנה (200 גרם)</ItemName>
      <ManufactureName>קבוצת אסם סחר שות. מוגבלת</ManufactureName>
      <ManufactureCountry />
      <ManufactureItemDescription />
      <UnitQty>יח`</UnitQty>
      <Quantity>2</Quantity>
      <UnitMeasure>100 גרם</UnitMeasure>
      <BisWeighted>0</BisWeighted>
      <QtyInPackage>1</QtyInPackage>
      <ItemPrice>12.90</ItemPrice>
      <UnitOfMeasurePrice>6.45</UnitOfMeasurePrice>
      <AllowDiscount>0</AllowDiscount>
      <itemStatus>1</itemStatus>
      <LastUpdateDate />
      <LastUpdateTime />
    </Product>
    <Product>
      <PriceUpdateDate>2018/04/24 09:50</PriceUpdateDate>
      <ItemCode>7290006992390</ItemCode>
      <ItemType>1</ItemType>
      <ItemName>דייסת וניל מטרנה (200 גרם)</ItemName>
      <ManufactureName>קבוצת אסם סחר שות. מוגבלת</ManufactureName>
      <ManufactureCountry />
      <ManufactureItemDescription />
      <UnitQty>יח`</UnitQty>
      <Quantity>2</Quantity>
      <UnitMeasure>100 גרם</UnitMeasure>
      <BisWeighted>0</BisWeighted>
      <QtyInPackage>1</QtyInPackage>
      <ItemPrice>12.90</ItemPrice>
      <UnitOfMeasurePrice>6.45</UnitOfMeasurePrice>
      <AllowDiscount>0</AllowDiscount>
      <itemStatus>1</itemStatus>
      <LastUpdateDate />
      <LastUpdateTime />
    </Product>
    <Product>
      <PriceUpdateDate>2019/06/02 11:35</PriceUpdateDate>
      <ItemCode>7290008000246</ItemCode>
      <ItemType>1</ItemType>
      <ItemName>שטיפה אינטימית אלוורה פמינה (220 מל)</ItemName>
      <ManufactureName>גורי ע.ע.ע בעמ</ManufactureName>
      <ManufactureCountry />
      <ManufactureItemDescription />
      <UnitQty>יח`</UnitQty>
      <Quantity>2.20</Quantity>
      <UnitMeasure>100 מ"ל</UnitMeasure>
      <BisWeighted>0</BisWeighted>
      <QtyInPackage>1</QtyInPackage>
      <ItemPrice>22.90</ItemPrice>
      <UnitOfMeasurePrice>10.41</UnitOfMeasurePrice>
      <AllowDiscount>0</AllowDiscount>
      <itemStatus>1</itemStatus>
      <LastUpdateDate />
      <LastUpdateTime />
    </Product>
    <Product>
      <PriceUpdateDate>2018/04/24 09:46</PriceUpdateDate>
      <ItemCode>7290008000796</ItemCode>
      <ItemType>1</ItemType>
      <ItemName>סופרמן משחת שיניים לילדים</ItemName>
      <ManufactureName>גורי ע.ע.ע בעמ</ManufactureName>
      <ManufactureCountry />
      <ManufactureItemDescription />
      <UnitQty>יח`</UnitQty>
      <Quantity>0.50</Quantity>
      <UnitMeasure>100 גרם</UnitMeasure>
      <BisWeighted>0</BisWeighted>
      <QtyInPackage>1</QtyInPackage>
      <ItemPrice>9.90</ItemPrice>
      <UnitOfMeasurePrice>19.80</UnitOfMeasurePrice>
      <AllowDiscount>0</AllowDiscount>
      <itemStatus>1</itemStatus>
      <LastUpdateDate />
      <LastUpdateTime />
    </Product>
    <Product>
      <PriceUpdateDate>2018/04/24 09:46</PriceUpdateDate>
      <ItemCode>7290008000826</ItemCode>
      <ItemType>1</ItemType>
      <ItemName>ברבי משחת שיניים לילדים</ItemName>
      <ManufactureName>גורי ע.ע.ע בעמ</ManufactureName>
      <ManufactureCountry />
      <ManufactureItemDescription />
      <UnitQty>יח`</UnitQty>
      <Quantity>0.50</Quantity>
      <UnitMeasure>100 גרם</UnitMeasure>
      <BisWeighted>0</BisWeighted>
      <QtyInPackage>1</QtyInPackage>
      <ItemPrice>9.90</ItemPrice>
      <UnitOfMeasurePrice>19.80</UnitOfMeasurePrice>
      <AllowDiscount>0</AllowDiscount>
      <itemStatus>1</itemStatus>
      <LastUpdateDate />
      <LastUpdateTime />
    </Product>
    <Product>
      <PriceUpdateDate>2018/04/24 13:22</PriceUpdateDate>
      <ItemCode>7290008021043</ItemCode>
      <ItemType>1</ItemType>
      <ItemName>שמפו לשיער רגיל פינוק (700 מל)</ItemName>
      <ManufactureName>יוניליוור ישראל שיווק בעמ</ManufactureName>
      <ManufactureCountry />
      <ManufactureItemDescription />
      <UnitQty>יח`</UnitQty>
      <Quantity>7</Quantity>
      <UnitMeasure>100 מ"ל</UnitMeasure>
      <BisWeighted>0</BisWeighted>
      <QtyInPackage>1</QtyInPackage>
      <ItemPrice>12.90</ItemPrice>
      <UnitOfMeasurePrice>1.84</UnitOfMeasurePrice>
      <AllowDiscount>1</AllowDiscount>
      <itemStatus>1</itemStatus>
      <LastUpdateDate />
      <LastUpdateTime />
    </Product>
    <Product>
      <PriceUpdateDate>2018/04/24 13:22</PriceUpdateDate>
      <ItemCode>7290008021050</ItemCode>
      <ItemType>1</ItemType>
      <ItemName>שמפו לשיער יבש ופגום פינוק (700 מל)</ItemName>
      <ManufactureName>יוניליוור ישראל שיווק בעמ</ManufactureName>
      <ManufactureCountry />
      <ManufactureItemDescription />
      <UnitQty>יח`</UnitQty>
      <Quantity>7</Quantity>
      <UnitMeasure>100 מ"ל</UnitMeasure>
      <BisWeighted>0</BisWeighted>
      <QtyInPackage>1</QtyInPackage>
      <ItemPrice>12.90</ItemPrice>
      <UnitOfMeasurePrice>1.84</UnitOfMeasurePrice>
      <AllowDiscount>1</AllowDiscount>
      <itemStatus>1</itemStatus>
      <LastUpdateDate />
      <LastUpdateTime />
    </Product>
    <Product>
      <PriceUpdateDate>2018/04/24 13:22</PriceUpdateDate>
      <ItemCode>7290008021104</ItemCode>
      <ItemType>1</ItemType>
      <ItemName>מרכך לשיער רגיל פינוק (700 מל)</ItemName>
      <ManufactureName>יוניליוור ישראל שיווק בעמ</ManufactureName>
      <ManufactureCountry />
      <ManufactureItemDescription />
      <UnitQty>יח`</UnitQty>
      <Quantity>7</Quantity>
      <UnitMeasure>100 מ"ל</UnitMeasure>
      <BisWeighted>0</BisWeighted>
      <QtyInPackage>1</QtyInPackage>
      <ItemPrice>12.90</ItemPrice>
      <UnitOfMeasurePrice>1.84</UnitOfMeasurePrice>
      <AllowDiscount>1</AllowDiscount>
      <itemStatus>1</itemStatus>
      <LastUpdateDate />
      <LastUpdateTime />
    </Product>
    <Product>
      <PriceUpdateDate>2018/04/24 13:22</PriceUpdateDate>
      <ItemCode>7290008021111</ItemCode>
      <ItemType>1</ItemType>
      <ItemName>מרכך לשיער יבש פינוק (700 מל)</ItemName>
      <ManufactureName>יוניליוור ישראל שיווק בעמ</ManufactureName>
      <ManufactureCountry />
      <ManufactureItemDescription />
      <UnitQty>יח`</UnitQty>
      <Quantity>7</Quantity>
      <UnitMeasure>100 מ"ל</UnitMeasure>
      <BisWeighted>0</BisWeighted>
      <QtyInPackage>1</QtyInPackage>
      <ItemPrice>12.90</ItemPrice>
      <UnitOfMeasurePrice>1.84</UnitOfMeasurePrice>
      <AllowDiscount>1</AllowDiscount>
      <itemStatus>1</itemStatus>
      <LastUpdateDate />
      <LastUpdateTime />
    </Product>
    <Product>
      <PriceUpdateDate>2018/04/24 13:24</PriceUpdateDate>
      <ItemCode>7290008021135</ItemCode>
      <ItemType>1</ItemType>
      <ItemName>שמפו ומרכך לשיער רגיל פינוק (700 מל)</ItemName>
      <ManufactureName>יוניליוור ישראל שיווק בעמ</ManufactureName>
      <ManufactureCountry />
      <ManufactureItemDescription />
      <UnitQty>יח`</UnitQty>
      <Quantity>7</Quantity>
      <UnitMeasure>100 מ"ל</UnitMeasure>
      <BisWeighted>0</BisWeighted>
      <QtyInPackage>1</QtyInPackage>
      <ItemPrice>12.90</ItemPrice>
      <UnitOfMeasurePrice>1.84</UnitOfMeasurePrice>
      <AllowDiscount>1</AllowDiscount>
      <itemStatus>1</itemStatus>
      <LastUpdateDate />
      <LastUpdateTime />
    </Product>
    <Product>
      <PriceUpdateDate>2018/07/08 11:12</PriceUpdateDate>
      <ItemCode>7290008023542</ItemCode>
      <ItemType>1</ItemType>
      <ItemName>סיף פנטסטיק שמפו רצפות 4 ליטר</ItemName>
      <ManufactureName>יוניליוור ישראל שיווק בעמ</ManufactureName>
      <ManufactureCountry />
      <ManufactureItemDescription />
      <UnitQty>יח`</UnitQty>
      <Quantity>40</Quantity>
      <UnitMeasure>100 מ"ל</UnitMeasure>
      <BisWeighted>0</BisWeighted>
      <QtyInPackage>1</QtyInPackage>
      <ItemPrice>19.90</ItemPrice>
      <UnitOfMeasurePrice>0.50</UnitOfMeasurePrice>
      <AllowDiscount>0</AllowDiscount>
      <itemStatus>1</itemStatus>
      <LastUpdateDate />
      <LastUpdateTime />
    </Product>
    <Product>
      <PriceUpdateDate>2018/06/06 17:59</PriceUpdateDate>
      <ItemCode>7290008101257</ItemCode>
      <ItemType>1</ItemType>
      <ItemName>זרעי צ`יה 300 גר` תבליני מימון</ItemName>
      <ManufactureName>א.ל.ייצור ושיווק תבלינים בעמ</ManufactureName>
      <ManufactureCountry />
      <ManufactureItemDescription />
      <UnitQty>יח`</UnitQty>
      <Quantity>3</Quantity>
      <UnitMeasure>100 גרם</UnitMeasure>
      <BisWeighted>0</BisWeighted>
      <QtyInPackage>1</QtyInPackage>
      <ItemPrice>27.90</ItemPrice>
      <UnitOfMeasurePrice>9.30</UnitOfMeasurePrice>
      <AllowDiscount>1</AllowDiscount>
      <itemStatus>1</itemStatus>
      <LastUpdateDate />
      <LastUpdateTime />
    </Product>
    <Product>
      <PriceUpdateDate>2019/02/27 08:57</PriceUpdateDate>
      <ItemCode>7290008116541</ItemCode>
      <ItemType>1</ItemType>
      <ItemName>ליסטרין קול מינט 500 מל</ItemName>
      <ManufactureName>שקד תבל בעמ</ManufactureName>
      <ManufactureCountry />
      <ManufactureItemDescription />
      <UnitQty>יח`</UnitQty>
      <Quantity>5</Quantity>
      <UnitMeasure>100 מ"ל</UnitMeasure>
      <BisWeighted>0</BisWeighted>
      <QtyInPackage>1</QtyInPackage>
      <ItemPrice>19.90</ItemPrice>
      <UnitOfMeasurePrice>3.98</UnitOfMeasurePrice>
      <AllowDiscount>1</AllowDiscount>
      <itemStatus>1</itemStatus>
      <LastUpdateDate />
      <LastUpdateTime />
    </Product>
    <Product>
      <PriceUpdateDate>2019/02/27 08:57</PriceUpdateDate>
      <ItemCode>7290008116565</ItemCode>
      <ItemType>1</ItemType>
      <ItemName>ליסטרין פרש מינט 500 מל</ItemName>
      <ManufactureName>שקד תבל בעמ</ManufactureName>
      <ManufactureCountry />
      <ManufactureItemDescription />
      <UnitQty>יח`</UnitQty>
      <Quantity>5</Quantity>
      <UnitMeasure>100 מ"ל</UnitMeasure>
      <BisWeighted>0</BisWeighted>
      <QtyInPackage>1</QtyInPackage>
      <ItemPrice>19.90</ItemPrice>
      <UnitOfMeasurePrice>3.98</UnitOfMeasurePrice>
      <AllowDiscount>1</AllowDiscount>
      <itemStatus>1</itemStatus>
      <LastUpdateDate />
      <LastUpdateTime />
    </Product>
    <Product>
      <PriceUpdateDate>2018/08/05 11:28</PriceUpdateDate>
      <ItemCode>7290008154222</ItemCode>
      <ItemType>1</ItemType>
      <ItemName>שניצלונים 700 גר` עוף טוב</ItemName>
      <ManufactureName>קבוצת אסם סחר שות. מוגבלת</ManufactureName>
      <ManufactureCountry />
      <ManufactureItemDescription />
      <UnitQty>יח`</UnitQty>
      <Quantity>7</Quantity>
      <UnitMeasure>100 גרם</UnitMeasure>
      <BisWeighted>0</BisWeighted>
      <QtyInPackage>1</QtyInPackage>
      <ItemPrice>19.90</ItemPrice>
      <UnitOfMeasurePrice>2.84</UnitOfMeasurePrice>
      <AllowDiscount>0</AllowDiscount>
      <itemStatus>1</itemStatus>
      <LastUpdateDate />
      <LastUpdateTime />
    </Product>
    <Product>
      <PriceUpdateDate>2019/09/05 12:02</PriceUpdateDate>
      <ItemCode>7290008175173</ItemCode>
      <ItemType>1</ItemType>
      <ItemName>חמאה מפינלנד ללא תוספת מלח (200 גרם)</ItemName>
      <ManufactureName>ג.וילי-פוד אינטרנשיונל בעמ</ManufactureName>
      <ManufactureCountry />
      <ManufactureItemDescription />
      <UnitQty>יח`</UnitQty>
      <Quantity>2</Quantity>
      <UnitMeasure>100 גרם</UnitMeasure>
      <BisWeighted>0</BisWeighted>
      <QtyInPackage>1</QtyInPackage>
      <ItemPrice>11.90</ItemPrice>
      <UnitOfMeasurePrice>5.95</UnitOfMeasurePrice>
      <AllowDiscount>0</AllowDiscount>
      <itemStatus>1</itemStatus>
      <LastUpdateDate />
      <LastUpdateTime />
    </Product>
    <Product>
      <PriceUpdateDate>2018/04/24 09:36</PriceUpdateDate>
      <ItemCode>7290008175210</ItemCode>
      <ItemType>1</ItemType>
      <ItemName>פרמז`נו מגורדת 90 גר`</ItemName>
      <ManufactureName>ג.וילי-פוד אינטרנשיונל בעמ</ManufactureName>
      <ManufactureCountry />
      <ManufactureItemDescription />
      <UnitQty>יח`</UnitQty>
      <Quantity>0.90</Quantity>
      <UnitMeasure>100 גרם</UnitMeasure>
      <BisWeighted>0</BisWeighted>
      <QtyInPackage>1</QtyInPackage>
      <ItemPrice>15.90</ItemPrice>
      <UnitOfMeasurePrice>17.67</UnitOfMeasurePrice>
      <AllowDiscount>1</AllowDiscount>
      <itemStatus>1</itemStatus>
      <LastUpdateDate />
      <LastUpdateTime />
    </Product>
    <Product>
      <PriceUpdateDate>2018/04/24 09:36</PriceUpdateDate>
      <ItemCode>7290008175692</ItemCode>
      <ItemType>1</ItemType>
      <ItemName>איטריות נודלס 400 גר`</ItemName>
      <ManufactureName>ג.וילי-פוד אינטרנשיונל בעמ</ManufactureName>
      <ManufactureCountry />
      <ManufactureItemDescription />
      <UnitQty>יח`</UnitQty>
      <Quantity>4</Quantity>
      <UnitMeasure>100 גרם</UnitMeasure>
      <BisWeighted>0</BisWeighted>
      <QtyInPackage>1</QtyInPackage>
      <ItemPrice>5.90</ItemPrice>
      <UnitOfMeasurePrice>1.48</UnitOfMeasurePrice>
      <AllowDiscount>0</AllowDiscount>
      <itemStatus>1</itemStatus>
      <LastUpdateDate />
      <LastUpdateTime />
    </Product>
    <Product>
      <PriceUpdateDate>2018/07/08 11:12</PriceUpdateDate>
      <ItemCode>7290008190909</ItemCode>
      <ItemType>1</ItemType>
      <ItemName>מיני קוקיס שוקו ציפס 600ג`</ItemName>
      <ManufactureName>כרמית תעשיות ממתקים בעמ</ManufactureName>
      <ManufactureCountry />
      <ManufactureItemDescription />
      <UnitQty>יח`</UnitQty>
      <Quantity>6</Quantity>
      <UnitMeasure>100 גרם</UnitMeasure>
      <BisWeighted>0</BisWeighted>
      <QtyInPackage>1</QtyInPackage>
      <ItemPrice>17.90</ItemPrice>
      <UnitOfMeasurePrice>2.98</UnitOfMeasurePrice>
      <AllowDiscount>1</AllowDiscount>
      <itemStatus>1</itemStatus>
      <LastUpdateDate />
      <LastUpdateTime />
    </Product>
    <Product>
      <PriceUpdateDate>2018/04/24 11:36</PriceUpdateDate>
      <ItemCode>7290008194266</ItemCode>
      <ItemType>1</ItemType>
      <ItemName>ממתקי מארזים 350 גר`</ItemName>
      <ManufactureName>ממתקי השלום בעולם בעמ</ManufactureName>
      <ManufactureCountry />
      <ManufactureItemDescription />
      <UnitQty>יח`</UnitQty>
      <Quantity>3.50</Quantity>
      <UnitMeasure>100 גרם</UnitMeasure>
      <BisWeighted>0</BisWeighted>
      <QtyInPackage>1</QtyInPackage>
      <ItemPrice>12.90</ItemPrice>
      <UnitOfMeasurePrice>3.69</UnitOfMeasurePrice>
      <AllowDiscount>0</AllowDiscount>
      <itemStatus>1</itemStatus>
      <LastUpdateDate />
      <LastUpdateTime />
    </Product>
    <Product>
      <PriceUpdateDate>2018/04/24 13:10</PriceUpdateDate>
      <ItemCode>7290008194839</ItemCode>
      <ItemType>1</ItemType>
      <ItemName>מארז מצופים 300 גר`</ItemName>
      <ManufactureName>ממתקי השלום בעולם בעמ</ManufactureName>
      <ManufactureCountry />
      <ManufactureItemDescription />
      <UnitQty>יח`</UnitQty>
      <Quantity>3</Quantity>
      <UnitMeasure>100 גרם</UnitMeasure>
      <BisWeighted>0</BisWeighted>
      <QtyInPackage>1</QtyInPackage>
      <ItemPrice>12.90</ItemPrice>
      <UnitOfMeasurePrice>4.30</UnitOfMeasurePrice>
      <AllowDiscount>0</AllowDiscount>
      <itemStatus>1</itemStatus>
      <LastUpdateDate />
      <LastUpdateTime />
    </Product>
    <Product>
      <PriceUpdateDate>2018/04/24 09:20</PriceUpdateDate>
      <ItemCode>7290008321143</ItemCode>
      <ItemType>1</ItemType>
      <ItemName>דובדבן</ItemName>
      <ManufactureName>לורס</ManufactureName>
      <ManufactureCountry />
      <ManufactureItemDescription />
      <UnitQty>יח`</UnitQty>
      <Quantity>4</Quantity>
      <UnitMeasure>100 גרם</UnitMeasure>
      <BisWeighted>0</BisWeighted>
      <QtyInPackage>1</QtyInPackage>
      <ItemPrice>10.20</ItemPrice>
      <UnitOfMeasurePrice>2.55</UnitOfMeasurePrice>
      <AllowDiscount>0</AllowDiscount>
      <itemStatus>1</itemStatus>
      <LastUpdateDate />
      <LastUpdateTime />
    </Product>
    <Product>
      <PriceUpdateDate>2019/08/18 14:58</PriceUpdateDate>
      <ItemCode>7290008330107</ItemCode>
      <ItemType>1</ItemType>
      <ItemName>מרכך כביסה סגול בדין (4 ליטר)</ItemName>
      <ManufactureName>יוניליוור ישראל שיווק בעמ</ManufactureName>
      <ManufactureCountry />
      <ManufactureItemDescription />
      <UnitQty>יח`</UnitQty>
      <Quantity>4</Quantity>
      <UnitMeasure>1 ליטר</UnitMeasure>
      <BisWeighted>0</BisWeighted>
      <QtyInPackage>1</QtyInPackage>
      <ItemPrice>19.90</ItemPrice>
      <UnitOfMeasurePrice>4.98</UnitOfMeasurePrice>
      <AllowDiscount>0</AllowDiscount>
      <itemStatus>1</itemStatus>
      <LastUpdateDate />
      <LastUpdateTime />
    </Product>
    <Product>
      <PriceUpdateDate>2018/04/24 09:19</PriceUpdateDate>
      <ItemCode>7290008330381</ItemCode>
      <ItemType>1</ItemType>
      <ItemName>בדין דפי מרכך</ItemName>
      <ManufactureName>יוניליוור ישראל שיווק בעמ</ManufactureName>
      <ManufactureCountry />
      <ManufactureItemDescription />
      <UnitQty>יח`</UnitQty>
      <Quantity>1</Quantity>
      <UnitMeasure />
      <BisWeighted>0</BisWeighted>
      <QtyInPackage>1</QtyInPackage>
      <ItemPrice>18.90</ItemPrice>
      <UnitOfMeasurePrice>18.90</UnitOfMeasurePrice>
      <AllowDiscount>1</AllowDiscount>
      <itemStatus>1</itemStatus>
      <LastUpdateDate />
      <LastUpdateTime />
    </Product>
    <Product>
      <PriceUpdateDate>2018/04/24 09:19</PriceUpdateDate>
      <ItemCode>7290008330398</ItemCode>
      <ItemType>1</ItemType>
      <ItemName>בדין דפי מרכך</ItemName>
      <ManufactureName>יוניליוור ישראל שיווק בעמ</ManufactureName>
      <ManufactureCountry />
      <ManufactureItemDescription />
      <UnitQty>יח`</UnitQty>
      <Quantity>1</Quantity>
      <UnitMeasure />
      <BisWeighted>0</BisWeighted>
      <QtyInPackage>1</QtyInPackage>
      <ItemPrice>18.90</ItemPrice>
      <UnitOfMeasurePrice>18.90</UnitOfMeasurePrice>
      <AllowDiscount>1</AllowDiscount>
      <itemStatus>1</itemStatus>
      <LastUpdateDate />
      <LastUpdateTime />
    </Product>
    <Product>
      <PriceUpdateDate>2019/01/07 10:57</PriceUpdateDate>
      <ItemCode>7290008333115</ItemCode>
      <ItemType>1</ItemType>
      <ItemName>ג`לטין דגים טהור</ItemName>
      <ManufactureName>נטו מלינדה סחר בעמ</ManufactureName>
      <ManufactureCountry />
      <ManufactureItemDescription />
      <UnitQty>יח`</UnitQty>
      <Quantity>0.28</Quantity>
      <UnitMeasure>100 גרם</UnitMeasure>
      <BisWeighted>0</BisWeighted>
      <QtyInPackage>1</QtyInPackage>
      <ItemPrice>10.90</ItemPrice>
      <UnitOfMeasurePrice>38.93</UnitOfMeasurePrice>
      <AllowDiscount>0</AllowDiscount>
      <itemStatus>1</itemStatus>
      <LastUpdateDate />
      <LastUpdateTime />
    </Product>
    <Product>
      <PriceUpdateDate>2018/07/25 08:51</PriceUpdateDate>
      <ItemCode>7290008343466</ItemCode>
      <ItemType>1</ItemType>
      <ItemName>בצק פילו שלושת האופים (500 גרם)</ItemName>
      <ManufactureName>נטו מלינדה סחר בעמ</ManufactureName>
      <ManufactureCountry />
      <ManufactureItemDescription />
      <UnitQty>יח`</UnitQty>
      <Quantity>5</Quantity>
      <UnitMeasure>100 גרם</UnitMeasure>
      <BisWeighted>0</BisWeighted>
      <QtyInPackage>1</QtyInPackage>
      <ItemPrice>19.90</ItemPrice>
      <UnitOfMeasurePrice>3.98</UnitOfMeasurePrice>
      <AllowDiscount>1</AllowDiscount>
      <itemStatus>1</itemStatus>
      <LastUpdateDate />
      <LastUpdateTime />
    </Product>
    <Product>
      <PriceUpdateDate>2018/04/24 09:11</PriceUpdateDate>
      <ItemCode>7290008343473</ItemCode>
      <ItemType>1</ItemType>
      <ItemName>עלי בצק לסיגרים שלושת האופים (500 גרם)</ItemName>
      <ManufactureName>נטו מלינדה סחר בעמ</ManufactureName>
      <ManufactureCountry />
      <ManufactureItemDescription />
      <UnitQty>יח`</UnitQty>
      <Quantity>5</Quantity>
      <UnitMeasure>100 גרם</UnitMeasure>
      <BisWeighted>0</BisWeighted>
      <QtyInPackage>1</QtyInPackage>
      <ItemPrice>11.90</ItemPrice>
      <UnitOfMeasurePrice>2.38</UnitOfMeasurePrice>
      <AllowDiscount>0</AllowDiscount>
      <itemStatus>1</itemStatus>
      <LastUpdateDate />
      <LastUpdateTime />
    </Product>
    <Product>
      <PriceUpdateDate>2018/07/08 11:12</PriceUpdateDate>
      <ItemCode>7290008343503</ItemCode>
      <ItemType>1</ItemType>
      <ItemName>ג`חנון אפוי 650 גר`</ItemName>
      <ManufactureName>נטו מלינדה סחר בעמ</ManufactureName>
      <ManufactureCountry />
      <ManufactureItemDescription />
      <UnitQty>יח`</UnitQty>
      <Quantity>6.50</Quantity>
      <UnitMeasure>100 גרם</UnitMeasure>
      <BisWeighted>0</BisWeighted>
      <QtyInPackage>1</QtyInPackage>
      <ItemPrice>21.90</ItemPrice>
      <UnitOfMeasurePrice>3.37</UnitOfMeasurePrice>
      <AllowDiscount>1</AllowDiscount>
      <itemStatus>1</itemStatus>
      <LastUpdateDate />
      <LastUpdateTime />
    </Product>
    <Product>
      <PriceUpdateDate>2018/10/24 11:45</PriceUpdateDate>
      <ItemCode>7290008343558</ItemCode>
      <ItemType>1</ItemType>
      <ItemName>סיגרים בשר 1 קג שלושת האופים</ItemName>
      <ManufactureName>נטו מלינדה סחר בעמ</ManufactureName>
      <ManufactureCountry />
      <ManufactureItemDescription />
      <UnitQty>יח`</UnitQty>
      <Quantity>10</Quantity>
      <UnitMeasure>100 גרם</UnitMeasure>
      <BisWeighted>0</BisWeighted>
      <QtyInPackage>1</QtyInPackage>
      <ItemPrice>16.90</ItemPrice>
      <UnitOfMeasurePrice>1.69</UnitOfMeasurePrice>
      <AllowDiscount>0</AllowDiscount>
      <itemStatus>1</itemStatus>
      <LastUpdateDate />
      <LastUpdateTime />
    </Product>
    <Product>
      <PriceUpdateDate>2018/10/24 11:45</PriceUpdateDate>
      <ItemCode>7290008343572</ItemCode>
      <ItemType>1</ItemType>
      <ItemName>אגרול סיני 1 קג-שלושת  האופים</ItemName>
      <ManufactureName>נטו מלינדה סחר בעמ</ManufactureName>
      <ManufactureCountry />
      <ManufactureItemDescription />
      <UnitQty>יח`</UnitQty>
      <Quantity>10</Quantity>
      <UnitMeasure>100 גרם</UnitMeasure>
      <BisWeighted>0</BisWeighted>
      <QtyInPackage>1</QtyInPackage>
      <ItemPrice>16.90</ItemPrice>
      <UnitOfMeasurePrice>1.69</UnitOfMeasurePrice>
      <AllowDiscount>0</AllowDiscount>
      <itemStatus>1</itemStatus>
      <LastUpdateDate />
      <LastUpdateTime />
    </Product>
    <Product>
      <PriceUpdateDate>2018/10/24 11:45</PriceUpdateDate>
      <ItemCode>7290008343602</ItemCode>
      <ItemType>1</ItemType>
      <ItemName>קובה בשר מטוגן 1 קג</ItemName>
      <ManufactureName>נטו מלינדה סחר בעמ</ManufactureName>
      <ManufactureCountry />
      <ManufactureItemDescription />
      <UnitQty>יח`</UnitQty>
      <Quantity>10</Quantity>
      <UnitMeasure>100 גרם</UnitMeasure>
      <BisWeighted>0</BisWeighted>
      <QtyInPackage>1</QtyInPackage>
      <ItemPrice>16.90</ItemPrice>
      <UnitOfMeasurePrice>1.69</UnitOfMeasurePrice>
      <AllowDiscount>0</AllowDiscount>
      <itemStatus>1</itemStatus>
      <LastUpdateDate />
      <LastUpdateTime />
    </Product>
    <Product>
      <PriceUpdateDate>2018/10/24 11:45</PriceUpdateDate>
      <ItemCode>7290008343626</ItemCode>
      <ItemType>1</ItemType>
      <ItemName>כדורי פלאפל 1 קג-שלושת  האופים</ItemName>
      <ManufactureName>נטו מלינדה סחר בעמ</ManufactureName>
      <ManufactureCountry />
      <ManufactureItemDescription />
      <UnitQty>יח`</UnitQty>
      <Quantity>10</Quantity>
      <UnitMeasure>100 גרם</UnitMeasure>
      <BisWeighted>0</BisWeighted>
      <QtyInPackage>1</QtyInPackage>
      <ItemPrice>16.90</ItemPrice>
      <UnitOfMeasurePrice>1.69</UnitOfMeasurePrice>
      <AllowDiscount>0</AllowDiscount>
      <itemStatus>1</itemStatus>
      <LastUpdateDate />
      <LastUpdateTime />
    </Product>
    <Product>
      <PriceUpdateDate>2019/01/30 09:36</PriceUpdateDate>
      <ItemCode>7290008344272</ItemCode>
      <ItemType>1</ItemType>
      <ItemName>המבורגר 100% 400 גר` טיבונוויל</ItemName>
      <ManufactureName>נטו מלינדה סחר בעמ</ManufactureName>
      <ManufactureCountry />
      <ManufactureItemDescription />
      <UnitQty>יח`</UnitQty>
      <Quantity>4</Quantity>
      <UnitMeasure>100 גרם</UnitMeasure>
      <BisWeighted>0</BisWeighted>
      <QtyInPackage>1</QtyInPackage>
      <ItemPrice>20.90</ItemPrice>
      <UnitOfMeasurePrice>5.23</UnitOfMeasurePrice>
      <AllowDiscount>1</AllowDiscount>
      <itemStatus>1</itemStatus>
      <LastUpdateDate />
      <LastUpdateTime />
    </Product>
    <Product>
      <PriceUpdateDate>2018/04/24 11:40</PriceUpdateDate>
      <ItemCode>7290008409049</ItemCode>
      <ItemType>1</ItemType>
      <ItemName>מיני מיני דק שניצלונים בציפוי שומשום מאמ</ItemName>
      <ManufactureName>תנובה קפואים</ManufactureName>
      <ManufactureCountry />
      <ManufactureItemDescription />
      <UnitQty>יח`</UnitQty>
      <Quantity>5</Quantity>
      <UnitMeasure>100 גרם</UnitMeasure>
      <BisWeighted>0</BisWeighted>
      <QtyInPackage>1</QtyInPackage>
      <ItemPrice>26.90</ItemPrice>
      <UnitOfMeasurePrice>5.38</UnitOfMeasurePrice>
      <AllowDiscount>0</AllowDiscount>
      <itemStatus>1</itemStatus>
      <LastUpdateDate />
      <LastUpdateTime />
    </Product>
    <Product>
      <PriceUpdateDate>2018/04/24 09:31</PriceUpdateDate>
      <ItemCode>7290008409100</ItemCode>
      <ItemType>1</ItemType>
      <ItemName>אצבעות שניצל שומשום מאמא עוף (700 גרם)</ItemName>
      <ManufactureName>תנובה קפואים</ManufactureName>
      <ManufactureCountry />
      <ManufactureItemDescription />
      <UnitQty>יח`</UnitQty>
      <Quantity>6</Quantity>
      <UnitMeasure>100 גרם</UnitMeasure>
      <BisWeighted>0</BisWeighted>
      <QtyInPackage>1</QtyInPackage>
      <ItemPrice>36</ItemPrice>
      <UnitOfMeasurePrice>6</UnitOfMeasurePrice>
      <AllowDiscount>1</AllowDiscount>
      <itemStatus>1</itemStatus>
      <LastUpdateDate />
      <LastUpdateTime />
    </Product>
    <Product>
      <PriceUpdateDate>2018/04/24 09:31</PriceUpdateDate>
      <ItemCode>7290008409124</ItemCode>
      <ItemType>1</ItemType>
      <ItemName>שניצל ג`ונגל מאמא עוף (700 גרם)</ItemName>
      <ManufactureName>תנובה קפואים</ManufactureName>
      <ManufactureCountry />
      <ManufactureItemDescription />
      <UnitQty>יח`</UnitQty>
      <Quantity>7</Quantity>
      <UnitMeasure>100 גרם</UnitMeasure>
      <BisWeighted>0</BisWeighted>
      <QtyInPackage>1</QtyInPackage>
      <ItemPrice>36</ItemPrice>
      <UnitOfMeasurePrice>5.14</UnitOfMeasurePrice>
      <AllowDiscount>1</AllowDiscount>
      <itemStatus>1</itemStatus>
      <LastUpdateDate />
      <LastUpdateTime />
    </Product>
    <Product>
      <PriceUpdateDate>2019/03/15 08:52</PriceUpdateDate>
      <ItemCode>7290008409216</ItemCode>
      <ItemType>1</ItemType>
      <ItemName>שניצל דק דק פריך מאמא עוף (700 גרם)</ItemName>
      <ManufactureName>תנובה קפואים</ManufactureName>
      <ManufactureCountry />
      <ManufactureItemDescription />
      <UnitQty>יח`</UnitQty>
      <Quantity>7</Quantity>
      <UnitMeasure>100 גרם</UnitMeasure>
      <BisWeighted>0</BisWeighted>
      <QtyInPackage>1</QtyInPackage>
      <ItemPrice>42.90</ItemPrice>
      <UnitOfMeasurePrice>6.13</UnitOfMeasurePrice>
      <AllowDiscount>0</AllowDiscount>
      <itemStatus>1</itemStatus>
      <LastUpdateDate />
      <LastUpdateTime />
    </Product>
    <Product>
      <PriceUpdateDate>2018/04/24 09:18</PriceUpdateDate>
      <ItemCode>7290008409315</ItemCode>
      <ItemType>1</ItemType>
      <ItemName>מיני מינידק שניצלונים בציפוי פריך 500 גר</ItemName>
      <ManufactureName>תנובה קפואים</ManufactureName>
      <ManufactureCountry />
      <ManufactureItemDescription />
      <UnitQty>יח`</UnitQty>
      <Quantity>5</Quantity>
      <UnitMeasure>100 גרם</UnitMeasure>
      <BisWeighted>0</BisWeighted>
      <QtyInPackage>1</QtyInPackage>
      <ItemPrice>26.90</ItemPrice>
      <UnitOfMeasurePrice>5.38</UnitOfMeasurePrice>
      <AllowDiscount>0</AllowDiscount>
      <itemStatus>1</itemStatus>
      <LastUpdateDate />
      <LastUpdateTime />
    </Product>
    <Product>
      <PriceUpdateDate>2019/03/15 08:52</PriceUpdateDate>
      <ItemCode>7290008409407</ItemCode>
      <ItemType>1</ItemType>
      <ItemName>שניצל דק דק צ`יפס מאמא עוף (700 גרם)</ItemName>
      <ManufactureName>תנובה קפואים</ManufactureName>
      <ManufactureCountry />
      <ManufactureItemDescription />
      <UnitQty>יח`</UnitQty>
      <Quantity>1</Quantity>
      <UnitMeasure>100 גרם</UnitMeasure>
      <BisWeighted>0</BisWeighted>
      <QtyInPackage>1</QtyInPackage>
      <ItemPrice>42.90</ItemPrice>
      <UnitOfMeasurePrice>42.90</UnitOfMeasurePrice>
      <AllowDiscount>0</AllowDiscount>
      <itemStatus>1</itemStatus>
      <LastUpdateDate />
      <LastUpdateTime />
    </Product>
    <Product>
      <PriceUpdateDate>2018/08/05 11:28</PriceUpdateDate>
      <ItemCode>7290008409551</ItemCode>
      <ItemType>1</ItemType>
      <ItemName>שניצל עוף ציפוי מעודן מאמא עוף</ItemName>
      <ManufactureName>תנובה קפואים</ManufactureName>
      <ManufactureCountry />
      <ManufactureItemDescription />
      <UnitQty>יח`</UnitQty>
      <Quantity>7</Quantity>
      <UnitMeasure>100 גרם</UnitMeasure>
      <BisWeighted>0</BisWeighted>
      <QtyInPackage>1</QtyInPackage>
      <ItemPrice>42.90</ItemPrice>
      <UnitOfMeasurePrice>6.13</UnitOfMeasurePrice>
      <AllowDiscount>1</AllowDiscount>
      <itemStatus>1</itemStatus>
      <LastUpdateDate />
      <LastUpdateTime />
    </Product>
    <Product>
      <PriceUpdateDate>2018/04/24 09:31</PriceUpdateDate>
      <ItemCode>7290008409568</ItemCode>
      <ItemType>1</ItemType>
      <ItemName>שניצל צ`יפס אמיתי מאמא עוף (700 גרם)</ItemName>
      <ManufactureName>תנובה קפואים</ManufactureName>
      <ManufactureCountry />
      <ManufactureItemDescription />
      <UnitQty>יח`</UnitQty>
      <Quantity>7</Quantity>
      <UnitMeasure>100 גרם</UnitMeasure>
      <BisWeighted>0</BisWeighted>
      <QtyInPackage>1</QtyInPackage>
      <ItemPrice>42.90</ItemPrice>
      <UnitOfMeasurePrice>6.13</UnitOfMeasurePrice>
      <AllowDiscount>1</AllowDiscount>
      <itemStatus>1</itemStatus>
      <LastUpdateDate />
      <LastUpdateTime />
    </Product>
    <Product>
      <PriceUpdateDate>2018/08/05 11:28</PriceUpdateDate>
      <ItemCode>7290008409582</ItemCode>
      <ItemType>1</ItemType>
      <ItemName>שניצל עוף אמיתי ביתי מאמא עוף</ItemName>
      <ManufactureName>תנובה קפואים</ManufactureName>
      <ManufactureCountry />
      <ManufactureItemDescription />
      <UnitQty>יח`</UnitQty>
      <Quantity>7</Quantity>
      <UnitMeasure>100 גרם</UnitMeasure>
      <BisWeighted>0</BisWeighted>
      <QtyInPackage>1</QtyInPackage>
      <ItemPrice>42.90</ItemPrice>
      <UnitOfMeasurePrice>6.13</UnitOfMeasurePrice>
      <AllowDiscount>1</AllowDiscount>
      <itemStatus>1</itemStatus>
      <LastUpdateDate />
      <LastUpdateTime />
    </Product>
    <Product>
      <PriceUpdateDate>2018/04/24 09:42</PriceUpdateDate>
      <ItemCode>7290008409605</ItemCode>
      <ItemType>1</ItemType>
      <ItemName>כוכבי עוף בציפוי מעודן 700 גר` מאמא עוף</ItemName>
      <ManufactureName>תנובה קפואים</ManufactureName>
      <ManufactureCountry />
      <ManufactureItemDescription />
      <UnitQty>יח`</UnitQty>
      <Quantity>7</Quantity>
      <UnitMeasure>100 גרם</UnitMeasure>
      <BisWeighted>0</BisWeighted>
      <QtyInPackage>1</QtyInPackage>
      <ItemPrice>36</ItemPrice>
      <UnitOfMeasurePrice>5.14</UnitOfMeasurePrice>
      <AllowDiscount>1</AllowDiscount>
      <itemStatus>1</itemStatus>
      <LastUpdateDate />
      <LastUpdateTime />
    </Product>
    <Product>
      <PriceUpdateDate>2018/04/24 09:42</PriceUpdateDate>
      <ItemCode>7290008409667</ItemCode>
      <ItemType>1</ItemType>
      <ItemName>טבעות עוף מאמא עוף (700  גרם)*</ItemName>
      <ManufactureName>תנובה קפואים</ManufactureName>
      <ManufactureCountry />
      <ManufactureItemDescription />
      <UnitQty>יח`</UnitQty>
      <Quantity>7</Quantity>
      <UnitMeasure>100 גרם</UnitMeasure>
      <BisWeighted>0</BisWeighted>
      <QtyInPackage>1</QtyInPackage>
      <ItemPrice>36</ItemPrice>
      <UnitOfMeasurePrice>5.14</UnitOfMeasurePrice>
      <AllowDiscount>0</AllowDiscount>
      <itemStatus>1</itemStatus>
      <LastUpdateDate />
      <LastUpdateTime />
    </Product>
    <Product>
      <PriceUpdateDate>2018/04/24 11:26</PriceUpdateDate>
      <ItemCode>7290008415071</ItemCode>
      <ItemType>1</ItemType>
      <ItemName>חומוס עם טחינה צבר (150 גרם)</ItemName>
      <ManufactureName>קבוצת אסם סחר שות. מוגבלת</ManufactureName>
      <ManufactureCountry />
      <ManufactureItemDescription />
      <UnitQty>יח`</UnitQty>
      <Quantity>1.50</Quantity>
      <UnitMeasure>100 גרם</UnitMeasure>
      <BisWeighted>0</BisWeighted>
      <QtyInPackage>1</QtyInPackage>
      <ItemPrice>4.90</ItemPrice>
      <UnitOfMeasurePrice>3.27</UnitOfMeasurePrice>
      <AllowDiscount>0</AllowDiscount>
      <itemStatus>1</itemStatus>
      <LastUpdateDate />
      <LastUpdateTime />
    </Product>
    <Product>
      <PriceUpdateDate>2019/02/01 07:59</PriceUpdateDate>
      <ItemCode>7290008443616</ItemCode>
      <ItemType>1</ItemType>
      <ItemName>נקה 7 מרכך 750 מל ורוד</ItemName>
      <ManufactureName>החברה הדרומית לשיווק בעמ</ManufactureName>
      <ManufactureCountry />
      <ManufactureItemDescription />
      <UnitQty>יח`</UnitQty>
      <Quantity>7.50</Quantity>
      <UnitMeasure>100 מ"ל</UnitMeasure>
      <BisWeighted>0</BisWeighted>
      <QtyInPackage>1</QtyInPackage>
      <ItemPrice>10.90</ItemPrice>
      <UnitOfMeasurePrice>1.45</UnitOfMeasurePrice>
      <AllowDiscount>1</AllowDiscount>
      <itemStatus>1</itemStatus>
      <LastUpdateDate />
      <LastUpdateTime />
    </Product>
    <Product>
      <PriceUpdateDate>2018/04/24 12:03</PriceUpdateDate>
      <ItemCode>7290008453868</ItemCode>
      <ItemType>1</ItemType>
      <ItemName>מארז פרנה</ItemName>
      <ManufactureName>מגוון שיווק והפצת מאפים בעמ</ManufactureName>
      <ManufactureCountry />
      <ManufactureItemDescription />
      <UnitQty>יח`</UnitQty>
      <Quantity>1</Quantity>
      <UnitMeasure />
      <BisWeighted>0</BisWeighted>
      <QtyInPackage>1</QtyInPackage>
      <ItemPrice>12</ItemPrice>
      <UnitOfMeasurePrice>12</UnitOfMeasurePrice>
      <AllowDiscount>0</AllowDiscount>
      <itemStatus>1</itemStatus>
      <LastUpdateDate />
      <LastUpdateTime />
    </Product>
    <Product>
      <PriceUpdateDate>2019/05/21 08:54</PriceUpdateDate>
      <ItemCode>7290008461221</ItemCode>
      <ItemType>1</ItemType>
      <ItemName>סרדין רוברט בשמן חמניות 140 גר`</ItemName>
      <ManufactureName>נטו מלינדה סחר בעמ</ManufactureName>
      <ManufactureCountry />
      <ManufactureItemDescription />
      <UnitQty>יח`</UnitQty>
      <Quantity>1.40</Quantity>
      <UnitMeasure>100 גרם</UnitMeasure>
      <BisWeighted>0</BisWeighted>
      <QtyInPackage>1</QtyInPackage>
      <ItemPrice>8.90</ItemPrice>
      <UnitOfMeasurePrice>6.36</UnitOfMeasurePrice>
      <AllowDiscount>0</AllowDiscount>
      <itemStatus>1</itemStatus>
      <LastUpdateDate />
      <LastUpdateTime />
    </Product>
    <Product>
      <PriceUpdateDate>2018/07/08 11:12</PriceUpdateDate>
      <ItemCode>7290008461238</ItemCode>
      <ItemType>1</ItemType>
      <ItemName>סרדינים בשמן חריף רוברט (115 גרם)</ItemName>
      <ManufactureName>נטו מלינדה סחר בעמ</ManufactureName>
      <ManufactureCountry />
      <ManufactureItemDescription />
      <UnitQty>יח`</UnitQty>
      <Quantity>1.15</Quantity>
      <UnitMeasure>100 גרם</UnitMeasure>
      <BisWeighted>0</BisWeighted>
      <QtyInPackage>1</QtyInPackage>
      <ItemPrice>7.90</ItemPrice>
      <UnitOfMeasurePrice>6.87</UnitOfMeasurePrice>
      <AllowDiscount>0</AllowDiscount>
      <itemStatus>1</itemStatus>
      <LastUpdateDate />
      <LastUpdateTime />
    </Product>
    <Product>
      <PriceUpdateDate>2018/04/24 09:12</PriceUpdateDate>
      <ItemCode>7290008462204</ItemCode>
      <ItemType>1</ItemType>
      <ItemName>חרדל דיז`ון מקורי מאיי (380 גרם)</ItemName>
      <ManufactureName>נטו מלינדה סחר בעמ</ManufactureName>
      <ManufactureCountry />
      <ManufactureItemDescription />
      <UnitQty>יח`</UnitQty>
      <Quantity>3.80</Quantity>
      <UnitMeasure>100 גרם</UnitMeasure>
      <BisWeighted>0</BisWeighted>
      <QtyInPackage>1</QtyInPackage>
      <ItemPrice>14.90</ItemPrice>
      <UnitOfMeasurePrice>3.92</UnitOfMeasurePrice>
      <AllowDiscount>1</AllowDiscount>
      <itemStatus>1</itemStatus>
      <LastUpdateDate />
      <LastUpdateTime />
    </Product>
    <Product>
      <PriceUpdateDate>2020/01/15 08:09</PriceUpdateDate>
      <ItemCode>7290008462259</ItemCode>
      <ItemType>1</ItemType>
      <ItemName>חרדל דיזון חריף 380 מל</ItemName>
      <ManufactureName>נטו מלינדה סחר בעמ</ManufactureName>
      <ManufactureCountry />
      <ManufactureItemDescription />
      <UnitQty>יח`</UnitQty>
      <Quantity>3.80</Quantity>
      <UnitMeasure>100 גרם</UnitMeasure>
      <BisWeighted>0</BisWeighted>
      <QtyInPackage>1</QtyInPackage>
      <ItemPrice>15.90</ItemPrice>
      <UnitOfMeasurePrice>4.18</UnitOfMeasurePrice>
      <AllowDiscount>1</AllowDiscount>
      <itemStatus>1</itemStatus>
      <LastUpdateDate />
      <LastUpdateTime />
    </Product>
    <Product>
      <PriceUpdateDate>2020/01/19 10:34</PriceUpdateDate>
      <ItemCode>7290008464017</ItemCode>
      <ItemType>1</ItemType>
      <ItemName>פפסי סבן אפ דיאט 1.5 שישיה</ItemName>
      <ManufactureName>טמפו משקאות בעמ</ManufactureName>
      <ManufactureCountry />
      <ManufactureItemDescription />
      <UnitQty>יח`</UnitQty>
      <Quantity>9</Quantity>
      <UnitMeasure>1 ליטר</UnitMeasure>
      <BisWeighted>0</BisWeighted>
      <QtyInPackage>1</QtyInPackage>
      <ItemPrice>25.90</ItemPrice>
      <UnitOfMeasurePrice>2.88</UnitOfMeasurePrice>
      <AllowDiscount>1</AllowDiscount>
      <itemStatus>1</itemStatus>
      <LastUpdateDate />
      <LastUpdateTime />
    </Product>
    <Product>
      <PriceUpdateDate>2019/02/20 15:05</PriceUpdateDate>
      <ItemCode>7290008464024</ItemCode>
      <ItemType>1</ItemType>
      <ItemName>בירה לא מסוננת גולדסטאר (500 מל)</ItemName>
      <ManufactureName>טמפו משקאות בעמ</ManufactureName>
      <ManufactureCountry />
      <ManufactureItemDescription />
      <UnitQty>יח`</UnitQty>
      <Quantity>5</Quantity>
      <UnitMeasure>100 מ"ל</UnitMeasure>
      <BisWeighted>0</BisWeighted>
      <QtyInPackage>1</QtyInPackage>
      <ItemPrice>8.50</ItemPrice>
      <UnitOfMeasurePrice>1.64</UnitOfMeasurePrice>
      <AllowDiscount>0</AllowDiscount>
      <itemStatus>1</itemStatus>
      <LastUpdateDate />
      <LastUpdateTime />
    </Product>
    <Product>
      <PriceUpdateDate>2018/10/07 13:01</PriceUpdateDate>
      <ItemCode>7290008464215</ItemCode>
      <ItemType>1</ItemType>
      <ItemName>פיקסי תות ליים 275 מל</ItemName>
      <ManufactureName>טמפו משקאות בעמ</ManufactureName>
      <ManufactureCountry />
      <ManufactureItemDescription />
      <UnitQty>יח`</UnitQty>
      <Quantity>1</Quantity>
      <UnitMeasure />
      <BisWeighted>0</BisWeighted>
      <QtyInPackage>1</QtyInPackage>
      <ItemPrice>4.90</ItemPrice>
      <UnitOfMeasurePrice>4.90</UnitOfMeasurePrice>
      <AllowDiscount>0</AllowDiscount>
      <itemStatus>1</itemStatus>
      <LastUpdateDate />
      <LastUpdateTime />
    </Product>
    <Product>
      <PriceUpdateDate>2019/02/20 15:05</PriceUpdateDate>
      <ItemCode>7290008464468</ItemCode>
      <ItemType>1</ItemType>
      <ItemName>בירה בפחית גולדסטאר (500 מל)</ItemName>
      <ManufactureName>טמפו משקאות בעמ</ManufactureName>
      <ManufactureCountry />
      <ManufactureItemDescription />
      <UnitQty>יח`</UnitQty>
      <Quantity>5</Quantity>
      <UnitMeasure>100 מ"ל</UnitMeasure>
      <BisWeighted>0</BisWeighted>
      <QtyInPackage>1</QtyInPackage>
      <ItemPrice>7.90</ItemPrice>
      <UnitOfMeasurePrice>1.52</UnitOfMeasurePrice>
      <AllowDiscount>0</AllowDiscount>
      <itemStatus>1</itemStatus>
      <LastUpdateDate />
      <LastUpdateTime />
    </Product>
    <Product>
      <PriceUpdateDate>2019/02/18 11:19</PriceUpdateDate>
      <ItemCode>7290008464475</ItemCode>
      <ItemType>1</ItemType>
      <ItemName>בירה מכבי פחית 500 מל</ItemName>
      <ManufactureName>טמפו משקאות בעמ</ManufactureName>
      <ManufactureCountry />
      <ManufactureItemDescription />
      <UnitQty>יח`</UnitQty>
      <Quantity>5</Quantity>
      <UnitMeasure>100 מ"ל</UnitMeasure>
      <BisWeighted>0</BisWeighted>
      <QtyInPackage>1</QtyInPackage>
      <ItemPrice>6.90</ItemPrice>
      <UnitOfMeasurePrice>1.32</UnitOfMeasurePrice>
      <AllowDiscount>0</AllowDiscount>
      <itemStatus>1</itemStatus>
      <LastUpdateDate />
      <LastUpdateTime />
    </Product>
    <Product>
      <PriceUpdateDate>2018/04/24 09:27</PriceUpdateDate>
      <ItemCode>7290008464505</ItemCode>
      <ItemType>1</ItemType>
      <ItemName>מים סאן בנדטו 500 מל</ItemName>
      <ManufactureName>טמפו משקאות בעמ</ManufactureName>
      <ManufactureCountry />
      <ManufactureItemDescription />
      <UnitQty>יח`</UnitQty>
      <Quantity>5</Quantity>
      <UnitMeasure>100 מ"ל</UnitMeasure>
      <BisWeighted>0</BisWeighted>
      <QtyInPackage>1</QtyInPackage>
      <ItemPrice>4.30</ItemPrice>
      <UnitOfMeasurePrice>0.80</UnitOfMeasurePrice>
      <AllowDiscount>0</AllowDiscount>
      <itemStatus>1</itemStatus>
      <LastUpdateDate />
      <LastUpdateTime />
    </Product>
    <Product>
      <PriceUpdateDate>2018/08/05 11:28</PriceUpdateDate>
      <ItemCode>7290008464611</ItemCode>
      <ItemType>1</ItemType>
      <ItemName>מי סודה בקבוק זכוכית טמפו 275 מל</ItemName>
      <ManufactureName>טמפו משקאות בעמ</ManufactureName>
      <ManufactureCountry />
      <ManufactureItemDescription />
      <UnitQty>יח`</UnitQty>
      <Quantity>2.75</Quantity>
      <UnitMeasure>100 מ"ל</UnitMeasure>
      <BisWeighted>0</BisWeighted>
      <QtyInPackage>1</QtyInPackage>
      <ItemPrice>3</ItemPrice>
      <UnitOfMeasurePrice>0.98</UnitOfMeasurePrice>
      <AllowDiscount>0</AllowDiscount>
      <itemStatus>1</itemStatus>
      <LastUpdateDate />
      <LastUpdateTime />
    </Product>
    <Product>
      <PriceUpdateDate>2018/04/24 09:27</PriceUpdateDate>
      <ItemCode>7290008464703</ItemCode>
      <ItemType>1</ItemType>
      <ItemName>בירה מכבי (330x6 מל)</ItemName>
      <ManufactureName>טמפו משקאות בעמ</ManufactureName>
      <ManufactureCountry />
      <ManufactureItemDescription />
      <UnitQty>יח`</UnitQty>
      <Quantity>1.98</Quantity>
      <UnitMeasure>1 ליטר</UnitMeasure>
      <BisWeighted>0</BisWeighted>
      <QtyInPackage>1</QtyInPackage>
      <ItemPrice>33.90</ItemPrice>
      <UnitOfMeasurePrice>16.21</UnitOfMeasurePrice>
      <AllowDiscount>1</AllowDiscount>
      <itemStatus>1</itemStatus>
      <LastUpdateDate />
      <LastUpdateTime />
    </Product>
    <Product>
      <PriceUpdateDate>2019/06/10 10:53</PriceUpdateDate>
      <ItemCode>7290008464741</ItemCode>
      <ItemType>1</ItemType>
      <ItemName>בירה גולדסטאר 330 מל בקבוק שישייה</ItemName>
      <ManufactureName>טמפו משקאות בעמ</ManufactureName>
      <ManufactureCountry />
      <ManufactureItemDescription />
      <UnitQty>יח`</UnitQty>
      <Quantity>19.80</Quantity>
      <UnitMeasure>100 מ"ל</UnitMeasure>
      <BisWeighted>0</BisWeighted>
      <QtyInPackage>1</QtyInPackage>
      <ItemPrice>37.90</ItemPrice>
      <UnitOfMeasurePrice>1.82</UnitOfMeasurePrice>
      <AllowDiscount>1</AllowDiscount>
      <itemStatus>1</itemStatus>
      <LastUpdateDate />
      <LastUpdateTime />
    </Product>
    <Product>
      <PriceUpdateDate>2019/10/02 11:53</PriceUpdateDate>
      <ItemCode>7290008464796</ItemCode>
      <ItemType>1</ItemType>
      <ItemName>בירה היינקן (330x6 מל) שישייה</ItemName>
      <ManufactureName>טמפו משקאות בעמ</ManufactureName>
      <ManufactureCountry />
      <ManufactureItemDescription />
      <UnitQty>יח`</UnitQty>
      <Quantity>19.80</Quantity>
      <UnitMeasure>100 מ"ל</UnitMeasure>
      <BisWeighted>0</BisWeighted>
      <QtyInPackage>1</QtyInPackage>
      <ItemPrice>32.90</ItemPrice>
      <UnitOfMeasurePrice>1.57</UnitOfMeasurePrice>
      <AllowDiscount>0</AllowDiscount>
      <itemStatus>1</itemStatus>
      <LastUpdateDate />
      <LastUpdateTime />
    </Product>
    <Product>
      <PriceUpdateDate>2019/02/21 07:44</PriceUpdateDate>
      <ItemCode>7290008464857</ItemCode>
      <ItemType>1</ItemType>
      <ItemName>סודה אננס 1.5 ליטר רביעייה טמפו</ItemName>
      <ManufactureName>טמפו משקאות בעמ</ManufactureName>
      <ManufactureCountry />
      <ManufactureItemDescription />
      <UnitQty>יח`</UnitQty>
      <Quantity>1</Quantity>
      <UnitMeasure />
      <BisWeighted>0</BisWeighted>
      <QtyInPackage>1</QtyInPackage>
      <ItemPrice>10.90</ItemPrice>
      <UnitOfMeasurePrice>10.90</UnitOfMeasurePrice>
      <AllowDiscount>1</AllowDiscount>
      <itemStatus>1</itemStatus>
      <LastUpdateDate />
      <LastUpdateTime />
    </Product>
    <Product>
      <PriceUpdateDate>2019/02/21 07:44</PriceUpdateDate>
      <ItemCode>7290008464864</ItemCode>
      <ItemType>1</ItemType>
      <ItemName>סודה פירות 1.5 ליטר רביעייה טמפו</ItemName>
      <ManufactureName>טמפו משקאות בעמ</ManufactureName>
      <ManufactureCountry />
      <ManufactureItemDescription />
      <UnitQty>יח`</UnitQty>
      <Quantity>1</Quantity>
      <UnitMeasure />
      <BisWeighted>0</BisWeighted>
      <QtyInPackage>1</QtyInPackage>
      <ItemPrice>10.90</ItemPrice>
      <UnitOfMeasurePrice>10.90</UnitOfMeasurePrice>
      <AllowDiscount>1</AllowDiscount>
      <itemStatus>1</itemStatus>
      <LastUpdateDate />
      <LastUpdateTime />
    </Product>
    <Product>
      <PriceUpdateDate>2018/08/01 13:52</PriceUpdateDate>
      <ItemCode>7290008464987</ItemCode>
      <ItemType>1</ItemType>
      <ItemName>מי סודה טמפו (1.5x6 ליטר)</ItemName>
      <ManufactureName>טמפו משקאות בעמ</ManufactureName>
      <ManufactureCountry />
      <ManufactureItemDescription />
      <UnitQty>יח`</UnitQty>
      <Quantity>9</Quantity>
      <UnitMeasure>1 ליטר</UnitMeasure>
      <BisWeighted>0</BisWeighted>
      <QtyInPackage>1</QtyInPackage>
      <ItemPrice>15.90</ItemPrice>
      <UnitOfMeasurePrice>1.77</UnitOfMeasurePrice>
      <AllowDiscount>1</AllowDiscount>
      <itemStatus>1</itemStatus>
      <LastUpdateDate />
      <LastUpdateTime />
    </Product>
    <Product>
      <PriceUpdateDate>2018/04/24 11:34</PriceUpdateDate>
      <ItemCode>7290008470742</ItemCode>
      <ItemType>1</ItemType>
      <ItemName>מסטיק שמינייה FIVE ספירמינט</ItemName>
      <ManufactureName>מרס ריגלי ישראל בעמ</ManufactureName>
      <ManufactureCountry />
      <ManufactureItemDescription />
      <UnitQty>יח`</UnitQty>
      <Quantity>1</Quantity>
      <UnitMeasure />
      <BisWeighted>0</BisWeighted>
      <QtyInPackage>1</QtyInPackage>
      <ItemPrice>17</ItemPrice>
      <UnitOfMeasurePrice>17</UnitOfMeasurePrice>
      <AllowDiscount>0</AllowDiscount>
      <itemStatus>1</itemStatus>
      <LastUpdateDate />
      <LastUpdateTime />
    </Product>
    <Product>
      <PriceUpdateDate>2018/04/24 12:11</PriceUpdateDate>
      <ItemCode>7290008470759</ItemCode>
      <ItemType>1</ItemType>
      <ItemName>מארז שימינייה אורביט סטיקס</ItemName>
      <ManufactureName>מרס ריגלי ישראל בעמ</ManufactureName>
      <ManufactureCountry />
      <ManufactureItemDescription />
      <UnitQty>יח`</UnitQty>
      <Quantity>1</Quantity>
      <UnitMeasure />
      <BisWeighted>0</BisWeighted>
      <QtyInPackage>1</QtyInPackage>
      <ItemPrice>14.90</ItemPrice>
      <UnitOfMeasurePrice>14.90</UnitOfMeasurePrice>
      <AllowDiscount>0</AllowDiscount>
      <itemStatus>1</itemStatus>
      <LastUpdateDate />
      <LastUpdateTime />
    </Product>
    <Product>
      <PriceUpdateDate>2018/07/25 08:52</PriceUpdateDate>
      <ItemCode>7290008493710</ItemCode>
      <ItemType>1</ItemType>
      <ItemName>מאיר בייגל פרורי גרסיני זהב 200גר</ItemName>
      <ManufactureName>דיפלומט היינץ</ManufactureName>
      <ManufactureCountry />
      <ManufactureItemDescription />
      <UnitQty>יח`</UnitQty>
      <Quantity>2</Quantity>
      <UnitMeasure>100 גרם</UnitMeasure>
      <BisWeighted>0</BisWeighted>
      <QtyInPackage>1</QtyInPackage>
      <ItemPrice>5.90</ItemPrice>
      <UnitOfMeasurePrice>2.95</UnitOfMeasurePrice>
      <AllowDiscount>1</AllowDiscount>
      <itemStatus>1</itemStatus>
      <LastUpdateDate />
      <LastUpdateTime />
    </Product>
    <Product>
      <PriceUpdateDate>2018/04/24 09:50</PriceUpdateDate>
      <ItemCode>7290008535212</ItemCode>
      <ItemType>1</ItemType>
      <ItemName>צ`יפס זיגזג טוגן (800 גרם)</ItemName>
      <ManufactureName>קבוצת אסם סחר שות. מוגבלת</ManufactureName>
      <ManufactureCountry />
      <ManufactureItemDescription />
      <UnitQty>יח`</UnitQty>
      <Quantity>8</Quantity>
      <UnitMeasure>100 גרם</UnitMeasure>
      <BisWeighted>0</BisWeighted>
      <QtyInPackage>1</QtyInPackage>
      <ItemPrice>10.90</ItemPrice>
      <UnitOfMeasurePrice>1.36</UnitOfMeasurePrice>
      <AllowDiscount>0</AllowDiscount>
      <itemStatus>1</itemStatus>
      <LastUpdateDate />
      <LastUpdateTime />
    </Product>
    <Product>
      <PriceUpdateDate>2018/04/24 09:48</PriceUpdateDate>
      <ItemCode>7290008634045</ItemCode>
      <ItemType>1</ItemType>
      <ItemName>פלסטר 30</ItemName>
      <ManufactureName>אינטרסן 1996 בעמ</ManufactureName>
      <ManufactureCountry />
      <ManufactureItemDescription />
      <UnitQty>יח`</UnitQty>
      <Quantity>30</Quantity>
      <UnitMeasure>יח`</UnitMeasure>
      <BisWeighted>0</BisWeighted>
      <QtyInPackage>1</QtyInPackage>
      <ItemPrice>6.90</ItemPrice>
      <UnitOfMeasurePrice>0.23</UnitOfMeasurePrice>
      <AllowDiscount>0</AllowDiscount>
      <itemStatus>1</itemStatus>
      <LastUpdateDate />
      <LastUpdateTime />
    </Product>
    <Product>
      <PriceUpdateDate>2018/04/24 09:48</PriceUpdateDate>
      <ItemCode>7290008634502</ItemCode>
      <ItemType>1</ItemType>
      <ItemName>ניילון נצמד COOK שלישיה.</ItemName>
      <ManufactureName>אינטרסן 1996 בעמ</ManufactureName>
      <ManufactureCountry />
      <ManufactureItemDescription />
      <UnitQty>יח`</UnitQty>
      <Quantity>1</Quantity>
      <UnitMeasure />
      <BisWeighted>0</BisWeighted>
      <QtyInPackage>1</QtyInPackage>
      <ItemPrice>10</ItemPrice>
      <UnitOfMeasurePrice>10</UnitOfMeasurePrice>
      <AllowDiscount>0</AllowDiscount>
      <itemStatus>1</itemStatus>
      <LastUpdateDate />
      <LastUpdateTime />
    </Product>
    <Product>
      <PriceUpdateDate>2019/10/30 10:26</PriceUpdateDate>
      <ItemCode>7290008634663</ItemCode>
      <ItemType>1</ItemType>
      <ItemName>בקבוק לתינוק +0 טוליפס (3)</ItemName>
      <ManufactureName>אינטרסן 1996 בעמ</ManufactureName>
      <ManufactureCountry />
      <ManufactureItemDescription />
      <UnitQty>יח`</UnitQty>
      <Quantity>1</Quantity>
      <UnitMeasure />
      <BisWeighted>0</BisWeighted>
      <QtyInPackage>1</QtyInPackage>
      <ItemPrice>13</ItemPrice>
      <UnitOfMeasurePrice>13</UnitOfMeasurePrice>
      <AllowDiscount>0</AllowDiscount>
      <itemStatus>1</itemStatus>
      <LastUpdateDate />
      <LastUpdateTime />
    </Product>
    <Product>
      <PriceUpdateDate>2018/04/24 09:48</PriceUpdateDate>
      <ItemCode>7290008634854</ItemCode>
      <ItemType>1</ItemType>
      <ItemName>תחליב לתינוק</ItemName>
      <ManufactureName>אינטרסן 1996 בעמ</ManufactureName>
      <ManufactureCountry />
      <ManufactureItemDescription />
      <UnitQty>יח`</UnitQty>
      <Quantity>4.75</Quantity>
      <UnitMeasure>100 מ"ל</UnitMeasure>
      <BisWeighted>0</BisWeighted>
      <QtyInPackage>1</QtyInPackage>
      <ItemPrice>20.90</ItemPrice>
      <UnitOfMeasurePrice>4.40</UnitOfMeasurePrice>
      <AllowDiscount>0</AllowDiscount>
      <itemStatus>1</itemStatus>
      <LastUpdateDate />
      <LastUpdateTime />
    </Product>
    <Product>
      <PriceUpdateDate>2018/04/24 10:12</PriceUpdateDate>
      <ItemCode>7290008636650</ItemCode>
      <ItemType>1</ItemType>
      <ItemName>קמח מצה 500 גר`</ItemName>
      <ManufactureName>מיה תעשיות מזון מ.ת.מ. בעמ</ManufactureName>
      <ManufactureCountry />
      <ManufactureItemDescription />
      <UnitQty>יח`</UnitQty>
      <Quantity>5</Quantity>
      <UnitMeasure>100 גרם</UnitMeasure>
      <BisWeighted>0</BisWeighted>
      <QtyInPackage>1</QtyInPackage>
      <ItemPrice>8.90</ItemPrice>
      <UnitOfMeasurePrice>1.78</UnitOfMeasurePrice>
      <AllowDiscount>0</AllowDiscount>
      <itemStatus>1</itemStatus>
      <LastUpdateDate />
      <LastUpdateTime />
    </Product>
    <Product>
      <PriceUpdateDate>2018/04/24 10:12</PriceUpdateDate>
      <ItemCode>7290008636933</ItemCode>
      <ItemType>1</ItemType>
      <ItemName>אגוזי מלך גרוסים 100 גר`</ItemName>
      <ManufactureName>מיה תעשיות מזון מ.ת.מ. בעמ</ManufactureName>
      <ManufactureCountry />
      <ManufactureItemDescription />
      <UnitQty>יח`</UnitQty>
      <Quantity>1</Quantity>
      <UnitMeasure>100 גרם</UnitMeasure>
      <BisWeighted>0</BisWeighted>
      <QtyInPackage>1</QtyInPackage>
      <ItemPrice>11.90</ItemPrice>
      <UnitOfMeasurePrice>11.90</UnitOfMeasurePrice>
      <AllowDiscount>1</AllowDiscount>
      <itemStatus>1</itemStatus>
      <LastUpdateDate />
      <LastUpdateTime />
    </Product>
    <Product>
      <PriceUpdateDate>2018/04/24 10:12</PriceUpdateDate>
      <ItemCode>7290008636940</ItemCode>
      <ItemType>1</ItemType>
      <ItemName>בוטנים גרוסים 100 גר`</ItemName>
      <ManufactureName>מיה תעשיות מזון מ.ת.מ. בעמ</ManufactureName>
      <ManufactureCountry />
      <ManufactureItemDescription />
      <UnitQty>יח`</UnitQty>
      <Quantity>1</Quantity>
      <UnitMeasure>100 גרם</UnitMeasure>
      <BisWeighted>0</BisWeighted>
      <QtyInPackage>1</QtyInPackage>
      <ItemPrice>5.90</ItemPrice>
      <UnitOfMeasurePrice>5.90</UnitOfMeasurePrice>
      <AllowDiscount>0</AllowDiscount>
      <itemStatus>1</itemStatus>
      <LastUpdateDate />
      <LastUpdateTime />
    </Product>
    <Product>
      <PriceUpdateDate>2018/04/24 10:12</PriceUpdateDate>
      <ItemCode>7290008636964</ItemCode>
      <ItemType>1</ItemType>
      <ItemName>שקדים מולבנים שבבים 100 גר`</ItemName>
      <ManufactureName>מיה תעשיות מזון מ.ת.מ. בעמ</ManufactureName>
      <ManufactureCountry />
      <ManufactureItemDescription />
      <UnitQty>יח`</UnitQty>
      <Quantity>1</Quantity>
      <UnitMeasure>100 גרם</UnitMeasure>
      <BisWeighted>0</BisWeighted>
      <QtyInPackage>1</QtyInPackage>
      <ItemPrice>11.90</ItemPrice>
      <UnitOfMeasurePrice>11.90</UnitOfMeasurePrice>
      <AllowDiscount>1</AllowDiscount>
      <itemStatus>1</itemStatus>
      <LastUpdateDate />
      <LastUpdateTime />
    </Product>
    <Product>
      <PriceUpdateDate>2018/04/24 10:12</PriceUpdateDate>
      <ItemCode>7290008636971</ItemCode>
      <ItemType>1</ItemType>
      <ItemName>שקדים מולבנים שלמים 100 גר`</ItemName>
      <ManufactureName>מיה תעשיות מזון מ.ת.מ. בעמ</ManufactureName>
      <ManufactureCountry />
      <ManufactureItemDescription />
      <UnitQty>יח`</UnitQty>
      <Quantity>1</Quantity>
      <UnitMeasure>100 גרם</UnitMeasure>
      <BisWeighted>0</BisWeighted>
      <QtyInPackage>1</QtyInPackage>
      <ItemPrice>11.90</ItemPrice>
      <UnitOfMeasurePrice>11.90</UnitOfMeasurePrice>
      <AllowDiscount>1</AllowDiscount>
      <itemStatus>1</itemStatus>
      <LastUpdateDate />
      <LastUpdateTime />
    </Product>
    <Product>
      <PriceUpdateDate>2018/04/24 10:12</PriceUpdateDate>
      <ItemCode>7290008636988</ItemCode>
      <ItemType>1</ItemType>
      <ItemName>גרעיני חמניה קלופים 100 גר`</ItemName>
      <ManufactureName>מיה תעשיות מזון מ.ת.מ. בעמ</ManufactureName>
      <ManufactureCountry />
      <ManufactureItemDescription />
      <UnitQty>יח`</UnitQty>
      <Quantity>1</Quantity>
      <UnitMeasure>100 גרם</UnitMeasure>
      <BisWeighted>0</BisWeighted>
      <QtyInPackage>1</QtyInPackage>
      <ItemPrice>4.90</ItemPrice>
      <UnitOfMeasurePrice>4.90</UnitOfMeasurePrice>
      <AllowDiscount>0</AllowDiscount>
      <itemStatus>1</itemStatus>
      <LastUpdateDate />
      <LastUpdateTime />
    </Product>
    <Product>
      <PriceUpdateDate>2018/04/24 10:30</PriceUpdateDate>
      <ItemCode>7290008644112</ItemCode>
      <ItemType>1</ItemType>
      <ItemName>מטבוחה 125אחלה יום יום</ItemName>
      <ManufactureName>שטראוס גרופ בעמ/מצונן</ManufactureName>
      <ManufactureCountry />
      <ManufactureItemDescription />
      <UnitQty>יח`</UnitQty>
      <Quantity>1.25</Quantity>
      <UnitMeasure>100 גרם</UnitMeasure>
      <BisWeighted>0</BisWeighted>
      <QtyInPackage>1</QtyInPackage>
      <ItemPrice>4.90</ItemPrice>
      <UnitOfMeasurePrice>3.92</UnitOfMeasurePrice>
      <AllowDiscount>0</AllowDiscount>
      <itemStatus>1</itemStatus>
      <LastUpdateDate />
      <LastUpdateTime />
    </Product>
    <Product>
      <PriceUpdateDate>2018/08/01 14:14</PriceUpdateDate>
      <ItemCode>7290008644235</ItemCode>
      <ItemType>1</ItemType>
      <ItemName>מבחר עלי בייבי 120 גרם-טעם הטבע</ItemName>
      <ManufactureName>שטראוס גרופ בעמ/מצונן</ManufactureName>
      <ManufactureCountry />
      <ManufactureItemDescription />
      <UnitQty>יח`</UnitQty>
      <Quantity>1.20</Quantity>
      <UnitMeasure>100 גרם</UnitMeasure>
      <BisWeighted>0</BisWeighted>
      <QtyInPackage>1</QtyInPackage>
      <ItemPrice>9.90</ItemPrice>
      <UnitOfMeasurePrice>8.25</UnitOfMeasurePrice>
      <AllowDiscount>1</AllowDiscount>
      <itemStatus>1</itemStatus>
      <LastUpdateDate />
      <LastUpdateTime />
    </Product>
    <Product>
      <PriceUpdateDate>2018/04/24 10:33</PriceUpdateDate>
      <ItemCode>7290008644839</ItemCode>
      <ItemType>1</ItemType>
      <ItemName>חסה ערבית אייסברג 300 גרם שטראוס טעם הטב</ItemName>
      <ManufactureName>שטראוס גרופ בעמ/מצונן</ManufactureName>
      <ManufactureCountry />
      <ManufactureItemDescription />
      <UnitQty>יח`</UnitQty>
      <Quantity>3</Quantity>
      <UnitMeasure>100 גרם</UnitMeasure>
      <BisWeighted>0</BisWeighted>
      <QtyInPackage>1</QtyInPackage>
      <ItemPrice>9.10</ItemPrice>
      <UnitOfMeasurePrice>3.03</UnitOfMeasurePrice>
      <AllowDiscount>0</AllowDiscount>
      <itemStatus>1</itemStatus>
      <LastUpdateDate />
      <LastUpdateTime />
    </Product>
    <Product>
      <PriceUpdateDate>2018/04/24 10:33</PriceUpdateDate>
      <ItemCode>7290008644945</ItemCode>
      <ItemType>1</ItemType>
      <ItemName>סלט המושבה שטראוס 450 גר`-טעם הטבע</ItemName>
      <ManufactureName>שטראוס גרופ בעמ/מצונן</ManufactureName>
      <ManufactureCountry />
      <ManufactureItemDescription />
      <UnitQty>יח`</UnitQty>
      <Quantity>4.50</Quantity>
      <UnitMeasure>100 גרם</UnitMeasure>
      <BisWeighted>0</BisWeighted>
      <QtyInPackage>1</QtyInPackage>
      <ItemPrice>10.90</ItemPrice>
      <UnitOfMeasurePrice>2.42</UnitOfMeasurePrice>
      <AllowDiscount>0</AllowDiscount>
      <itemStatus>1</itemStatus>
      <LastUpdateDate />
      <LastUpdateTime />
    </Product>
    <Product>
      <PriceUpdateDate>2019/04/11 10:04</PriceUpdateDate>
      <ItemCode>7290008645935</ItemCode>
      <ItemType>1</ItemType>
      <ItemName>חומוס אחלה (750 גרם)</ItemName>
      <ManufactureName>שטראוס גרופ בעמ/מצונן</ManufactureName>
      <ManufactureCountry />
      <ManufactureItemDescription />
      <UnitQty>יח`</UnitQty>
      <Quantity>7.50</Quantity>
      <UnitMeasure>100 גרם</UnitMeasure>
      <BisWeighted>0</BisWeighted>
      <QtyInPackage>1</QtyInPackage>
      <ItemPrice>9.90</ItemPrice>
      <UnitOfMeasurePrice>1.32</UnitOfMeasurePrice>
      <AllowDiscount>0</AllowDiscount>
      <itemStatus>1</itemStatus>
      <LastUpdateDate />
      <LastUpdateTime />
    </Product>
    <Product>
      <PriceUpdateDate>2018/04/24 10:29</PriceUpdateDate>
      <ItemCode>7290008670029</ItemCode>
      <ItemType>1</ItemType>
      <ItemName>יין מרלו רקנטי 750 מל</ItemName>
      <ManufactureName>היכל היין שקד גולן בעמ</ManufactureName>
      <ManufactureCountry />
      <ManufactureItemDescription />
      <UnitQty>יח`</UnitQty>
      <Quantity>7.50</Quantity>
      <UnitMeasure>100 מ"ל</UnitMeasure>
      <BisWeighted>0</BisWeighted>
      <QtyInPackage>1</QtyInPackage>
      <ItemPrice>55.20</ItemPrice>
      <UnitOfMeasurePrice>7.32</UnitOfMeasurePrice>
      <AllowDiscount>1</AllowDiscount>
      <itemStatus>1</itemStatus>
      <LastUpdateDate />
      <LastUpdateTime />
    </Product>
    <Product>
      <PriceUpdateDate>2018/04/24 10:29</PriceUpdateDate>
      <ItemCode>7290008670142</ItemCode>
      <ItemType>1</ItemType>
      <ItemName>יסמין אדום רקנאטי 750 מל</ItemName>
      <ManufactureName>היכל היין שקד גולן בעמ</ManufactureName>
      <ManufactureCountry />
      <ManufactureItemDescription />
      <UnitQty>יח`</UnitQty>
      <Quantity>7.50</Quantity>
      <UnitMeasure>100 מ"ל</UnitMeasure>
      <BisWeighted>0</BisWeighted>
      <QtyInPackage>1</QtyInPackage>
      <ItemPrice>34.90</ItemPrice>
      <UnitOfMeasurePrice>4.61</UnitOfMeasurePrice>
      <AllowDiscount>1</AllowDiscount>
      <itemStatus>1</itemStatus>
      <LastUpdateDate />
      <LastUpdateTime />
    </Product>
    <Product>
      <PriceUpdateDate>2018/04/24 10:29</PriceUpdateDate>
      <ItemCode>7290008670159</ItemCode>
      <ItemType>1</ItemType>
      <ItemName>יין יסמין לבן</ItemName>
      <ManufactureName>היכל היין שקד גולן בעמ</ManufactureName>
      <ManufactureCountry />
      <ManufactureItemDescription />
      <UnitQty>יח`</UnitQty>
      <Quantity>7.50</Quantity>
      <UnitMeasure>100 מ"ל</UnitMeasure>
      <BisWeighted>0</BisWeighted>
      <QtyInPackage>1</QtyInPackage>
      <ItemPrice>34.90</ItemPrice>
      <UnitOfMeasurePrice>4.61</UnitOfMeasurePrice>
      <AllowDiscount>1</AllowDiscount>
      <itemStatus>1</itemStatus>
      <LastUpdateDate />
      <LastUpdateTime />
    </Product>
    <Product>
      <PriceUpdateDate>2018/04/24 13:08</PriceUpdateDate>
      <ItemCode>7290008670210</ItemCode>
      <ItemType>1</ItemType>
      <ItemName>שירז רקנאטי 750 מל</ItemName>
      <ManufactureName>היכל היין שקד גולן בעמ</ManufactureName>
      <ManufactureCountry />
      <ManufactureItemDescription />
      <UnitQty>יח`</UnitQty>
      <Quantity>7.50</Quantity>
      <UnitMeasure>100 מ"ל</UnitMeasure>
      <BisWeighted>0</BisWeighted>
      <QtyInPackage>1</QtyInPackage>
      <ItemPrice>54.90</ItemPrice>
      <UnitOfMeasurePrice>7.28</UnitOfMeasurePrice>
      <AllowDiscount>1</AllowDiscount>
      <itemStatus>1</itemStatus>
      <LastUpdateDate />
      <LastUpdateTime />
    </Product>
    <Product>
      <PriceUpdateDate>2018/11/12 07:49</PriceUpdateDate>
      <ItemCode>7290008690713</ItemCode>
      <ItemType>1</ItemType>
      <ItemName>נקטר חמוציות אושן ספריי פריגת (1 ליטר)</ItemName>
      <ManufactureName>החברה המרכזית להפצת משקאות בעמ</ManufactureName>
      <ManufactureCountry />
      <ManufactureItemDescription />
      <UnitQty>יח`</UnitQty>
      <Quantity>1</Quantity>
      <UnitMeasure>1 ליטר</UnitMeasure>
      <BisWeighted>0</BisWeighted>
      <QtyInPackage>1</QtyInPackage>
      <ItemPrice>10.90</ItemPrice>
      <UnitOfMeasurePrice>10.90</UnitOfMeasurePrice>
      <AllowDiscount>0</AllowDiscount>
      <itemStatus>1</itemStatus>
      <LastUpdateDate />
      <LastUpdateTime />
    </Product>
    <Product>
      <PriceUpdateDate>2018/04/24 10:33</PriceUpdateDate>
      <ItemCode>7290008693134</ItemCode>
      <ItemType>1</ItemType>
      <ItemName>דניאלה מעדן בטעם תות שטראוס (88 גרם)</ItemName>
      <ManufactureName>שטראוס גרופ בעמ/מצונן</ManufactureName>
      <ManufactureCountry />
      <ManufactureItemDescription />
      <UnitQty>יח`</UnitQty>
      <Quantity>1.50</Quantity>
      <UnitMeasure>100 מ"ל</UnitMeasure>
      <BisWeighted>0</BisWeighted>
      <QtyInPackage>1</QtyInPackage>
      <ItemPrice>4</ItemPrice>
      <UnitOfMeasurePrice>2.67</UnitOfMeasurePrice>
      <AllowDiscount>0</AllowDiscount>
      <itemStatus>1</itemStatus>
      <LastUpdateDate />
      <LastUpdateTime />
    </Product>
    <Product>
      <PriceUpdateDate>2018/04/24 13:00</PriceUpdateDate>
      <ItemCode>7290008713016</ItemCode>
      <ItemType>1</ItemType>
      <ItemName>לחם שבעה דגנים קל פרוס אנג`ל (500 גרם)</ItemName>
      <ManufactureName>שלמה א. אנג`ל בעמ</ManufactureName>
      <ManufactureCountry />
      <ManufactureItemDescription />
      <UnitQty>יח`</UnitQty>
      <Quantity>5</Quantity>
      <UnitMeasure>100 גרם</UnitMeasure>
      <BisWeighted>0</BisWeighted>
      <QtyInPackage>1</QtyInPackage>
      <ItemPrice>13.90</ItemPrice>
      <UnitOfMeasurePrice>2.78</UnitOfMeasurePrice>
      <AllowDiscount>0</AllowDiscount>
      <itemStatus>1</itemStatus>
      <LastUpdateDate />
      <LastUpdateTime />
    </Product>
    <Product>
      <PriceUpdateDate>2018/04/24 13:00</PriceUpdateDate>
      <ItemCode>7290008713184</ItemCode>
      <ItemType>1</ItemType>
      <ItemName>פיתות מארז עשירייה</ItemName>
      <ManufactureName>שלמה א. אנג`ל בעמ</ManufactureName>
      <ManufactureCountry />
      <ManufactureItemDescription />
      <UnitQty>יח`</UnitQty>
      <Quantity>1</Quantity>
      <UnitMeasure>100 גרם</UnitMeasure>
      <BisWeighted>0</BisWeighted>
      <QtyInPackage>1</QtyInPackage>
      <ItemPrice>8.90</ItemPrice>
      <UnitOfMeasurePrice>8.90</UnitOfMeasurePrice>
      <AllowDiscount>0</AllowDiscount>
      <itemStatus>1</itemStatus>
      <LastUpdateDate />
      <LastUpdateTime />
    </Product>
    <Product>
      <PriceUpdateDate>2018/08/05 11:28</PriceUpdateDate>
      <ItemCode>7290008713900</ItemCode>
      <ItemType>1</ItemType>
      <ItemName>לחם שיפון עגול פרוס אחדות (750 גרם)</ItemName>
      <ManufactureName>שלמה א. אנג`ל בעמ</ManufactureName>
      <ManufactureCountry />
      <ManufactureItemDescription />
      <UnitQty>יח`</UnitQty>
      <Quantity>7.50</Quantity>
      <UnitMeasure>100 גרם</UnitMeasure>
      <BisWeighted>0</BisWeighted>
      <QtyInPackage>1</QtyInPackage>
      <ItemPrice>11.90</ItemPrice>
      <UnitOfMeasurePrice>1.59</UnitOfMeasurePrice>
      <AllowDiscount>0</AllowDiscount>
      <itemStatus>1</itemStatus>
      <LastUpdateDate />
      <LastUpdateTime />
    </Product>
    <Product>
      <PriceUpdateDate>2018/08/05 11:28</PriceUpdateDate>
      <ItemCode>7290008713917</ItemCode>
      <ItemType>1</ItemType>
      <ItemName>לחם שיפון כהה פרוס אחדות (750 גרם)</ItemName>
      <ManufactureName>שלמה א. אנג`ל בעמ</ManufactureName>
      <ManufactureCountry />
      <ManufactureItemDescription />
      <UnitQty>יח`</UnitQty>
      <Quantity>7.50</Quantity>
      <UnitMeasure>100 גרם</UnitMeasure>
      <BisWeighted>0</BisWeighted>
      <QtyInPackage>1</QtyInPackage>
      <ItemPrice>11.90</ItemPrice>
      <UnitOfMeasurePrice>1.59</UnitOfMeasurePrice>
      <AllowDiscount>0</AllowDiscount>
      <itemStatus>1</itemStatus>
      <LastUpdateDate />
      <LastUpdateTime />
    </Product>
    <Product>
      <PriceUpdateDate>2018/04/24 09:33</PriceUpdateDate>
      <ItemCode>7290008745239</ItemCode>
      <ItemType>1</ItemType>
      <ItemName>תפוצ`יפס 50 גר קראנץ`</ItemName>
      <ManufactureName>שטראוס פריטו ליי בעמ</ManufactureName>
      <ManufactureCountry />
      <ManufactureItemDescription />
      <UnitQty>יח`</UnitQty>
      <Quantity>0.55</Quantity>
      <UnitMeasure>100 גרם</UnitMeasure>
      <BisWeighted>0</BisWeighted>
      <QtyInPackage>1</QtyInPackage>
      <ItemPrice>3.90</ItemPrice>
      <UnitOfMeasurePrice>7.09</UnitOfMeasurePrice>
      <AllowDiscount>0</AllowDiscount>
      <itemStatus>1</itemStatus>
      <LastUpdateDate />
      <LastUpdateTime />
    </Product>
    <Product>
      <PriceUpdateDate>2018/04/24 11:31</PriceUpdateDate>
      <ItemCode>7290008747424</ItemCode>
      <ItemType>1</ItemType>
      <ItemName>טבלאות פרה במילוי תות</ItemName>
      <ManufactureName>שטראוס גרופ בעמ</ManufactureName>
      <ManufactureCountry />
      <ManufactureItemDescription />
      <UnitQty>יח`</UnitQty>
      <Quantity>1</Quantity>
      <UnitMeasure>100 גרם</UnitMeasure>
      <BisWeighted>0</BisWeighted>
      <QtyInPackage>1</QtyInPackage>
      <ItemPrice>4.90</ItemPrice>
      <UnitOfMeasurePrice>4.90</UnitOfMeasurePrice>
      <AllowDiscount>1</AllowDiscount>
      <itemStatus>1</itemStatus>
      <LastUpdateDate />
      <LastUpdateTime />
    </Product>
    <Product>
      <PriceUpdateDate>2018/04/24 10:02</PriceUpdateDate>
      <ItemCode>7290008747431</ItemCode>
      <ItemType>1</ItemType>
      <ItemName>שוקולד ממולדה</ItemName>
      <ManufactureName>שטראוס גרופ בעמ</ManufactureName>
      <ManufactureCountry />
      <ManufactureItemDescription />
      <UnitQty>יח`</UnitQty>
      <Quantity>0.50</Quantity>
      <UnitMeasure>100 גרם</UnitMeasure>
      <BisWeighted>0</BisWeighted>
      <QtyInPackage>1</QtyInPackage>
      <ItemPrice>4.90</ItemPrice>
      <UnitOfMeasurePrice>9.80</UnitOfMeasurePrice>
      <AllowDiscount>1</AllowDiscount>
      <itemStatus>1</itemStatus>
      <LastUpdateDate />
      <LastUpdateTime />
    </Product>
    <Product>
      <PriceUpdateDate>2018/07/25 09:20</PriceUpdateDate>
      <ItemCode>7290008747547</ItemCode>
      <ItemType>1</ItemType>
      <ItemName>תפוצ`יפס 200 גר` קראנץ`</ItemName>
      <ManufactureName>שטראוס פריטו ליי בעמ</ManufactureName>
      <ManufactureCountry />
      <ManufactureItemDescription />
      <UnitQty>יח`</UnitQty>
      <Quantity>2</Quantity>
      <UnitMeasure>100 גרם</UnitMeasure>
      <BisWeighted>0</BisWeighted>
      <QtyInPackage>1</QtyInPackage>
      <ItemPrice>10.90</ItemPrice>
      <UnitOfMeasurePrice>5.45</UnitOfMeasurePrice>
      <AllowDiscount>1</AllowDiscount>
      <itemStatus>1</itemStatus>
      <LastUpdateDate />
      <LastUpdateTime />
    </Product>
    <Product>
      <PriceUpdateDate>2018/08/05 11:28</PriceUpdateDate>
      <ItemCode>7290008748384</ItemCode>
      <ItemType>1</ItemType>
      <ItemName>שוקולד מריר 70% ספלנדיד (100 גרם)</ItemName>
      <ManufactureName>שטראוס גרופ בעמ</ManufactureName>
      <ManufactureCountry />
      <ManufactureItemDescription />
      <UnitQty>יח`</UnitQty>
      <Quantity>1</Quantity>
      <UnitMeasure>100 גרם</UnitMeasure>
      <BisWeighted>0</BisWeighted>
      <QtyInPackage>1</QtyInPackage>
      <ItemPrice>10.90</ItemPrice>
      <UnitOfMeasurePrice>10.90</UnitOfMeasurePrice>
      <AllowDiscount>0</AllowDiscount>
      <itemStatus>1</itemStatus>
      <LastUpdateDate />
      <LastUpdateTime />
    </Product>
    <Product>
      <PriceUpdateDate>2019/01/07 10:57</PriceUpdateDate>
      <ItemCode>7290008749343</ItemCode>
      <ItemType>1</ItemType>
      <ItemName>בפלות 400  גר`שחור לבן</ItemName>
      <ManufactureName>שטראוס גרופ בעמ</ManufactureName>
      <ManufactureCountry />
      <ManufactureItemDescription />
      <UnitQty>יח`</UnitQty>
      <Quantity>4</Quantity>
      <UnitMeasure>100 גרם</UnitMeasure>
      <BisWeighted>0</BisWeighted>
      <QtyInPackage>1</QtyInPackage>
      <ItemPrice>16.90</ItemPrice>
      <UnitOfMeasurePrice>4.23</UnitOfMeasurePrice>
      <AllowDiscount>0</AllowDiscount>
      <itemStatus>1</itemStatus>
      <LastUpdateDate />
      <LastUpdateTime />
    </Product>
    <Product>
      <PriceUpdateDate>2018/04/24 10:02</PriceUpdateDate>
      <ItemCode>7290008749954</ItemCode>
      <ItemType>1</ItemType>
      <ItemName>חטיף ופל טוב טעם עלית (30x20 גרם)</ItemName>
      <ManufactureName>שטראוס גרופ בעמ</ManufactureName>
      <ManufactureCountry />
      <ManufactureItemDescription />
      <UnitQty>יח`</UnitQty>
      <Quantity>6</Quantity>
      <UnitMeasure>100 גרם</UnitMeasure>
      <BisWeighted>0</BisWeighted>
      <QtyInPackage>1</QtyInPackage>
      <ItemPrice>25.90</ItemPrice>
      <UnitOfMeasurePrice>4.32</UnitOfMeasurePrice>
      <AllowDiscount>0</AllowDiscount>
      <itemStatus>1</itemStatus>
      <LastUpdateDate />
      <LastUpdateTime />
    </Product>
    <Product>
      <PriceUpdateDate>2018/04/24 10:02</PriceUpdateDate>
      <ItemCode>7290008750264</ItemCode>
      <ItemType>1</ItemType>
      <ItemName>מסטיק ללא סוכר בטעם דובדבן מאסט (28 גרם)</ItemName>
      <ManufactureName>שטראוס גרופ בעמ</ManufactureName>
      <ManufactureCountry />
      <ManufactureItemDescription />
      <UnitQty>יח`</UnitQty>
      <Quantity>0.28</Quantity>
      <UnitMeasure>100 גרם</UnitMeasure>
      <BisWeighted>0</BisWeighted>
      <QtyInPackage>1</QtyInPackage>
      <ItemPrice>4.90</ItemPrice>
      <UnitOfMeasurePrice>17.50</UnitOfMeasurePrice>
      <AllowDiscount>0</AllowDiscount>
      <itemStatus>1</itemStatus>
      <LastUpdateDate />
      <LastUpdateTime />
    </Product>
    <Product>
      <PriceUpdateDate>2018/04/24 10:02</PriceUpdateDate>
      <ItemCode>7290008750400</ItemCode>
      <ItemType>1</ItemType>
      <ItemName>שוקולד פרה לבן עם עוגיות עלית (100 גרם)</ItemName>
      <ManufactureName>שטראוס גרופ בעמ</ManufactureName>
      <ManufactureCountry />
      <ManufactureItemDescription />
      <UnitQty>יח`</UnitQty>
      <Quantity>1</Quantity>
      <UnitMeasure>100 גרם</UnitMeasure>
      <BisWeighted>0</BisWeighted>
      <QtyInPackage>1</QtyInPackage>
      <ItemPrice>4.90</ItemPrice>
      <UnitOfMeasurePrice>4.90</UnitOfMeasurePrice>
      <AllowDiscount>1</AllowDiscount>
      <itemStatus>1</itemStatus>
      <LastUpdateDate />
      <LastUpdateTime />
    </Product>
    <Product>
      <PriceUpdateDate>2018/04/24 11:31</PriceUpdateDate>
      <ItemCode>7290008750677</ItemCode>
      <ItemType>1</ItemType>
      <ItemName>טבלאות פרה ממולא תות מגדים</ItemName>
      <ManufactureName>שטראוס גרופ בעמ</ManufactureName>
      <ManufactureCountry />
      <ManufactureItemDescription />
      <UnitQty>יח`</UnitQty>
      <Quantity>1</Quantity>
      <UnitMeasure>100 גרם</UnitMeasure>
      <BisWeighted>0</BisWeighted>
      <QtyInPackage>1</QtyInPackage>
      <ItemPrice>4.90</ItemPrice>
      <UnitOfMeasurePrice>4.90</UnitOfMeasurePrice>
      <AllowDiscount>1</AllowDiscount>
      <itemStatus>1</itemStatus>
      <LastUpdateDate />
      <LastUpdateTime />
    </Product>
    <Product>
      <PriceUpdateDate>2018/04/24 11:26</PriceUpdateDate>
      <ItemCode>7290008752244</ItemCode>
      <ItemType>1</ItemType>
      <ItemName>תפוצ`יפס 50 גר קראנץ` גריל</ItemName>
      <ManufactureName>שטראוס פריטו ליי בעמ</ManufactureName>
      <ManufactureCountry />
      <ManufactureItemDescription />
      <UnitQty>יח`</UnitQty>
      <Quantity>0.50</Quantity>
      <UnitMeasure>100 גרם</UnitMeasure>
      <BisWeighted>0</BisWeighted>
      <QtyInPackage>1</QtyInPackage>
      <ItemPrice>3.90</ItemPrice>
      <UnitOfMeasurePrice>7.80</UnitOfMeasurePrice>
      <AllowDiscount>0</AllowDiscount>
      <itemStatus>1</itemStatus>
      <LastUpdateDate />
      <LastUpdateTime />
    </Product>
    <Product>
      <PriceUpdateDate>2018/04/24 09:33</PriceUpdateDate>
      <ItemCode>7290008753111</ItemCode>
      <ItemType>1</ItemType>
      <ItemName>תפוצ`יפס 50 גר קראנץ` מקסיקני</ItemName>
      <ManufactureName>שטראוס פריטו ליי בעמ</ManufactureName>
      <ManufactureCountry />
      <ManufactureItemDescription />
      <UnitQty>יח`</UnitQty>
      <Quantity>0.50</Quantity>
      <UnitMeasure>100 גרם</UnitMeasure>
      <BisWeighted>0</BisWeighted>
      <QtyInPackage>1</QtyInPackage>
      <ItemPrice>3.90</ItemPrice>
      <UnitOfMeasurePrice>7.80</UnitOfMeasurePrice>
      <AllowDiscount>0</AllowDiscount>
      <itemStatus>1</itemStatus>
      <LastUpdateDate />
      <LastUpdateTime />
    </Product>
    <Product>
      <PriceUpdateDate>2018/04/24 10:02</PriceUpdateDate>
      <ItemCode>7290008753876</ItemCode>
      <ItemType>1</ItemType>
      <ItemName>בפלות 350  גר`גבינת פירורים</ItemName>
      <ManufactureName>שטראוס גרופ בעמ</ManufactureName>
      <ManufactureCountry />
      <ManufactureItemDescription />
      <UnitQty>יח`</UnitQty>
      <Quantity>3.50</Quantity>
      <UnitMeasure>100 גרם</UnitMeasure>
      <BisWeighted>0</BisWeighted>
      <QtyInPackage>1</QtyInPackage>
      <ItemPrice>16.90</ItemPrice>
      <UnitOfMeasurePrice>4.83</UnitOfMeasurePrice>
      <AllowDiscount>0</AllowDiscount>
      <itemStatus>1</itemStatus>
      <LastUpdateDate />
      <LastUpdateTime />
    </Product>
    <Product>
      <PriceUpdateDate>2019/01/30 09:36</PriceUpdateDate>
      <ItemCode>7290008753883</ItemCode>
      <ItemType>1</ItemType>
      <ItemName>בפלות 350  גר`טראפלס ופירורים</ItemName>
      <ManufactureName>שטראוס גרופ בעמ</ManufactureName>
      <ManufactureCountry />
      <ManufactureItemDescription />
      <UnitQty>יח`</UnitQty>
      <Quantity>3.50</Quantity>
      <UnitMeasure>100 גרם</UnitMeasure>
      <BisWeighted>0</BisWeighted>
      <QtyInPackage>1</QtyInPackage>
      <ItemPrice>15.40</ItemPrice>
      <UnitOfMeasurePrice>4.40</UnitOfMeasurePrice>
      <AllowDiscount>0</AllowDiscount>
      <itemStatus>1</itemStatus>
      <LastUpdateDate />
      <LastUpdateTime />
    </Product>
    <Product>
      <PriceUpdateDate>2018/04/24 10:02</PriceUpdateDate>
      <ItemCode>7290008753982</ItemCode>
      <ItemType>1</ItemType>
      <ItemName>שוקולד פרה חלב אוורירי עלית (85 גרם)</ItemName>
      <ManufactureName>שטראוס גרופ בעמ</ManufactureName>
      <ManufactureCountry />
      <ManufactureItemDescription />
      <UnitQty>יח`</UnitQty>
      <Quantity>1</Quantity>
      <UnitMeasure>100 גרם</UnitMeasure>
      <BisWeighted>0</BisWeighted>
      <QtyInPackage>1</QtyInPackage>
      <ItemPrice>4.90</ItemPrice>
      <UnitOfMeasurePrice>4.90</UnitOfMeasurePrice>
      <AllowDiscount>1</AllowDiscount>
      <itemStatus>1</itemStatus>
      <LastUpdateDate />
      <LastUpdateTime />
    </Product>
    <Product>
      <PriceUpdateDate>2019/01/07 10:57</PriceUpdateDate>
      <ItemCode>7290008754415</ItemCode>
      <ItemType>1</ItemType>
      <ItemName>מסטיק מאסט מנטה עדין 28 גרם</ItemName>
      <ManufactureName>שטראוס גרופ בעמ</ManufactureName>
      <ManufactureCountry />
      <ManufactureItemDescription />
      <UnitQty>יח`</UnitQty>
      <Quantity>0.28</Quantity>
      <UnitMeasure>100 גרם</UnitMeasure>
      <BisWeighted>0</BisWeighted>
      <QtyInPackage>1</QtyInPackage>
      <ItemPrice>4.90</ItemPrice>
      <UnitOfMeasurePrice>17.50</UnitOfMeasurePrice>
      <AllowDiscount>0</AllowDiscount>
      <itemStatus>1</itemStatus>
      <LastUpdateDate />
      <LastUpdateTime />
    </Product>
    <Product>
      <PriceUpdateDate>2019/01/07 10:57</PriceUpdateDate>
      <ItemCode>7290008757980</ItemCode>
      <ItemType>1</ItemType>
      <ItemName>נקטר רימונים ספרינג (1 ליטר)</ItemName>
      <ManufactureName>יפאורה</ManufactureName>
      <ManufactureCountry />
      <ManufactureItemDescription />
      <UnitQty>יח`</UnitQty>
      <Quantity>10</Quantity>
      <UnitMeasure>100 מ"ל</UnitMeasure>
      <BisWeighted>0</BisWeighted>
      <QtyInPackage>1</QtyInPackage>
      <ItemPrice>5.50</ItemPrice>
      <UnitOfMeasurePrice>0.55</UnitOfMeasurePrice>
      <AllowDiscount>1</AllowDiscount>
      <itemStatus>1</itemStatus>
      <LastUpdateDate />
      <LastUpdateTime />
    </Product>
    <Product>
      <PriceUpdateDate>2018/08/05 11:28</PriceUpdateDate>
      <ItemCode>7290008775816</ItemCode>
      <ItemType>1</ItemType>
      <ItemName>ערגליות שוקו אסם (300 גרם)</ItemName>
      <ManufactureName>קבוצת אסם סחר שות. מוגבלת</ManufactureName>
      <ManufactureCountry />
      <ManufactureItemDescription />
      <UnitQty>יח`</UnitQty>
      <Quantity>3</Quantity>
      <UnitMeasure>100 גרם</UnitMeasure>
      <BisWeighted>0</BisWeighted>
      <QtyInPackage>1</QtyInPackage>
      <ItemPrice>10.90</ItemPrice>
      <UnitOfMeasurePrice>3.63</UnitOfMeasurePrice>
      <AllowDiscount>0</AllowDiscount>
      <itemStatus>1</itemStatus>
      <LastUpdateDate />
      <LastUpdateTime />
    </Product>
    <Product>
      <PriceUpdateDate>2018/08/05 11:28</PriceUpdateDate>
      <ItemCode>7290008775823</ItemCode>
      <ItemType>1</ItemType>
      <ItemName>ערגליות תות אסם (300 גרם)</ItemName>
      <ManufactureName>קבוצת אסם סחר שות. מוגבלת</ManufactureName>
      <ManufactureCountry />
      <ManufactureItemDescription />
      <UnitQty>יח`</UnitQty>
      <Quantity>3</Quantity>
      <UnitMeasure>100 גרם</UnitMeasure>
      <BisWeighted>0</BisWeighted>
      <QtyInPackage>1</QtyInPackage>
      <ItemPrice>10.90</ItemPrice>
      <UnitOfMeasurePrice>3.63</UnitOfMeasurePrice>
      <AllowDiscount>0</AllowDiscount>
      <itemStatus>1</itemStatus>
      <LastUpdateDate />
      <LastUpdateTime />
    </Product>
    <Product>
      <PriceUpdateDate>2020/03/29 15:09</PriceUpdateDate>
      <ItemCode>7290008792233</ItemCode>
      <ItemType>1</ItemType>
      <ItemName>נייר טואלט  טאצ`40 גלילים</ItemName>
      <ManufactureName>שניב תעשיות נייר בעמ</ManufactureName>
      <ManufactureCountry />
      <ManufactureItemDescription />
      <UnitQty>יח`</UnitQty>
      <Quantity>24.61</Quantity>
      <UnitMeasure>100 גרם</UnitMeasure>
      <BisWeighted>0</BisWeighted>
      <QtyInPackage>1</QtyInPackage>
      <ItemPrice>31.90</ItemPrice>
      <UnitOfMeasurePrice>1.30</UnitOfMeasurePrice>
      <AllowDiscount>0</AllowDiscount>
      <itemStatus>1</itemStatus>
      <LastUpdateDate />
      <LastUpdateTime />
    </Product>
    <Product>
      <PriceUpdateDate>2019/08/05 14:44</PriceUpdateDate>
      <ItemCode>7290008792264</ItemCode>
      <ItemType>1</ItemType>
      <ItemName>מפיות  טאצ`100 יח</ItemName>
      <ManufactureName>שניב תעשיות נייר בעמ</ManufactureName>
      <ManufactureCountry />
      <ManufactureItemDescription />
      <UnitQty>יח`</UnitQty>
      <Quantity>1</Quantity>
      <UnitMeasure />
      <BisWeighted>0</BisWeighted>
      <QtyInPackage>1</QtyInPackage>
      <ItemPrice>4.90</ItemPrice>
      <UnitOfMeasurePrice>4.90</UnitOfMeasurePrice>
      <AllowDiscount>0</AllowDiscount>
      <itemStatus>1</itemStatus>
      <LastUpdateDate />
      <LastUpdateTime />
    </Product>
    <Product>
      <PriceUpdateDate>2018/04/24 09:45</PriceUpdateDate>
      <ItemCode>7290008801010</ItemCode>
      <ItemType>1</ItemType>
      <ItemName>קברנה/מרלו פי.סי אדום יבש 750 מל</ItemName>
      <ManufactureName>אגודת הכורמים</ManufactureName>
      <ManufactureCountry />
      <ManufactureItemDescription />
      <UnitQty>יח`</UnitQty>
      <Quantity>7.50</Quantity>
      <UnitMeasure>100 מ"ל</UnitMeasure>
      <BisWeighted>0</BisWeighted>
      <QtyInPackage>1</QtyInPackage>
      <ItemPrice>44.90</ItemPrice>
      <UnitOfMeasurePrice>5.95</UnitOfMeasurePrice>
      <AllowDiscount>1</AllowDiscount>
      <itemStatus>1</itemStatus>
      <LastUpdateDate />
      <LastUpdateTime />
    </Product>
    <Product>
      <PriceUpdateDate>2019/02/14 08:17</PriceUpdateDate>
      <ItemCode>7290008801089</ItemCode>
      <ItemType>1</ItemType>
      <ItemName>יין אדום ייבש קרבנה סובניון 375 מל</ItemName>
      <ManufactureName>אגודת הכורמים</ManufactureName>
      <ManufactureCountry />
      <ManufactureItemDescription />
      <UnitQty>יח`</UnitQty>
      <Quantity>1.87</Quantity>
      <UnitMeasure>100 מ"ל</UnitMeasure>
      <BisWeighted>0</BisWeighted>
      <QtyInPackage>1</QtyInPackage>
      <ItemPrice>16.90</ItemPrice>
      <UnitOfMeasurePrice>8.88</UnitOfMeasurePrice>
      <AllowDiscount>0</AllowDiscount>
      <itemStatus>1</itemStatus>
      <LastUpdateDate />
      <LastUpdateTime />
    </Product>
    <Product>
      <PriceUpdateDate>2018/04/24 09:45</PriceUpdateDate>
      <ItemCode>7290008801119</ItemCode>
      <ItemType>1</ItemType>
      <ItemName>סלקטד סוביניון בלאן יקבי כרמל (750 מל)</ItemName>
      <ManufactureName>אגודת הכורמים</ManufactureName>
      <ManufactureCountry />
      <ManufactureItemDescription />
      <UnitQty>יח`</UnitQty>
      <Quantity>7.50</Quantity>
      <UnitMeasure>100 מ"ל</UnitMeasure>
      <BisWeighted>0</BisWeighted>
      <QtyInPackage>1</QtyInPackage>
      <ItemPrice>26.90</ItemPrice>
      <UnitOfMeasurePrice>3.55</UnitOfMeasurePrice>
      <AllowDiscount>1</AllowDiscount>
      <itemStatus>1</itemStatus>
      <LastUpdateDate />
      <LastUpdateTime />
    </Product>
    <Product>
      <PriceUpdateDate>2018/04/24 09:45</PriceUpdateDate>
      <ItemCode>7290008801157</ItemCode>
      <ItemType>1</ItemType>
      <ItemName>סלקטד מרלו יקבי כרמל (750 מל)</ItemName>
      <ManufactureName>אגודת הכורמים</ManufactureName>
      <ManufactureCountry />
      <ManufactureItemDescription />
      <UnitQty>יח`</UnitQty>
      <Quantity>7.50</Quantity>
      <UnitMeasure>100 מ"ל</UnitMeasure>
      <BisWeighted>0</BisWeighted>
      <QtyInPackage>1</QtyInPackage>
      <ItemPrice>26.90</ItemPrice>
      <UnitOfMeasurePrice>3.55</UnitOfMeasurePrice>
      <AllowDiscount>1</AllowDiscount>
      <itemStatus>1</itemStatus>
      <LastUpdateDate />
      <LastUpdateTime />
    </Product>
    <Product>
      <PriceUpdateDate>2018/04/24 09:46</PriceUpdateDate>
      <ItemCode>7290008801478</ItemCode>
      <ItemType>1</ItemType>
      <ItemName>טופז זהב אדום מתוק 750 מל</ItemName>
      <ManufactureName>אגודת הכורמים</ManufactureName>
      <ManufactureCountry />
      <ManufactureItemDescription />
      <UnitQty>יח`</UnitQty>
      <Quantity>7.50</Quantity>
      <UnitMeasure>100 מ"ל</UnitMeasure>
      <BisWeighted>0</BisWeighted>
      <QtyInPackage>1</QtyInPackage>
      <ItemPrice>21.20</ItemPrice>
      <UnitOfMeasurePrice>2.79</UnitOfMeasurePrice>
      <AllowDiscount>1</AllowDiscount>
      <itemStatus>1</itemStatus>
      <LastUpdateDate />
      <LastUpdateTime />
    </Product>
    <Product>
      <PriceUpdateDate>2019/01/04 07:45</PriceUpdateDate>
      <ItemCode>7290008801522</ItemCode>
      <ItemType>1</ItemType>
      <ItemName>קונקורד אדום מתוק 750 מל קינג דיוויד</ItemName>
      <ManufactureName>אגודת הכורמים</ManufactureName>
      <ManufactureCountry />
      <ManufactureItemDescription />
      <UnitQty>יח`</UnitQty>
      <Quantity>7.50</Quantity>
      <UnitMeasure>100 מ"ל</UnitMeasure>
      <BisWeighted>0</BisWeighted>
      <QtyInPackage>1</QtyInPackage>
      <ItemPrice>19.90</ItemPrice>
      <UnitOfMeasurePrice>2.61</UnitOfMeasurePrice>
      <AllowDiscount>0</AllowDiscount>
      <itemStatus>1</itemStatus>
      <LastUpdateDate />
      <LastUpdateTime />
    </Product>
    <Product>
      <PriceUpdateDate>2019/01/04 07:45</PriceUpdateDate>
      <ItemCode>7290008801539</ItemCode>
      <ItemType>1</ItemType>
      <ItemName>כרמל 120 אדום מתוק 750 מל קינג דיוויד</ItemName>
      <ManufactureName>אגודת הכורמים</ManufactureName>
      <ManufactureCountry />
      <ManufactureItemDescription />
      <UnitQty>יח`</UnitQty>
      <Quantity>7.50</Quantity>
      <UnitMeasure>100 מ"ל</UnitMeasure>
      <BisWeighted>0</BisWeighted>
      <QtyInPackage>1</QtyInPackage>
      <ItemPrice>19.90</ItemPrice>
      <UnitOfMeasurePrice>2.61</UnitOfMeasurePrice>
      <AllowDiscount>0</AllowDiscount>
      <itemStatus>1</itemStatus>
      <LastUpdateDate />
      <LastUpdateTime />
    </Product>
    <Product>
      <PriceUpdateDate>2019/01/04 07:45</PriceUpdateDate>
      <ItemCode>7290008801546</ItemCode>
      <ItemType>1</ItemType>
      <ItemName>מוסקט מתוק 750 מל קינג דיוויד</ItemName>
      <ManufactureName>אגודת הכורמים</ManufactureName>
      <ManufactureCountry />
      <ManufactureItemDescription />
      <UnitQty>יח`</UnitQty>
      <Quantity>7.50</Quantity>
      <UnitMeasure>100 מ"ל</UnitMeasure>
      <BisWeighted>0</BisWeighted>
      <QtyInPackage>1</QtyInPackage>
      <ItemPrice>19.90</ItemPrice>
      <UnitOfMeasurePrice>2.61</UnitOfMeasurePrice>
      <AllowDiscount>0</AllowDiscount>
      <itemStatus>1</itemStatus>
      <LastUpdateDate />
      <LastUpdateTime />
    </Product>
    <Product>
      <PriceUpdateDate>2018/04/24 09:39</PriceUpdateDate>
      <ItemCode>7290008801843</ItemCode>
      <ItemType>1</ItemType>
      <ItemName>סלקטד קברנה סובניון יקבי כרמל (750 מל)</ItemName>
      <ManufactureName>אגודת הכורמים</ManufactureName>
      <ManufactureCountry />
      <ManufactureItemDescription />
      <UnitQty>יח`</UnitQty>
      <Quantity>7.50</Quantity>
      <UnitMeasure>100 מ"ל</UnitMeasure>
      <BisWeighted>0</BisWeighted>
      <QtyInPackage>1</QtyInPackage>
      <ItemPrice>26.90</ItemPrice>
      <UnitOfMeasurePrice>3.55</UnitOfMeasurePrice>
      <AllowDiscount>1</AllowDiscount>
      <itemStatus>1</itemStatus>
      <LastUpdateDate />
      <LastUpdateTime />
    </Product>
    <Product>
      <PriceUpdateDate>2018/04/24 09:39</PriceUpdateDate>
      <ItemCode>7290008801850</ItemCode>
      <ItemType>1</ItemType>
      <ItemName>סלקטד אמרלד ריזלינג יקבי כרמל (750 מל)</ItemName>
      <ManufactureName>אגודת הכורמים</ManufactureName>
      <ManufactureCountry />
      <ManufactureItemDescription />
      <UnitQty>יח`</UnitQty>
      <Quantity>7.50</Quantity>
      <UnitMeasure>100 מ"ל</UnitMeasure>
      <BisWeighted>0</BisWeighted>
      <QtyInPackage>1</QtyInPackage>
      <ItemPrice>26.90</ItemPrice>
      <UnitOfMeasurePrice>3.55</UnitOfMeasurePrice>
      <AllowDiscount>1</AllowDiscount>
      <itemStatus>1</itemStatus>
      <LastUpdateDate />
      <LastUpdateTime />
    </Product>
    <Product>
      <PriceUpdateDate>2018/08/01 13:47</PriceUpdateDate>
      <ItemCode>7290008802291</ItemCode>
      <ItemType>1</ItemType>
      <ItemName>מרלו פי.סי אדום יבש 750 מל</ItemName>
      <ManufactureName>אגודת הכורמים</ManufactureName>
      <ManufactureCountry />
      <ManufactureItemDescription />
      <UnitQty>יח`</UnitQty>
      <Quantity>7.50</Quantity>
      <UnitMeasure>100 מ"ל</UnitMeasure>
      <BisWeighted>0</BisWeighted>
      <QtyInPackage>1</QtyInPackage>
      <ItemPrice>44.90</ItemPrice>
      <UnitOfMeasurePrice>5.95</UnitOfMeasurePrice>
      <AllowDiscount>1</AllowDiscount>
      <itemStatus>1</itemStatus>
      <LastUpdateDate />
      <LastUpdateTime />
    </Product>
    <Product>
      <PriceUpdateDate>2019/01/04 07:45</PriceUpdateDate>
      <ItemCode>7290008802512</ItemCode>
      <ItemType>1</ItemType>
      <ItemName>וינו אדום 750 מל</ItemName>
      <ManufactureName>אגודת הכורמים</ManufactureName>
      <ManufactureCountry />
      <ManufactureItemDescription />
      <UnitQty>יח`</UnitQty>
      <Quantity>7.50</Quantity>
      <UnitMeasure>100 מ"ל</UnitMeasure>
      <BisWeighted>0</BisWeighted>
      <QtyInPackage>1</QtyInPackage>
      <ItemPrice>19.90</ItemPrice>
      <UnitOfMeasurePrice>2.61</UnitOfMeasurePrice>
      <AllowDiscount>1</AllowDiscount>
      <itemStatus>1</itemStatus>
      <LastUpdateDate />
      <LastUpdateTime />
    </Product>
    <Product>
      <PriceUpdateDate>2018/08/01 13:47</PriceUpdateDate>
      <ItemCode>7290008802895</ItemCode>
      <ItemType>1</ItemType>
      <ItemName>קברנה סוביניון פי.סי אדום יבש 750 מל</ItemName>
      <ManufactureName>אגודת הכורמים</ManufactureName>
      <ManufactureCountry />
      <ManufactureItemDescription />
      <UnitQty>יח`</UnitQty>
      <Quantity>7.50</Quantity>
      <UnitMeasure>100 מ"ל</UnitMeasure>
      <BisWeighted>0</BisWeighted>
      <QtyInPackage>1</QtyInPackage>
      <ItemPrice>44.90</ItemPrice>
      <UnitOfMeasurePrice>5.95</UnitOfMeasurePrice>
      <AllowDiscount>1</AllowDiscount>
      <itemStatus>1</itemStatus>
      <LastUpdateDate />
      <LastUpdateTime />
    </Product>
    <Product>
      <PriceUpdateDate>2018/04/24 09:39</PriceUpdateDate>
      <ItemCode>7290008804332</ItemCode>
      <ItemType>1</ItemType>
      <ItemName>שיראז פי.סי אדום יבש 750 מל</ItemName>
      <ManufactureName>אגודת הכורמים</ManufactureName>
      <ManufactureCountry />
      <ManufactureItemDescription />
      <UnitQty>יח`</UnitQty>
      <Quantity>7.50</Quantity>
      <UnitMeasure>100 מ"ל</UnitMeasure>
      <BisWeighted>0</BisWeighted>
      <QtyInPackage>1</QtyInPackage>
      <ItemPrice>44.90</ItemPrice>
      <UnitOfMeasurePrice>5.95</UnitOfMeasurePrice>
      <AllowDiscount>1</AllowDiscount>
      <itemStatus>1</itemStatus>
      <LastUpdateDate />
      <LastUpdateTime />
    </Product>
    <Product>
      <PriceUpdateDate>2018/04/24 11:28</PriceUpdateDate>
      <ItemCode>7290008805049</ItemCode>
      <ItemType>1</ItemType>
      <ItemName>סלקטד זינפנדל סמוק יקבי כרמל (750 מל)</ItemName>
      <ManufactureName>אגודת הכורמים</ManufactureName>
      <ManufactureCountry />
      <ManufactureItemDescription />
      <UnitQty>יח`</UnitQty>
      <Quantity>7.50</Quantity>
      <UnitMeasure>100 מ"ל</UnitMeasure>
      <BisWeighted>0</BisWeighted>
      <QtyInPackage>1</QtyInPackage>
      <ItemPrice>26.90</ItemPrice>
      <UnitOfMeasurePrice>3.55</UnitOfMeasurePrice>
      <AllowDiscount>1</AllowDiscount>
      <itemStatus>1</itemStatus>
      <LastUpdateDate />
      <LastUpdateTime />
    </Product>
    <Product>
      <PriceUpdateDate>2018/04/24 09:39</PriceUpdateDate>
      <ItemCode>7290008805384</ItemCode>
      <ItemType>1</ItemType>
      <ItemName>סלקטד מוסקטו לבן יקבי כרמל (750 מל)</ItemName>
      <ManufactureName>אגודת הכורמים</ManufactureName>
      <ManufactureCountry />
      <ManufactureItemDescription />
      <UnitQty>יח`</UnitQty>
      <Quantity>7.50</Quantity>
      <UnitMeasure>100 מ"ל</UnitMeasure>
      <BisWeighted>0</BisWeighted>
      <QtyInPackage>1</QtyInPackage>
      <ItemPrice>26.90</ItemPrice>
      <UnitOfMeasurePrice>3.55</UnitOfMeasurePrice>
      <AllowDiscount>1</AllowDiscount>
      <itemStatus>1</itemStatus>
      <LastUpdateDate />
      <LastUpdateTime />
    </Product>
    <Product>
      <PriceUpdateDate>2018/04/24 09:39</PriceUpdateDate>
      <ItemCode>7290008805520</ItemCode>
      <ItemType>1</ItemType>
      <ItemName>קברנה מרלו סלקטד אדום יבש 750 מל</ItemName>
      <ManufactureName>אגודת הכורמים</ManufactureName>
      <ManufactureCountry />
      <ManufactureItemDescription />
      <UnitQty>יח`</UnitQty>
      <Quantity>7.50</Quantity>
      <UnitMeasure>100 מ"ל</UnitMeasure>
      <BisWeighted>0</BisWeighted>
      <QtyInPackage>1</QtyInPackage>
      <ItemPrice>26.90</ItemPrice>
      <UnitOfMeasurePrice>3.55</UnitOfMeasurePrice>
      <AllowDiscount>1</AllowDiscount>
      <itemStatus>1</itemStatus>
      <LastUpdateDate />
      <LastUpdateTime />
    </Product>
    <Product>
      <PriceUpdateDate>2018/04/24 09:46</PriceUpdateDate>
      <ItemCode>7290008806985</ItemCode>
      <ItemType>1</ItemType>
      <ItemName>שטראוס גלידונית 60 יח` פרווה</ItemName>
      <ManufactureName>גלידות שטראוס בעמ</ManufactureName>
      <ManufactureCountry />
      <ManufactureItemDescription />
      <UnitQty>יח`</UnitQty>
      <Quantity>6.30</Quantity>
      <UnitMeasure>100 גרם</UnitMeasure>
      <BisWeighted>0</BisWeighted>
      <QtyInPackage>1</QtyInPackage>
      <ItemPrice>47.90</ItemPrice>
      <UnitOfMeasurePrice>7.60</UnitOfMeasurePrice>
      <AllowDiscount>1</AllowDiscount>
      <itemStatus>1</itemStatus>
      <LastUpdateDate />
      <LastUpdateTime />
    </Product>
    <Product>
      <PriceUpdateDate>2018/04/24 10:10</PriceUpdateDate>
      <ItemCode>7290008836494</ItemCode>
      <ItemType>1</ItemType>
      <ItemName>תירוש ענבים אפרת (1 ליטר)</ItemName>
      <ManufactureName>יקב טפרברג 1870 בעמ (יינות ומש</ManufactureName>
      <ManufactureCountry />
      <ManufactureItemDescription />
      <UnitQty>יח`</UnitQty>
      <Quantity>10</Quantity>
      <UnitMeasure>100 מ"ל</UnitMeasure>
      <BisWeighted>0</BisWeighted>
      <QtyInPackage>1</QtyInPackage>
      <ItemPrice>12.90</ItemPrice>
      <UnitOfMeasurePrice>1.26</UnitOfMeasurePrice>
      <AllowDiscount>0</AllowDiscount>
      <itemStatus>1</itemStatus>
      <LastUpdateDate />
      <LastUpdateTime />
    </Product>
    <Product>
      <PriceUpdateDate>2018/04/24 09:31</PriceUpdateDate>
      <ItemCode>7290008849586</ItemCode>
      <ItemType>1</ItemType>
      <ItemName>רוטב לעוף ריבת בצל אוליביה</ItemName>
      <ManufactureName>גורי מוצרי צריכה (1991) בעמ</ManufactureName>
      <ManufactureCountry />
      <ManufactureItemDescription />
      <UnitQty>יח`</UnitQty>
      <Quantity>3.10</Quantity>
      <UnitMeasure>100 גרם</UnitMeasure>
      <BisWeighted>0</BisWeighted>
      <QtyInPackage>1</QtyInPackage>
      <ItemPrice>13.90</ItemPrice>
      <UnitOfMeasurePrice>4.48</UnitOfMeasurePrice>
      <AllowDiscount>0</AllowDiscount>
      <itemStatus>1</itemStatus>
      <LastUpdateDate />
      <LastUpdateTime />
    </Product>
    <Product>
      <PriceUpdateDate>2018/06/06 08:13</PriceUpdateDate>
      <ItemCode>7290008849838</ItemCode>
      <ItemType>1</ItemType>
      <ItemName>טפנד זיתים 180  גר`אוליביה</ItemName>
      <ManufactureName>תנובה - חלב</ManufactureName>
      <ManufactureCountry />
      <ManufactureItemDescription />
      <UnitQty>יח`</UnitQty>
      <Quantity>1.80</Quantity>
      <UnitMeasure>100 גרם</UnitMeasure>
      <BisWeighted>0</BisWeighted>
      <QtyInPackage>1</QtyInPackage>
      <ItemPrice>11.90</ItemPrice>
      <UnitOfMeasurePrice>6.61</UnitOfMeasurePrice>
      <AllowDiscount>0</AllowDiscount>
      <itemStatus>1</itemStatus>
      <LastUpdateDate />
      <LastUpdateTime />
    </Product>
    <Product>
      <PriceUpdateDate>2019/07/07 09:24</PriceUpdateDate>
      <ItemCode>7290008909723</ItemCode>
      <ItemType>1</ItemType>
      <ItemName>בירה רד לייבל טובורג (330x6 מל)</ItemName>
      <ManufactureName>החברה המרכזית להפצת משקאות בעמ</ManufactureName>
      <ManufactureCountry />
      <ManufactureItemDescription />
      <UnitQty>יח`</UnitQty>
      <Quantity>1.98</Quantity>
      <UnitMeasure>1 ליטר</UnitMeasure>
      <BisWeighted>0</BisWeighted>
      <QtyInPackage>1</QtyInPackage>
      <ItemPrice>40.90</ItemPrice>
      <UnitOfMeasurePrice>19.75</UnitOfMeasurePrice>
      <AllowDiscount>1</AllowDiscount>
      <itemStatus>1</itemStatus>
      <LastUpdateDate />
      <LastUpdateTime />
    </Product>
    <Product>
      <PriceUpdateDate>2019/01/07 10:57</PriceUpdateDate>
      <ItemCode>7290008909860</ItemCode>
      <ItemType>1</ItemType>
      <ItemName>בקבוק זירו קוקה-קולה (1.5 ליטר)</ItemName>
      <ManufactureName>החברה המרכזית להפצת משקאות בעמ</ManufactureName>
      <ManufactureCountry />
      <ManufactureItemDescription />
      <UnitQty>יח`</UnitQty>
      <Quantity>1.50</Quantity>
      <UnitMeasure>1 ליטר</UnitMeasure>
      <BisWeighted>0</BisWeighted>
      <QtyInPackage>1</QtyInPackage>
      <ItemPrice>6.90</ItemPrice>
      <UnitOfMeasurePrice>4.60</UnitOfMeasurePrice>
      <AllowDiscount>0</AllowDiscount>
      <itemStatus>1</itemStatus>
      <LastUpdateDate />
      <LastUpdateTime />
    </Product>
    <Product>
      <PriceUpdateDate>2018/11/12 07:49</PriceUpdateDate>
      <ItemCode>7290008909877</ItemCode>
      <ItemType>1</ItemType>
      <ItemName>מארז זירו קוקה-קולה (1.5x6 ליטר)</ItemName>
      <ManufactureName>החברה המרכזית להפצת משקאות בעמ</ManufactureName>
      <ManufactureCountry />
      <ManufactureItemDescription />
      <UnitQty>יח`</UnitQty>
      <Quantity>9</Quantity>
      <UnitMeasure>1 ליטר</UnitMeasure>
      <BisWeighted>0</BisWeighted>
      <QtyInPackage>1</QtyInPackage>
      <ItemPrice>37.90</ItemPrice>
      <UnitOfMeasurePrice>4.21</UnitOfMeasurePrice>
      <AllowDiscount>0</AllowDiscount>
      <itemStatus>1</itemStatus>
      <LastUpdateDate />
      <LastUpdateTime />
    </Product>
    <Product>
      <PriceUpdateDate>2018/04/24 10:30</PriceUpdateDate>
      <ItemCode>7290008945172</ItemCode>
      <ItemType>1</ItemType>
      <ItemName>שקיות אשפה לפח מטבח 65x52 גלילונית (40)</ItemName>
      <ManufactureName>דנשר (1963) בעמ</ManufactureName>
      <ManufactureCountry />
      <ManufactureItemDescription />
      <UnitQty>יח`</UnitQty>
      <Quantity>40</Quantity>
      <UnitMeasure>יח`</UnitMeasure>
      <BisWeighted>0</BisWeighted>
      <QtyInPackage>1</QtyInPackage>
      <ItemPrice>15.90</ItemPrice>
      <UnitOfMeasurePrice>0.40</UnitOfMeasurePrice>
      <AllowDiscount>1</AllowDiscount>
      <itemStatus>1</itemStatus>
      <LastUpdateDate />
      <LastUpdateTime />
    </Product>
    <Product>
      <PriceUpdateDate>2018/04/24 11:08</PriceUpdateDate>
      <ItemCode>7290008945202</ItemCode>
      <ItemType>1</ItemType>
      <ItemName>שקיות אשפה לפח ענק 90x75 גלילונית (50)</ItemName>
      <ManufactureName>דנשר (1963) בעמ</ManufactureName>
      <ManufactureCountry />
      <ManufactureItemDescription />
      <UnitQty>יח`</UnitQty>
      <Quantity>1</Quantity>
      <UnitMeasure />
      <BisWeighted>0</BisWeighted>
      <QtyInPackage>1</QtyInPackage>
      <ItemPrice>15.90</ItemPrice>
      <UnitOfMeasurePrice>15.90</UnitOfMeasurePrice>
      <AllowDiscount>1</AllowDiscount>
      <itemStatus>1</itemStatus>
      <LastUpdateDate />
      <LastUpdateTime />
    </Product>
    <Product>
      <PriceUpdateDate>2019/09/08 10:47</PriceUpdateDate>
      <ItemCode>7290008975780</ItemCode>
      <ItemType>1</ItemType>
      <ItemName>בונזו כופתיות קטנות קג 3</ItemName>
      <ManufactureName>דיפלומט היינץ</ManufactureName>
      <ManufactureCountry />
      <ManufactureItemDescription />
      <UnitQty>יח`</UnitQty>
      <Quantity>3</Quantity>
      <UnitMeasure>ק"ג</UnitMeasure>
      <BisWeighted>0</BisWeighted>
      <QtyInPackage>1</QtyInPackage>
      <ItemPrice>45</ItemPrice>
      <UnitOfMeasurePrice>15</UnitOfMeasurePrice>
      <AllowDiscount>0</AllowDiscount>
      <itemStatus>1</itemStatus>
      <LastUpdateDate />
      <LastUpdateTime />
    </Product>
    <Product>
      <PriceUpdateDate>2018/04/24 10:26</PriceUpdateDate>
      <ItemCode>7290008989091</ItemCode>
      <ItemType>1</ItemType>
      <ItemName>פריכיות אורז שלישיה</ItemName>
      <ManufactureName>בטר אנד דיפרנט בעמ</ManufactureName>
      <ManufactureCountry />
      <ManufactureItemDescription />
      <UnitQty>יח`</UnitQty>
      <Quantity>3</Quantity>
      <UnitMeasure>100 גרם</UnitMeasure>
      <BisWeighted>0</BisWeighted>
      <QtyInPackage>1</QtyInPackage>
      <ItemPrice>12.90</ItemPrice>
      <UnitOfMeasurePrice>4.30</UnitOfMeasurePrice>
      <AllowDiscount>0</AllowDiscount>
      <itemStatus>1</itemStatus>
      <LastUpdateDate />
      <LastUpdateTime />
    </Product>
    <Product>
      <PriceUpdateDate>2018/04/24 10:26</PriceUpdateDate>
      <ItemCode>7290008989169</ItemCode>
      <ItemType>1</ItemType>
      <ItemName>פצפוצי אורז בי   די (500 גרם)</ItemName>
      <ManufactureName>בטר אנד דיפרנט בעמ</ManufactureName>
      <ManufactureCountry />
      <ManufactureItemDescription />
      <UnitQty>יח`</UnitQty>
      <Quantity>5</Quantity>
      <UnitMeasure>100 גרם</UnitMeasure>
      <BisWeighted>0</BisWeighted>
      <QtyInPackage>1</QtyInPackage>
      <ItemPrice>16</ItemPrice>
      <UnitOfMeasurePrice>3.20</UnitOfMeasurePrice>
      <AllowDiscount>1</AllowDiscount>
      <itemStatus>1</itemStatus>
      <LastUpdateDate />
      <LastUpdateTime />
    </Product>
    <Product>
      <PriceUpdateDate>2018/04/24 10:27</PriceUpdateDate>
      <ItemCode>7290008989473</ItemCode>
      <ItemType>1</ItemType>
      <ItemName>ממרח חרובים 350 גר`</ItemName>
      <ManufactureName>בטר אנד דיפרנט בעמ</ManufactureName>
      <ManufactureCountry />
      <ManufactureItemDescription />
      <UnitQty>יח`</UnitQty>
      <Quantity>3.50</Quantity>
      <UnitMeasure>100 גרם</UnitMeasure>
      <BisWeighted>0</BisWeighted>
      <QtyInPackage>1</QtyInPackage>
      <ItemPrice>12.90</ItemPrice>
      <UnitOfMeasurePrice>3.69</UnitOfMeasurePrice>
      <AllowDiscount>0</AllowDiscount>
      <itemStatus>1</itemStatus>
      <LastUpdateDate />
      <LastUpdateTime />
    </Product>
    <Product>
      <PriceUpdateDate>2018/04/24 10:27</PriceUpdateDate>
      <ItemCode>7290008989602</ItemCode>
      <ItemType>1</ItemType>
      <ItemName>בטר פצפוצי אורז מלא 450  גר`ללא גלוטן</ItemName>
      <ManufactureName>בטר אנד דיפרנט בעמ</ManufactureName>
      <ManufactureCountry />
      <ManufactureItemDescription />
      <UnitQty>יח`</UnitQty>
      <Quantity>4.50</Quantity>
      <UnitMeasure>100 גרם</UnitMeasure>
      <BisWeighted>0</BisWeighted>
      <QtyInPackage>1</QtyInPackage>
      <ItemPrice>16</ItemPrice>
      <UnitOfMeasurePrice>3.56</UnitOfMeasurePrice>
      <AllowDiscount>0</AllowDiscount>
      <itemStatus>1</itemStatus>
      <LastUpdateDate />
      <LastUpdateTime />
    </Product>
    <Product>
      <PriceUpdateDate>2018/04/24 11:19</PriceUpdateDate>
      <ItemCode>7290008989671</ItemCode>
      <ItemType>1</ItemType>
      <ItemName>ציפוי לשניצל פריך ללא גלוטן 300 גר`</ItemName>
      <ManufactureName>בטר אנד דיפרנט בעמ</ManufactureName>
      <ManufactureCountry />
      <ManufactureItemDescription />
      <UnitQty>יח`</UnitQty>
      <Quantity>3</Quantity>
      <UnitMeasure>100 גרם</UnitMeasure>
      <BisWeighted>0</BisWeighted>
      <QtyInPackage>1</QtyInPackage>
      <ItemPrice>7.90</ItemPrice>
      <UnitOfMeasurePrice>2.63</UnitOfMeasurePrice>
      <AllowDiscount>0</AllowDiscount>
      <itemStatus>1</itemStatus>
      <LastUpdateDate />
      <LastUpdateTime />
    </Product>
    <Product>
      <PriceUpdateDate>2018/04/24 10:28</PriceUpdateDate>
      <ItemCode>7290008989695</ItemCode>
      <ItemType>1</ItemType>
      <ItemName>שלווה מצופה בדבש בשקית</ItemName>
      <ManufactureName>בטר אנד דיפרנט בעמ</ManufactureName>
      <ManufactureCountry />
      <ManufactureItemDescription />
      <UnitQty>יח`</UnitQty>
      <Quantity>4</Quantity>
      <UnitMeasure>100 גרם</UnitMeasure>
      <BisWeighted>0</BisWeighted>
      <QtyInPackage>1</QtyInPackage>
      <ItemPrice>12.90</ItemPrice>
      <UnitOfMeasurePrice>3.23</UnitOfMeasurePrice>
      <AllowDiscount>0</AllowDiscount>
      <itemStatus>1</itemStatus>
      <LastUpdateDate />
      <LastUpdateTime />
    </Product>
    <Product>
      <PriceUpdateDate>2018/04/24 09:37</PriceUpdateDate>
      <ItemCode>7290010002016</ItemCode>
      <ItemType>1</ItemType>
      <ItemName>כוסברה טחונה 100 גר`</ItemName>
      <ManufactureName>א.ל.ייצור ושיווק תבלינים בעמ</ManufactureName>
      <ManufactureCountry />
      <ManufactureItemDescription />
      <UnitQty>יח`</UnitQty>
      <Quantity>1</Quantity>
      <UnitMeasure>100 גרם</UnitMeasure>
      <BisWeighted>0</BisWeighted>
      <QtyInPackage>1</QtyInPackage>
      <ItemPrice>10.90</ItemPrice>
      <UnitOfMeasurePrice>10.90</UnitOfMeasurePrice>
      <AllowDiscount>0</AllowDiscount>
      <itemStatus>1</itemStatus>
      <LastUpdateDate />
      <LastUpdateTime />
    </Product>
    <Product>
      <PriceUpdateDate>2018/04/24 09:37</PriceUpdateDate>
      <ItemCode>7290010002023</ItemCode>
      <ItemType>1</ItemType>
      <ItemName>כורכום תבליני מימון (100 גרם)</ItemName>
      <ManufactureName>א.ל.ייצור ושיווק תבלינים בעמ</ManufactureName>
      <ManufactureCountry />
      <ManufactureItemDescription />
      <UnitQty>יח`</UnitQty>
      <Quantity>1</Quantity>
      <UnitMeasure>100 גרם</UnitMeasure>
      <BisWeighted>0</BisWeighted>
      <QtyInPackage>1</QtyInPackage>
      <ItemPrice>11.90</ItemPrice>
      <UnitOfMeasurePrice>11.90</UnitOfMeasurePrice>
      <AllowDiscount>0</AllowDiscount>
      <itemStatus>1</itemStatus>
      <LastUpdateDate />
      <LastUpdateTime />
    </Product>
    <Product>
      <PriceUpdateDate>2018/04/24 09:37</PriceUpdateDate>
      <ItemCode>7290010002030</ItemCode>
      <ItemType>1</ItemType>
      <ItemName>כמון טחון תבליני מימון (100 גרם)</ItemName>
      <ManufactureName>א.ל.ייצור ושיווק תבלינים בעמ</ManufactureName>
      <ManufactureCountry />
      <ManufactureItemDescription />
      <UnitQty>יח`</UnitQty>
      <Quantity>1</Quantity>
      <UnitMeasure>100 גרם</UnitMeasure>
      <BisWeighted>0</BisWeighted>
      <QtyInPackage>1</QtyInPackage>
      <ItemPrice>11.90</ItemPrice>
      <UnitOfMeasurePrice>11.90</UnitOfMeasurePrice>
      <AllowDiscount>0</AllowDiscount>
      <itemStatus>1</itemStatus>
      <LastUpdateDate />
      <LastUpdateTime />
    </Product>
    <Product>
      <PriceUpdateDate>2018/04/24 09:37</PriceUpdateDate>
      <ItemCode>7290010002047</ItemCode>
      <ItemType>1</ItemType>
      <ItemName>מלח לימון תבליני מימון (200 גרם)</ItemName>
      <ManufactureName>א.ל.ייצור ושיווק תבלינים בעמ</ManufactureName>
      <ManufactureCountry />
      <ManufactureItemDescription />
      <UnitQty>יח`</UnitQty>
      <Quantity>2</Quantity>
      <UnitMeasure>100 גרם</UnitMeasure>
      <BisWeighted>0</BisWeighted>
      <QtyInPackage>1</QtyInPackage>
      <ItemPrice>10.90</ItemPrice>
      <UnitOfMeasurePrice>5.45</UnitOfMeasurePrice>
      <AllowDiscount>0</AllowDiscount>
      <itemStatus>1</itemStatus>
      <LastUpdateDate />
      <LastUpdateTime />
    </Product>
    <Product>
      <PriceUpdateDate>2018/04/24 09:37</PriceUpdateDate>
      <ItemCode>7290010002061</ItemCode>
      <ItemType>1</ItemType>
      <ItemName>פלפל לבן טחון תבליני מימון (100 גרם)</ItemName>
      <ManufactureName>א.ל.ייצור ושיווק תבלינים בעמ</ManufactureName>
      <ManufactureCountry />
      <ManufactureItemDescription />
      <UnitQty>יח`</UnitQty>
      <Quantity>1</Quantity>
      <UnitMeasure>100 גרם</UnitMeasure>
      <BisWeighted>0</BisWeighted>
      <QtyInPackage>1</QtyInPackage>
      <ItemPrice>19.90</ItemPrice>
      <UnitOfMeasurePrice>19.90</UnitOfMeasurePrice>
      <AllowDiscount>0</AllowDiscount>
      <itemStatus>1</itemStatus>
      <LastUpdateDate />
      <LastUpdateTime />
    </Product>
    <Product>
      <PriceUpdateDate>2018/04/24 09:37</PriceUpdateDate>
      <ItemCode>7290010002078</ItemCode>
      <ItemType>1</ItemType>
      <ItemName>פלפל שחור טחון תבליני מימון (100 גרם)</ItemName>
      <ManufactureName>א.ל.ייצור ושיווק תבלינים בעמ</ManufactureName>
      <ManufactureCountry />
      <ManufactureItemDescription />
      <UnitQty>יח`</UnitQty>
      <Quantity>1</Quantity>
      <UnitMeasure>100 גרם</UnitMeasure>
      <BisWeighted>0</BisWeighted>
      <QtyInPackage>1</QtyInPackage>
      <ItemPrice>15.90</ItemPrice>
      <UnitOfMeasurePrice>15.90</UnitOfMeasurePrice>
      <AllowDiscount>0</AllowDiscount>
      <itemStatus>1</itemStatus>
      <LastUpdateDate />
      <LastUpdateTime />
    </Product>
    <Product>
      <PriceUpdateDate>2018/04/24 09:37</PriceUpdateDate>
      <ItemCode>7290010002108</ItemCode>
      <ItemType>1</ItemType>
      <ItemName>פלפל שחור גרוס גס תבליני מימון (90 גרם)</ItemName>
      <ManufactureName>א.ל.ייצור ושיווק תבלינים בעמ</ManufactureName>
      <ManufactureCountry />
      <ManufactureItemDescription />
      <UnitQty>יח`</UnitQty>
      <Quantity>0.90</Quantity>
      <UnitMeasure>100 גרם</UnitMeasure>
      <BisWeighted>0</BisWeighted>
      <QtyInPackage>1</QtyInPackage>
      <ItemPrice>15.90</ItemPrice>
      <UnitOfMeasurePrice>17.67</UnitOfMeasurePrice>
      <AllowDiscount>0</AllowDiscount>
      <itemStatus>1</itemStatus>
      <LastUpdateDate />
      <LastUpdateTime />
    </Product>
    <Product>
      <PriceUpdateDate>2019/01/07 10:57</PriceUpdateDate>
      <ItemCode>7290010002122</ItemCode>
      <ItemType>1</ItemType>
      <ItemName>פפריקה הונגרית מתוקה 100 גר`</ItemName>
      <ManufactureName>א.ל.ייצור ושיווק תבלינים בעמ</ManufactureName>
      <ManufactureCountry />
      <ManufactureItemDescription />
      <UnitQty>יח`</UnitQty>
      <Quantity>1</Quantity>
      <UnitMeasure>100 גרם</UnitMeasure>
      <BisWeighted>0</BisWeighted>
      <QtyInPackage>1</QtyInPackage>
      <ItemPrice>11.90</ItemPrice>
      <UnitOfMeasurePrice>11.90</UnitOfMeasurePrice>
      <AllowDiscount>0</AllowDiscount>
      <itemStatus>1</itemStatus>
      <LastUpdateDate />
      <LastUpdateTime />
    </Product>
    <Product>
      <PriceUpdateDate>2018/04/24 09:37</PriceUpdateDate>
      <ItemCode>7290010002139</ItemCode>
      <ItemType>1</ItemType>
      <ItemName>פפריקה הונגרית חריפה 100 גר`</ItemName>
      <ManufactureName>א.ל.ייצור ושיווק תבלינים בעמ</ManufactureName>
      <ManufactureCountry />
      <ManufactureItemDescription />
      <UnitQty>יח`</UnitQty>
      <Quantity>1</Quantity>
      <UnitMeasure>100 גרם</UnitMeasure>
      <BisWeighted>0</BisWeighted>
      <QtyInPackage>1</QtyInPackage>
      <ItemPrice>11.90</ItemPrice>
      <UnitOfMeasurePrice>11.90</UnitOfMeasurePrice>
      <AllowDiscount>0</AllowDiscount>
      <itemStatus>1</itemStatus>
      <LastUpdateDate />
      <LastUpdateTime />
    </Product>
    <Product>
      <PriceUpdateDate>2018/04/24 09:38</PriceUpdateDate>
      <ItemCode>7290010002207</ItemCode>
      <ItemType>1</ItemType>
      <ItemName>קינמון טחון תבליני מימון (100 גרם)</ItemName>
      <ManufactureName>א.ל.ייצור ושיווק תבלינים בעמ</ManufactureName>
      <ManufactureCountry />
      <ManufactureItemDescription />
      <UnitQty>יח`</UnitQty>
      <Quantity>1</Quantity>
      <UnitMeasure>100 גרם</UnitMeasure>
      <BisWeighted>0</BisWeighted>
      <QtyInPackage>1</QtyInPackage>
      <ItemPrice>10.90</ItemPrice>
      <UnitOfMeasurePrice>10.90</UnitOfMeasurePrice>
      <AllowDiscount>0</AllowDiscount>
      <itemStatus>1</itemStatus>
      <LastUpdateDate />
      <LastUpdateTime />
    </Product>
    <Product>
      <PriceUpdateDate>2018/04/24 09:38</PriceUpdateDate>
      <ItemCode>7290010002214</ItemCode>
      <ItemType>1</ItemType>
      <ItemName>צ`ילי גרוס תבליני מימון (70 גרם)</ItemName>
      <ManufactureName>א.ל.ייצור ושיווק תבלינים בעמ</ManufactureName>
      <ManufactureCountry />
      <ManufactureItemDescription />
      <UnitQty>יח`</UnitQty>
      <Quantity>0.70</Quantity>
      <UnitMeasure>100 גרם</UnitMeasure>
      <BisWeighted>0</BisWeighted>
      <QtyInPackage>1</QtyInPackage>
      <ItemPrice>11.90</ItemPrice>
      <UnitOfMeasurePrice>17</UnitOfMeasurePrice>
      <AllowDiscount>0</AllowDiscount>
      <itemStatus>1</itemStatus>
      <LastUpdateDate />
      <LastUpdateTime />
    </Product>
    <Product>
      <PriceUpdateDate>2018/04/24 09:38</PriceUpdateDate>
      <ItemCode>7290010002290</ItemCode>
      <ItemType>1</ItemType>
      <ItemName>תיבול לשווארמה 100 גר`</ItemName>
      <ManufactureName>א.ל.ייצור ושיווק תבלינים בעמ</ManufactureName>
      <ManufactureCountry />
      <ManufactureItemDescription />
      <UnitQty>יח`</UnitQty>
      <Quantity>1</Quantity>
      <UnitMeasure>100 גרם</UnitMeasure>
      <BisWeighted>0</BisWeighted>
      <QtyInPackage>1</QtyInPackage>
      <ItemPrice>11.90</ItemPrice>
      <UnitOfMeasurePrice>11.90</UnitOfMeasurePrice>
      <AllowDiscount>0</AllowDiscount>
      <itemStatus>1</itemStatus>
      <LastUpdateDate />
      <LastUpdateTime />
    </Product>
    <Product>
      <PriceUpdateDate>2018/04/24 09:38</PriceUpdateDate>
      <ItemCode>7290010002337</ItemCode>
      <ItemType>1</ItemType>
      <ItemName>תיבול לסטייק 100 גר`</ItemName>
      <ManufactureName>א.ל.ייצור ושיווק תבלינים בעמ</ManufactureName>
      <ManufactureCountry />
      <ManufactureItemDescription />
      <UnitQty>יח`</UnitQty>
      <Quantity>1</Quantity>
      <UnitMeasure>100 גרם</UnitMeasure>
      <BisWeighted>0</BisWeighted>
      <QtyInPackage>1</QtyInPackage>
      <ItemPrice>11.90</ItemPrice>
      <UnitOfMeasurePrice>11.90</UnitOfMeasurePrice>
      <AllowDiscount>0</AllowDiscount>
      <itemStatus>1</itemStatus>
      <LastUpdateDate />
      <LastUpdateTime />
    </Product>
    <Product>
      <PriceUpdateDate>2018/04/24 09:38</PriceUpdateDate>
      <ItemCode>7290010002344</ItemCode>
      <ItemType>1</ItemType>
      <ItemName>תיבול לדג 100 גר`</ItemName>
      <ManufactureName>א.ל.ייצור ושיווק תבלינים בעמ</ManufactureName>
      <ManufactureCountry />
      <ManufactureItemDescription />
      <UnitQty>יח`</UnitQty>
      <Quantity>1</Quantity>
      <UnitMeasure>100 גרם</UnitMeasure>
      <BisWeighted>0</BisWeighted>
      <QtyInPackage>1</QtyInPackage>
      <ItemPrice>11.90</ItemPrice>
      <UnitOfMeasurePrice>11.90</UnitOfMeasurePrice>
      <AllowDiscount>0</AllowDiscount>
      <itemStatus>1</itemStatus>
      <LastUpdateDate />
      <LastUpdateTime />
    </Product>
    <Product>
      <PriceUpdateDate>2018/04/24 11:27</PriceUpdateDate>
      <ItemCode>7290010002382</ItemCode>
      <ItemType>1</ItemType>
      <ItemName>אורגנו תבליני מימון (40 גרם)</ItemName>
      <ManufactureName>א.ל.ייצור ושיווק תבלינים בעמ</ManufactureName>
      <ManufactureCountry />
      <ManufactureItemDescription />
      <UnitQty>יח`</UnitQty>
      <Quantity>0.40</Quantity>
      <UnitMeasure>100 גרם</UnitMeasure>
      <BisWeighted>0</BisWeighted>
      <QtyInPackage>1</QtyInPackage>
      <ItemPrice>10.90</ItemPrice>
      <UnitOfMeasurePrice>27.25</UnitOfMeasurePrice>
      <AllowDiscount>0</AllowDiscount>
      <itemStatus>1</itemStatus>
      <LastUpdateDate />
      <LastUpdateTime />
    </Product>
    <Product>
      <PriceUpdateDate>2018/04/24 09:38</PriceUpdateDate>
      <ItemCode>7290010002399</ItemCode>
      <ItemType>1</ItemType>
      <ItemName>בזיליקום תבליני מימון (40 גרם)</ItemName>
      <ManufactureName>א.ל.ייצור ושיווק תבלינים בעמ</ManufactureName>
      <ManufactureCountry />
      <ManufactureItemDescription />
      <UnitQty>יח`</UnitQty>
      <Quantity>0.50</Quantity>
      <UnitMeasure>100 גרם</UnitMeasure>
      <BisWeighted>0</BisWeighted>
      <QtyInPackage>1</QtyInPackage>
      <ItemPrice>10.90</ItemPrice>
      <UnitOfMeasurePrice>21.80</UnitOfMeasurePrice>
      <AllowDiscount>0</AllowDiscount>
      <itemStatus>1</itemStatus>
      <LastUpdateDate />
      <LastUpdateTime />
    </Product>
    <Product>
      <PriceUpdateDate>2018/04/24 09:38</PriceUpdateDate>
      <ItemCode>7290010002405</ItemCode>
      <ItemType>1</ItemType>
      <ItemName>טימין הררי תבליני מימון (40 גרם)</ItemName>
      <ManufactureName>א.ל.ייצור ושיווק תבלינים בעמ</ManufactureName>
      <ManufactureCountry />
      <ManufactureItemDescription />
      <UnitQty>יח`</UnitQty>
      <Quantity>0.50</Quantity>
      <UnitMeasure>100 גרם</UnitMeasure>
      <BisWeighted>0</BisWeighted>
      <QtyInPackage>1</QtyInPackage>
      <ItemPrice>10.90</ItemPrice>
      <UnitOfMeasurePrice>21.80</UnitOfMeasurePrice>
      <AllowDiscount>0</AllowDiscount>
      <itemStatus>1</itemStatus>
      <LastUpdateDate />
      <LastUpdateTime />
    </Product>
    <Product>
      <PriceUpdateDate>2018/04/24 09:38</PriceUpdateDate>
      <ItemCode>7290010002436</ItemCode>
      <ItemType>1</ItemType>
      <ItemName>פטרוזיליה 25 גר`</ItemName>
      <ManufactureName>א.ל.ייצור ושיווק תבלינים בעמ</ManufactureName>
      <ManufactureCountry />
      <ManufactureItemDescription />
      <UnitQty>יח`</UnitQty>
      <Quantity>0.25</Quantity>
      <UnitMeasure>100 גרם</UnitMeasure>
      <BisWeighted>0</BisWeighted>
      <QtyInPackage>1</QtyInPackage>
      <ItemPrice>10.90</ItemPrice>
      <UnitOfMeasurePrice>43.60</UnitOfMeasurePrice>
      <AllowDiscount>0</AllowDiscount>
      <itemStatus>1</itemStatus>
      <LastUpdateDate />
      <LastUpdateTime />
    </Product>
    <Product>
      <PriceUpdateDate>2018/04/24 09:38</PriceUpdateDate>
      <ItemCode>7290010002450</ItemCode>
      <ItemType>1</ItemType>
      <ItemName>שמיר 25 גר`</ItemName>
      <ManufactureName>א.ל.ייצור ושיווק תבלינים בעמ</ManufactureName>
      <ManufactureCountry />
      <ManufactureItemDescription />
      <UnitQty>יח`</UnitQty>
      <Quantity>0.25</Quantity>
      <UnitMeasure>100 גרם</UnitMeasure>
      <BisWeighted>0</BisWeighted>
      <QtyInPackage>1</QtyInPackage>
      <ItemPrice>10.90</ItemPrice>
      <UnitOfMeasurePrice>43.60</UnitOfMeasurePrice>
      <AllowDiscount>0</AllowDiscount>
      <itemStatus>1</itemStatus>
      <LastUpdateDate />
      <LastUpdateTime />
    </Product>
    <Product>
      <PriceUpdateDate>2018/04/24 09:38</PriceUpdateDate>
      <ItemCode>7290010002481</ItemCode>
      <ItemType>1</ItemType>
      <ItemName>שום טחון תבליני מימון (100 גרם)</ItemName>
      <ManufactureName>א.ל.ייצור ושיווק תבלינים בעמ</ManufactureName>
      <ManufactureCountry />
      <ManufactureItemDescription />
      <UnitQty>יח`</UnitQty>
      <Quantity>1</Quantity>
      <UnitMeasure>100 גרם</UnitMeasure>
      <BisWeighted>0</BisWeighted>
      <QtyInPackage>1</QtyInPackage>
      <ItemPrice>14.90</ItemPrice>
      <UnitOfMeasurePrice>14.90</UnitOfMeasurePrice>
      <AllowDiscount>0</AllowDiscount>
      <itemStatus>1</itemStatus>
      <LastUpdateDate />
      <LastUpdateTime />
    </Product>
    <Product>
      <PriceUpdateDate>2018/04/24 09:38</PriceUpdateDate>
      <ItemCode>7290010002498</ItemCode>
      <ItemType>1</ItemType>
      <ItemName>שום גבישי תבליני מימון (120 גרם)</ItemName>
      <ManufactureName>א.ל.ייצור ושיווק תבלינים בעמ</ManufactureName>
      <ManufactureCountry />
      <ManufactureItemDescription />
      <UnitQty>יח`</UnitQty>
      <Quantity>1.20</Quantity>
      <UnitMeasure>100 גרם</UnitMeasure>
      <BisWeighted>0</BisWeighted>
      <QtyInPackage>1</QtyInPackage>
      <ItemPrice>14.90</ItemPrice>
      <UnitOfMeasurePrice>12.42</UnitOfMeasurePrice>
      <AllowDiscount>0</AllowDiscount>
      <itemStatus>1</itemStatus>
      <LastUpdateDate />
      <LastUpdateTime />
    </Product>
    <Product>
      <PriceUpdateDate>2018/04/24 09:38</PriceUpdateDate>
      <ItemCode>7290010002597</ItemCode>
      <ItemType>1</ItemType>
      <ItemName>כוסברה ירוקה תבליני מימון (20 גרם)</ItemName>
      <ManufactureName>א.ל.ייצור ושיווק תבלינים בעמ</ManufactureName>
      <ManufactureCountry />
      <ManufactureItemDescription />
      <UnitQty>יח`</UnitQty>
      <Quantity>0.30</Quantity>
      <UnitMeasure>100 גרם</UnitMeasure>
      <BisWeighted>0</BisWeighted>
      <QtyInPackage>1</QtyInPackage>
      <ItemPrice>10.90</ItemPrice>
      <UnitOfMeasurePrice>36.33</UnitOfMeasurePrice>
      <AllowDiscount>0</AllowDiscount>
      <itemStatus>1</itemStatus>
      <LastUpdateDate />
      <LastUpdateTime />
    </Product>
    <Product>
      <PriceUpdateDate>2019/07/21 09:03</PriceUpdateDate>
      <ItemCode>7290010002658</ItemCode>
      <ItemType>1</ItemType>
      <ItemName>פלפל מתוק 150 גר`</ItemName>
      <ManufactureName>א.ל.ייצור ושיווק תבלינים בעמ</ManufactureName>
      <ManufactureCountry />
      <ManufactureItemDescription />
      <UnitQty>יח`</UnitQty>
      <Quantity>1.50</Quantity>
      <UnitMeasure>100 גרם</UnitMeasure>
      <BisWeighted>0</BisWeighted>
      <QtyInPackage>1</QtyInPackage>
      <ItemPrice>12.90</ItemPrice>
      <UnitOfMeasurePrice>8.60</UnitOfMeasurePrice>
      <AllowDiscount>0</AllowDiscount>
      <itemStatus>1</itemStatus>
      <LastUpdateDate />
      <LastUpdateTime />
    </Product>
    <Product>
      <PriceUpdateDate>2018/04/24 09:40</PriceUpdateDate>
      <ItemCode>7290010002726</ItemCode>
      <ItemType>1</ItemType>
      <ItemName>תבלין לפרגיות 100 גר`</ItemName>
      <ManufactureName>א.ל.ייצור ושיווק תבלינים בעמ</ManufactureName>
      <ManufactureCountry />
      <ManufactureItemDescription />
      <UnitQty>יח`</UnitQty>
      <Quantity>1</Quantity>
      <UnitMeasure>100 גרם</UnitMeasure>
      <BisWeighted>0</BisWeighted>
      <QtyInPackage>1</QtyInPackage>
      <ItemPrice>11.90</ItemPrice>
      <UnitOfMeasurePrice>11.90</UnitOfMeasurePrice>
      <AllowDiscount>0</AllowDiscount>
      <itemStatus>1</itemStatus>
      <LastUpdateDate />
      <LastUpdateTime />
    </Product>
    <Product>
      <PriceUpdateDate>2018/04/26 12:09</PriceUpdateDate>
      <ItemCode>7290010003440</ItemCode>
      <ItemType>1</ItemType>
      <ItemName>שבבי בצל מטוגן 200 גר`</ItemName>
      <ManufactureName>א.ל.ייצור ושיווק תבלינים בעמ</ManufactureName>
      <ManufactureCountry />
      <ManufactureItemDescription />
      <UnitQty>יח`</UnitQty>
      <Quantity>2</Quantity>
      <UnitMeasure>100 גרם</UnitMeasure>
      <BisWeighted>0</BisWeighted>
      <QtyInPackage>1</QtyInPackage>
      <ItemPrice>9.90</ItemPrice>
      <UnitOfMeasurePrice>4.95</UnitOfMeasurePrice>
      <AllowDiscount>0</AllowDiscount>
      <itemStatus>1</itemStatus>
      <LastUpdateDate />
      <LastUpdateTime />
    </Product>
    <Product>
      <PriceUpdateDate>2018/04/24 12:07</PriceUpdateDate>
      <ItemCode>7290010003693</ItemCode>
      <ItemType>1</ItemType>
      <ItemName>פפריקה מתוקה תבליני מימון (80 גרם)</ItemName>
      <ManufactureName>א.ל.ייצור ושיווק תבלינים בעמ</ManufactureName>
      <ManufactureCountry />
      <ManufactureItemDescription />
      <UnitQty>יח`</UnitQty>
      <Quantity>0.80</Quantity>
      <UnitMeasure>100 גרם</UnitMeasure>
      <BisWeighted>0</BisWeighted>
      <QtyInPackage>1</QtyInPackage>
      <ItemPrice>5.90</ItemPrice>
      <UnitOfMeasurePrice>7.38</UnitOfMeasurePrice>
      <AllowDiscount>0</AllowDiscount>
      <itemStatus>1</itemStatus>
      <LastUpdateDate />
      <LastUpdateTime />
    </Product>
    <Product>
      <PriceUpdateDate>2018/04/24 12:08</PriceUpdateDate>
      <ItemCode>7290010003709</ItemCode>
      <ItemType>1</ItemType>
      <ItemName>פלפל שחור טחון תבליני מימון (50 גרם)</ItemName>
      <ManufactureName>א.ל.ייצור ושיווק תבלינים בעמ</ManufactureName>
      <ManufactureCountry />
      <ManufactureItemDescription />
      <UnitQty>יח`</UnitQty>
      <Quantity>0.50</Quantity>
      <UnitMeasure>100 גרם</UnitMeasure>
      <BisWeighted>0</BisWeighted>
      <QtyInPackage>1</QtyInPackage>
      <ItemPrice>7.90</ItemPrice>
      <UnitOfMeasurePrice>15.80</UnitOfMeasurePrice>
      <AllowDiscount>0</AllowDiscount>
      <itemStatus>1</itemStatus>
      <LastUpdateDate />
      <LastUpdateTime />
    </Product>
    <Product>
      <PriceUpdateDate>2018/04/24 12:08</PriceUpdateDate>
      <ItemCode>7290010003754</ItemCode>
      <ItemType>1</ItemType>
      <ItemName>כמון טחון תבליני מימון (50 גרם)</ItemName>
      <ManufactureName>א.ל.ייצור ושיווק תבלינים בעמ</ManufactureName>
      <ManufactureCountry />
      <ManufactureItemDescription />
      <UnitQty>יח`</UnitQty>
      <Quantity>0.50</Quantity>
      <UnitMeasure>100 גרם</UnitMeasure>
      <BisWeighted>0</BisWeighted>
      <QtyInPackage>1</QtyInPackage>
      <ItemPrice>5.90</ItemPrice>
      <UnitOfMeasurePrice>11.80</UnitOfMeasurePrice>
      <AllowDiscount>0</AllowDiscount>
      <itemStatus>1</itemStatus>
      <LastUpdateDate />
      <LastUpdateTime />
    </Product>
    <Product>
      <PriceUpdateDate>2018/04/24 12:08</PriceUpdateDate>
      <ItemCode>7290010003761</ItemCode>
      <ItemType>1</ItemType>
      <ItemName>כורכום טחון תבליני מימון (80 גרם)</ItemName>
      <ManufactureName>א.ל.ייצור ושיווק תבלינים בעמ</ManufactureName>
      <ManufactureCountry />
      <ManufactureItemDescription />
      <UnitQty>יח`</UnitQty>
      <Quantity>0.80</Quantity>
      <UnitMeasure>100 גרם</UnitMeasure>
      <BisWeighted>0</BisWeighted>
      <QtyInPackage>1</QtyInPackage>
      <ItemPrice>5.90</ItemPrice>
      <UnitOfMeasurePrice>7.38</UnitOfMeasurePrice>
      <AllowDiscount>0</AllowDiscount>
      <itemStatus>1</itemStatus>
      <LastUpdateDate />
      <LastUpdateTime />
    </Product>
    <Product>
      <PriceUpdateDate>2018/04/24 12:08</PriceUpdateDate>
      <ItemCode>7290010003792</ItemCode>
      <ItemType>1</ItemType>
      <ItemName>מלח לימון תבליני מימון (100 גרם)</ItemName>
      <ManufactureName>א.ל.ייצור ושיווק תבלינים בעמ</ManufactureName>
      <ManufactureCountry />
      <ManufactureItemDescription />
      <UnitQty>יח`</UnitQty>
      <Quantity>1</Quantity>
      <UnitMeasure>100 גרם</UnitMeasure>
      <BisWeighted>0</BisWeighted>
      <QtyInPackage>1</QtyInPackage>
      <ItemPrice>5.90</ItemPrice>
      <UnitOfMeasurePrice>5.90</UnitOfMeasurePrice>
      <AllowDiscount>0</AllowDiscount>
      <itemStatus>1</itemStatus>
      <LastUpdateDate />
      <LastUpdateTime />
    </Product>
    <Product>
      <PriceUpdateDate>2018/04/24 12:08</PriceUpdateDate>
      <ItemCode>7290010003808</ItemCode>
      <ItemType>1</ItemType>
      <ItemName>זעתר ושומשום בשקית תבליני מימון (80 גרם)</ItemName>
      <ManufactureName>א.ל.ייצור ושיווק תבלינים בעמ</ManufactureName>
      <ManufactureCountry />
      <ManufactureItemDescription />
      <UnitQty>יח`</UnitQty>
      <Quantity>0.80</Quantity>
      <UnitMeasure>100 גרם</UnitMeasure>
      <BisWeighted>0</BisWeighted>
      <QtyInPackage>1</QtyInPackage>
      <ItemPrice>5.90</ItemPrice>
      <UnitOfMeasurePrice>7.38</UnitOfMeasurePrice>
      <AllowDiscount>0</AllowDiscount>
      <itemStatus>1</itemStatus>
      <LastUpdateDate />
      <LastUpdateTime />
    </Product>
    <Product>
      <PriceUpdateDate>2018/04/24 09:40</PriceUpdateDate>
      <ItemCode>7290010003815</ItemCode>
      <ItemType>1</ItemType>
      <ItemName>פלפל שטה 150 גר`</ItemName>
      <ManufactureName>א.ל.ייצור ושיווק תבלינים בעמ</ManufactureName>
      <ManufactureCountry />
      <ManufactureItemDescription />
      <UnitQty>יח`</UnitQty>
      <Quantity>1.50</Quantity>
      <UnitMeasure>100 גרם</UnitMeasure>
      <BisWeighted>0</BisWeighted>
      <QtyInPackage>1</QtyInPackage>
      <ItemPrice>14.90</ItemPrice>
      <UnitOfMeasurePrice>9.93</UnitOfMeasurePrice>
      <AllowDiscount>0</AllowDiscount>
      <itemStatus>1</itemStatus>
      <LastUpdateDate />
      <LastUpdateTime />
    </Product>
    <Product>
      <PriceUpdateDate>2018/04/24 12:08</PriceUpdateDate>
      <ItemCode>7290010003839</ItemCode>
      <ItemType>1</ItemType>
      <ItemName>קינמון טחון תבליני מימון (80 גרם)</ItemName>
      <ManufactureName>א.ל.ייצור ושיווק תבלינים בעמ</ManufactureName>
      <ManufactureCountry />
      <ManufactureItemDescription />
      <UnitQty>יח`</UnitQty>
      <Quantity>0.80</Quantity>
      <UnitMeasure>100 גרם</UnitMeasure>
      <BisWeighted>0</BisWeighted>
      <QtyInPackage>1</QtyInPackage>
      <ItemPrice>5.90</ItemPrice>
      <UnitOfMeasurePrice>7.38</UnitOfMeasurePrice>
      <AllowDiscount>0</AllowDiscount>
      <itemStatus>1</itemStatus>
      <LastUpdateDate />
      <LastUpdateTime />
    </Product>
    <Product>
      <PriceUpdateDate>2018/04/24 09:40</PriceUpdateDate>
      <ItemCode>7290010003846</ItemCode>
      <ItemType>1</ItemType>
      <ItemName>אורגנו תבליני מימון (20 גרם)</ItemName>
      <ManufactureName>א.ל.ייצור ושיווק תבלינים בעמ</ManufactureName>
      <ManufactureCountry />
      <ManufactureItemDescription />
      <UnitQty>יח`</UnitQty>
      <Quantity>0.20</Quantity>
      <UnitMeasure>100 גרם</UnitMeasure>
      <BisWeighted>0</BisWeighted>
      <QtyInPackage>1</QtyInPackage>
      <ItemPrice>5.90</ItemPrice>
      <UnitOfMeasurePrice>29.50</UnitOfMeasurePrice>
      <AllowDiscount>0</AllowDiscount>
      <itemStatus>1</itemStatus>
      <LastUpdateDate />
      <LastUpdateTime />
    </Product>
    <Product>
      <PriceUpdateDate>2018/04/24 10:17</PriceUpdateDate>
      <ItemCode>7290010018017</ItemCode>
      <ItemType>1</ItemType>
      <ItemName>ממרח כבד עם שום</ItemName>
      <ManufactureName>יורוסטנדרט בעמ</ManufactureName>
      <ManufactureCountry />
      <ManufactureItemDescription />
      <UnitQty>יח`</UnitQty>
      <Quantity>1.40</Quantity>
      <UnitMeasure>100 גרם</UnitMeasure>
      <BisWeighted>0</BisWeighted>
      <QtyInPackage>1</QtyInPackage>
      <ItemPrice>4.90</ItemPrice>
      <UnitOfMeasurePrice>3.50</UnitOfMeasurePrice>
      <AllowDiscount>0</AllowDiscount>
      <itemStatus>1</itemStatus>
      <LastUpdateDate />
      <LastUpdateTime />
    </Product>
    <Product>
      <PriceUpdateDate>2018/04/24 10:17</PriceUpdateDate>
      <ItemCode>7290010018024</ItemCode>
      <ItemType>1</ItemType>
      <ItemName>ממרח כבד עם פיטריות</ItemName>
      <ManufactureName>יורוסטנדרט בעמ</ManufactureName>
      <ManufactureCountry />
      <ManufactureItemDescription />
      <UnitQty>יח`</UnitQty>
      <Quantity>1.40</Quantity>
      <UnitMeasure>100 גרם</UnitMeasure>
      <BisWeighted>0</BisWeighted>
      <QtyInPackage>1</QtyInPackage>
      <ItemPrice>4.90</ItemPrice>
      <UnitOfMeasurePrice>3.50</UnitOfMeasurePrice>
      <AllowDiscount>0</AllowDiscount>
      <itemStatus>1</itemStatus>
      <LastUpdateDate />
      <LastUpdateTime />
    </Product>
    <Product>
      <PriceUpdateDate>2018/10/11 09:58</PriceUpdateDate>
      <ItemCode>7290010023141</ItemCode>
      <ItemType>1</ItemType>
      <ItemName>תה לימונענע ויסוצקי הגן הקסום) (25</ItemName>
      <ManufactureName>תה ויסוצקי (ישראל) בעמ</ManufactureName>
      <ManufactureCountry />
      <ManufactureItemDescription />
      <UnitQty>יח`</UnitQty>
      <Quantity>0.50</Quantity>
      <UnitMeasure>100 גרם</UnitMeasure>
      <BisWeighted>0</BisWeighted>
      <QtyInPackage>1</QtyInPackage>
      <ItemPrice>17.50</ItemPrice>
      <UnitOfMeasurePrice>35</UnitOfMeasurePrice>
      <AllowDiscount>0</AllowDiscount>
      <itemStatus>1</itemStatus>
      <LastUpdateDate />
      <LastUpdateTime />
    </Product>
    <Product>
      <PriceUpdateDate>2019/07/07 09:25</PriceUpdateDate>
      <ItemCode>7290010045051</ItemCode>
      <ItemType>1</ItemType>
      <ItemName>עוגיות מלבן שקדים לחמי (250 גרם)</ItemName>
      <ManufactureName>תה ויסוצקי (ישראל) בעמ</ManufactureName>
      <ManufactureCountry />
      <ManufactureItemDescription />
      <UnitQty>יח`</UnitQty>
      <Quantity>2.80</Quantity>
      <UnitMeasure>100 גרם</UnitMeasure>
      <BisWeighted>0</BisWeighted>
      <QtyInPackage>1</QtyInPackage>
      <ItemPrice>17.90</ItemPrice>
      <UnitOfMeasurePrice>6.39</UnitOfMeasurePrice>
      <AllowDiscount>0</AllowDiscount>
      <itemStatus>1</itemStatus>
      <LastUpdateDate />
      <LastUpdateTime />
    </Product>
    <Product>
      <PriceUpdateDate>2019/07/07 09:25</PriceUpdateDate>
      <ItemCode>7290010045068</ItemCode>
      <ItemType>1</ItemType>
      <ItemName>עוגיות נסיכה לחמי (250 גרם)</ItemName>
      <ManufactureName>תה ויסוצקי (ישראל) בעמ</ManufactureName>
      <ManufactureCountry />
      <ManufactureItemDescription />
      <UnitQty>יח`</UnitQty>
      <Quantity>2.50</Quantity>
      <UnitMeasure>100 גרם</UnitMeasure>
      <BisWeighted>0</BisWeighted>
      <QtyInPackage>1</QtyInPackage>
      <ItemPrice>17.90</ItemPrice>
      <UnitOfMeasurePrice>7.16</UnitOfMeasurePrice>
      <AllowDiscount>0</AllowDiscount>
      <itemStatus>1</itemStatus>
      <LastUpdateDate />
      <LastUpdateTime />
    </Product>
    <Product>
      <PriceUpdateDate>2018/08/13 09:39</PriceUpdateDate>
      <ItemCode>7290010051021</ItemCode>
      <ItemType>1</ItemType>
      <ItemName>בזיליקום א.אדמה</ItemName>
      <ManufactureName>א.אדמה (2007) בעמ</ManufactureName>
      <ManufactureCountry />
      <ManufactureItemDescription />
      <UnitQty>יח`</UnitQty>
      <Quantity>1</Quantity>
      <UnitMeasure />
      <BisWeighted>0</BisWeighted>
      <QtyInPackage>1</QtyInPackage>
      <ItemPrice>4.90</ItemPrice>
      <UnitOfMeasurePrice>4.90</UnitOfMeasurePrice>
      <AllowDiscount>1</AllowDiscount>
      <itemStatus>1</itemStatus>
      <LastUpdateDate />
      <LastUpdateTime />
    </Product>
    <Product>
      <PriceUpdateDate>2018/08/13 09:39</PriceUpdateDate>
      <ItemCode>7290010051045</ItemCode>
      <ItemType>1</ItemType>
      <ItemName>סלט ביבי מיקס בנספק</ItemName>
      <ManufactureName>א.אדמה (2007) בעמ</ManufactureName>
      <ManufactureCountry />
      <ManufactureItemDescription />
      <UnitQty>יח`</UnitQty>
      <Quantity>1</Quantity>
      <UnitMeasure />
      <BisWeighted>0</BisWeighted>
      <QtyInPackage>1</QtyInPackage>
      <ItemPrice>7.90</ItemPrice>
      <UnitOfMeasurePrice>7.90</UnitOfMeasurePrice>
      <AllowDiscount>1</AllowDiscount>
      <itemStatus>1</itemStatus>
      <LastUpdateDate />
      <LastUpdateTime />
    </Product>
    <Product>
      <PriceUpdateDate>2019/01/07 10:57</PriceUpdateDate>
      <ItemCode>7290010051076</ItemCode>
      <ItemType>1</ItemType>
      <ItemName>לבבות חסה קיסר</ItemName>
      <ManufactureName>א.אדמה (2007) בעמ</ManufactureName>
      <ManufactureCountry />
      <ManufactureItemDescription />
      <UnitQty>יח`</UnitQty>
      <Quantity>1</Quantity>
      <UnitMeasure />
      <BisWeighted>0</BisWeighted>
      <QtyInPackage>1</QtyInPackage>
      <ItemPrice>9.90</ItemPrice>
      <UnitOfMeasurePrice>9.90</UnitOfMeasurePrice>
      <AllowDiscount>1</AllowDiscount>
      <itemStatus>1</itemStatus>
      <LastUpdateDate />
      <LastUpdateTime />
    </Product>
    <Product>
      <PriceUpdateDate>2018/08/13 09:39</PriceUpdateDate>
      <ItemCode>7290010051113</ItemCode>
      <ItemType>1</ItemType>
      <ItemName>טימין / קורנית</ItemName>
      <ManufactureName>א.אדמה (2007) בעמ</ManufactureName>
      <ManufactureCountry />
      <ManufactureItemDescription />
      <UnitQty>יח`</UnitQty>
      <Quantity>1</Quantity>
      <UnitMeasure />
      <BisWeighted>0</BisWeighted>
      <QtyInPackage>1</QtyInPackage>
      <ItemPrice>4.90</ItemPrice>
      <UnitOfMeasurePrice>4.90</UnitOfMeasurePrice>
      <AllowDiscount>1</AllowDiscount>
      <itemStatus>1</itemStatus>
      <LastUpdateDate />
      <LastUpdateTime />
    </Product>
    <Product>
      <PriceUpdateDate>2018/08/13 09:39</PriceUpdateDate>
      <ItemCode>7290010051144</ItemCode>
      <ItemType>1</ItemType>
      <ItemName>תרד עלים אורגני א.אדמה</ItemName>
      <ManufactureName>א.אדמה (2007) בעמ</ManufactureName>
      <ManufactureCountry />
      <ManufactureItemDescription />
      <UnitQty>יח`</UnitQty>
      <Quantity>1.80</Quantity>
      <UnitMeasure>100 גרם</UnitMeasure>
      <BisWeighted>0</BisWeighted>
      <QtyInPackage>1</QtyInPackage>
      <ItemPrice>8.90</ItemPrice>
      <UnitOfMeasurePrice>4.94</UnitOfMeasurePrice>
      <AllowDiscount>1</AllowDiscount>
      <itemStatus>1</itemStatus>
      <LastUpdateDate />
      <LastUpdateTime />
    </Product>
    <Product>
      <PriceUpdateDate>2018/04/24 12:49</PriceUpdateDate>
      <ItemCode>7290010051212</ItemCode>
      <ItemType>1</ItemType>
      <ItemName>סלרי ראש.</ItemName>
      <ManufactureName>א.אדמה (2007) בעמ</ManufactureName>
      <ManufactureCountry />
      <ManufactureItemDescription />
      <UnitQty>יח`</UnitQty>
      <Quantity>3</Quantity>
      <UnitMeasure>100 גרם</UnitMeasure>
      <BisWeighted>0</BisWeighted>
      <QtyInPackage>1</QtyInPackage>
      <ItemPrice>4.90</ItemPrice>
      <UnitOfMeasurePrice>1.63</UnitOfMeasurePrice>
      <AllowDiscount>1</AllowDiscount>
      <itemStatus>1</itemStatus>
      <LastUpdateDate />
      <LastUpdateTime />
    </Product>
    <Product>
      <PriceUpdateDate>2019/01/07 10:57</PriceUpdateDate>
      <ItemCode>7290010051236</ItemCode>
      <ItemType>1</ItemType>
      <ItemName>חסה משי אורגני א.אדמה</ItemName>
      <ManufactureName>א.אדמה (2007) בעמ</ManufactureName>
      <ManufactureCountry />
      <ManufactureItemDescription />
      <UnitQty>יח`</UnitQty>
      <Quantity>1</Quantity>
      <UnitMeasure />
      <BisWeighted>0</BisWeighted>
      <QtyInPackage>1</QtyInPackage>
      <ItemPrice>10</ItemPrice>
      <UnitOfMeasurePrice>10</UnitOfMeasurePrice>
      <AllowDiscount>1</AllowDiscount>
      <itemStatus>1</itemStatus>
      <LastUpdateDate />
      <LastUpdateTime />
    </Product>
    <Product>
      <PriceUpdateDate>2018/08/13 09:39</PriceUpdateDate>
      <ItemCode>7290010051250</ItemCode>
      <ItemType>1</ItemType>
      <ItemName>אורגנו</ItemName>
      <ManufactureName>א.אדמה (2007) בעמ</ManufactureName>
      <ManufactureCountry />
      <ManufactureItemDescription />
      <UnitQty>יח`</UnitQty>
      <Quantity>1</Quantity>
      <UnitMeasure />
      <BisWeighted>0</BisWeighted>
      <QtyInPackage>1</QtyInPackage>
      <ItemPrice>4.90</ItemPrice>
      <UnitOfMeasurePrice>4.90</UnitOfMeasurePrice>
      <AllowDiscount>1</AllowDiscount>
      <itemStatus>1</itemStatus>
      <LastUpdateDate />
      <LastUpdateTime />
    </Product>
    <Product>
      <PriceUpdateDate>2019/01/07 10:57</PriceUpdateDate>
      <ItemCode>7290010051267</ItemCode>
      <ItemType>1</ItemType>
      <ItemName>לוף ארוז - א.אדמה</ItemName>
      <ManufactureName>א.אדמה (2007) בעמ</ManufactureName>
      <ManufactureCountry />
      <ManufactureItemDescription />
      <UnitQty>יח`</UnitQty>
      <Quantity>1</Quantity>
      <UnitMeasure />
      <BisWeighted>0</BisWeighted>
      <QtyInPackage>1</QtyInPackage>
      <ItemPrice>9.90</ItemPrice>
      <UnitOfMeasurePrice>9.90</UnitOfMeasurePrice>
      <AllowDiscount>1</AllowDiscount>
      <itemStatus>1</itemStatus>
      <LastUpdateDate />
      <LastUpdateTime />
    </Product>
    <Product>
      <PriceUpdateDate>2020/03/17 10:12</PriceUpdateDate>
      <ItemCode>7290010051281</ItemCode>
      <ItemType>1</ItemType>
      <ItemName>עלה רוקולה</ItemName>
      <ManufactureName>א.אדמה (2007) בעמ</ManufactureName>
      <ManufactureCountry />
      <ManufactureItemDescription />
      <UnitQty>יח`</UnitQty>
      <Quantity>1.50</Quantity>
      <UnitMeasure>100 גרם</UnitMeasure>
      <BisWeighted>0</BisWeighted>
      <QtyInPackage>1</QtyInPackage>
      <ItemPrice>4.90</ItemPrice>
      <UnitOfMeasurePrice>3.27</UnitOfMeasurePrice>
      <AllowDiscount>1</AllowDiscount>
      <itemStatus>1</itemStatus>
      <LastUpdateDate />
      <LastUpdateTime />
    </Product>
    <Product>
      <PriceUpdateDate>2018/04/24 12:50</PriceUpdateDate>
      <ItemCode>7290010051311</ItemCode>
      <ItemType>1</ItemType>
      <ItemName>סלרי חתוך</ItemName>
      <ManufactureName>א.אדמה (2007) בעמ</ManufactureName>
      <ManufactureCountry />
      <ManufactureItemDescription />
      <UnitQty>יח`</UnitQty>
      <Quantity>1</Quantity>
      <UnitMeasure />
      <BisWeighted>0</BisWeighted>
      <QtyInPackage>1</QtyInPackage>
      <ItemPrice>5.90</ItemPrice>
      <UnitOfMeasurePrice>5.90</UnitOfMeasurePrice>
      <AllowDiscount>1</AllowDiscount>
      <itemStatus>1</itemStatus>
      <LastUpdateDate />
      <LastUpdateTime />
    </Product>
    <Product>
      <PriceUpdateDate>2018/08/13 09:39</PriceUpdateDate>
      <ItemCode>7290010051373</ItemCode>
      <ItemType>1</ItemType>
      <ItemName>לבבות חסה בשקית</ItemName>
      <ManufactureName>א.אדמה (2007) בעמ</ManufactureName>
      <ManufactureCountry />
      <ManufactureItemDescription />
      <UnitQty>יח`</UnitQty>
      <Quantity>1</Quantity>
      <UnitMeasure />
      <BisWeighted>0</BisWeighted>
      <QtyInPackage>1</QtyInPackage>
      <ItemPrice>9.90</ItemPrice>
      <UnitOfMeasurePrice>9.90</UnitOfMeasurePrice>
      <AllowDiscount>1</AllowDiscount>
      <itemStatus>1</itemStatus>
      <LastUpdateDate />
      <LastUpdateTime />
    </Product>
    <Product>
      <PriceUpdateDate>2018/04/24 13:02</PriceUpdateDate>
      <ItemCode>7290010051434</ItemCode>
      <ItemType>1</ItemType>
      <ItemName>חסה סלנובה</ItemName>
      <ManufactureName>א.אדמה (2007) בעמ</ManufactureName>
      <ManufactureCountry />
      <ManufactureItemDescription />
      <UnitQty>יח`</UnitQty>
      <Quantity>1</Quantity>
      <UnitMeasure />
      <BisWeighted>0</BisWeighted>
      <QtyInPackage>1</QtyInPackage>
      <ItemPrice>9.90</ItemPrice>
      <UnitOfMeasurePrice>9.90</UnitOfMeasurePrice>
      <AllowDiscount>1</AllowDiscount>
      <itemStatus>1</itemStatus>
      <LastUpdateDate />
      <LastUpdateTime />
    </Product>
    <Product>
      <PriceUpdateDate>2018/04/24 11:08</PriceUpdateDate>
      <ItemCode>7290010065295</ItemCode>
      <ItemType>1</ItemType>
      <ItemName>מחית פרינוק תפו</ItemName>
      <ManufactureName>גורי מוצרי צריכה (1991) בעמ</ManufactureName>
      <ManufactureCountry />
      <ManufactureItemDescription />
      <UnitQty>יח`</UnitQty>
      <Quantity>1.30</Quantity>
      <UnitMeasure>100 גרם</UnitMeasure>
      <BisWeighted>0</BisWeighted>
      <QtyInPackage>1</QtyInPackage>
      <ItemPrice>4.90</ItemPrice>
      <UnitOfMeasurePrice>3.77</UnitOfMeasurePrice>
      <AllowDiscount>0</AllowDiscount>
      <itemStatus>1</itemStatus>
      <LastUpdateDate />
      <LastUpdateTime />
    </Product>
    <Product>
      <PriceUpdateDate>2018/04/24 10:47</PriceUpdateDate>
      <ItemCode>7290010065332</ItemCode>
      <ItemType>1</ItemType>
      <ItemName>מחית פרינוק 190 גר`</ItemName>
      <ManufactureName>גורי מוצרי צריכה (1991) בעמ</ManufactureName>
      <ManufactureCountry />
      <ManufactureItemDescription />
      <UnitQty>יח`</UnitQty>
      <Quantity>1.90</Quantity>
      <UnitMeasure>100 גרם</UnitMeasure>
      <BisWeighted>0</BisWeighted>
      <QtyInPackage>1</QtyInPackage>
      <ItemPrice>5.90</ItemPrice>
      <UnitOfMeasurePrice>3.11</UnitOfMeasurePrice>
      <AllowDiscount>1</AllowDiscount>
      <itemStatus>1</itemStatus>
      <LastUpdateDate />
      <LastUpdateTime />
    </Product>
    <Product>
      <PriceUpdateDate>2019/02/06 11:39</PriceUpdateDate>
      <ItemCode>7290010066513</ItemCode>
      <ItemType>1</ItemType>
      <ItemName>פילטונה בשמן רביעיה</ItemName>
      <ManufactureName>פילטונה תעשיות בעמ</ManufactureName>
      <ManufactureCountry />
      <ManufactureItemDescription />
      <UnitQty>יח`</UnitQty>
      <Quantity>1</Quantity>
      <UnitMeasure />
      <BisWeighted>0</BisWeighted>
      <QtyInPackage>1</QtyInPackage>
      <ItemPrice>19.90</ItemPrice>
      <UnitOfMeasurePrice>19.90</UnitOfMeasurePrice>
      <AllowDiscount>0</AllowDiscount>
      <itemStatus>1</itemStatus>
      <LastUpdateDate />
      <LastUpdateTime />
    </Product>
    <Product>
      <PriceUpdateDate>2019/02/06 11:39</PriceUpdateDate>
      <ItemCode>7290010066575</ItemCode>
      <ItemType>1</ItemType>
      <ItemName>פילטונה במים רביעיה</ItemName>
      <ManufactureName>פילטונה תעשיות בעמ</ManufactureName>
      <ManufactureCountry />
      <ManufactureItemDescription />
      <UnitQty>יח`</UnitQty>
      <Quantity>6.40</Quantity>
      <UnitMeasure>100 גרם</UnitMeasure>
      <BisWeighted>0</BisWeighted>
      <QtyInPackage>1</QtyInPackage>
      <ItemPrice>19.90</ItemPrice>
      <UnitOfMeasurePrice>3.11</UnitOfMeasurePrice>
      <AllowDiscount>0</AllowDiscount>
      <itemStatus>1</itemStatus>
      <LastUpdateDate />
      <LastUpdateTime />
    </Product>
    <Product>
      <PriceUpdateDate>2019/01/30 09:36</PriceUpdateDate>
      <ItemCode>7290010066582</ItemCode>
      <ItemType>1</ItemType>
      <ItemName>פילטונה בשמן קנולה רביעיה</ItemName>
      <ManufactureName>פילטונה תעשיות בעמ</ManufactureName>
      <ManufactureCountry />
      <ManufactureItemDescription />
      <UnitQty>יח`</UnitQty>
      <Quantity>6.40</Quantity>
      <UnitMeasure>100 גרם</UnitMeasure>
      <BisWeighted>0</BisWeighted>
      <QtyInPackage>1</QtyInPackage>
      <ItemPrice>19.90</ItemPrice>
      <UnitOfMeasurePrice>3.11</UnitOfMeasurePrice>
      <AllowDiscount>0</AllowDiscount>
      <itemStatus>1</itemStatus>
      <LastUpdateDate />
      <LastUpdateTime />
    </Product>
    <Product>
      <PriceUpdateDate>2019/01/30 09:36</PriceUpdateDate>
      <ItemCode>7290010066599</ItemCode>
      <ItemType>1</ItemType>
      <ItemName>פילטונה נתחי טונה בשמן זית רביעייה</ItemName>
      <ManufactureName>פילטונה תעשיות בעמ</ManufactureName>
      <ManufactureCountry />
      <ManufactureItemDescription />
      <UnitQty>יח`</UnitQty>
      <Quantity>6.40</Quantity>
      <UnitMeasure>100 גרם</UnitMeasure>
      <BisWeighted>0</BisWeighted>
      <QtyInPackage>1</QtyInPackage>
      <ItemPrice>25.90</ItemPrice>
      <UnitOfMeasurePrice>4.05</UnitOfMeasurePrice>
      <AllowDiscount>0</AllowDiscount>
      <itemStatus>1</itemStatus>
      <LastUpdateDate />
      <LastUpdateTime />
    </Product>
    <Product>
      <PriceUpdateDate>2018/04/24 12:00</PriceUpdateDate>
      <ItemCode>7290010066957</ItemCode>
      <ItemType>1</ItemType>
      <ItemName>טונה בשמן 960  גר` פרינס(פילטונה)</ItemName>
      <ManufactureName>פילטונה תעשיות בעמ</ManufactureName>
      <ManufactureCountry />
      <ManufactureItemDescription />
      <UnitQty>יח`</UnitQty>
      <Quantity>9.60</Quantity>
      <UnitMeasure>100 גרם</UnitMeasure>
      <BisWeighted>0</BisWeighted>
      <QtyInPackage>1</QtyInPackage>
      <ItemPrice>26.90</ItemPrice>
      <UnitOfMeasurePrice>2.80</UnitOfMeasurePrice>
      <AllowDiscount>0</AllowDiscount>
      <itemStatus>1</itemStatus>
      <LastUpdateDate />
      <LastUpdateTime />
    </Product>
    <Product>
      <PriceUpdateDate>2018/08/05 11:28</PriceUpdateDate>
      <ItemCode>7290010116980</ItemCode>
      <ItemType>1</ItemType>
      <ItemName>שוקולית אבקת שוקו עלית (850 גרם)</ItemName>
      <ManufactureName>שטראוס גרופ בעמ</ManufactureName>
      <ManufactureCountry />
      <ManufactureItemDescription />
      <UnitQty>יח`</UnitQty>
      <Quantity>8.50</Quantity>
      <UnitMeasure>100 גרם</UnitMeasure>
      <BisWeighted>0</BisWeighted>
      <QtyInPackage>1</QtyInPackage>
      <ItemPrice>18.50</ItemPrice>
      <UnitOfMeasurePrice>2.18</UnitOfMeasurePrice>
      <AllowDiscount>0</AllowDiscount>
      <itemStatus>1</itemStatus>
      <LastUpdateDate />
      <LastUpdateTime />
    </Product>
    <Product>
      <PriceUpdateDate>2018/04/24 09:34</PriceUpdateDate>
      <ItemCode>7290010117864</ItemCode>
      <ItemType>1</ItemType>
      <ItemName>חטיף תירס חריף אש דוריטוס (70 גרם)</ItemName>
      <ManufactureName>שטראוס פריטו ליי בעמ</ManufactureName>
      <ManufactureCountry />
      <ManufactureItemDescription />
      <UnitQty>יח`</UnitQty>
      <Quantity>0.70</Quantity>
      <UnitMeasure>100 גרם</UnitMeasure>
      <BisWeighted>0</BisWeighted>
      <QtyInPackage>1</QtyInPackage>
      <ItemPrice>3.90</ItemPrice>
      <UnitOfMeasurePrice>5.57</UnitOfMeasurePrice>
      <AllowDiscount>1</AllowDiscount>
      <itemStatus>1</itemStatus>
      <LastUpdateDate />
      <LastUpdateTime />
    </Product>
    <Product>
      <PriceUpdateDate>2018/04/24 09:34</PriceUpdateDate>
      <ItemCode>7290010118328</ItemCode>
      <ItemType>1</ItemType>
      <ItemName>חטיף צ`יפס בטעם טבעי תפוצ`יפס (40x6 גרם)</ItemName>
      <ManufactureName>שטראוס פריטו ליי בעמ</ManufactureName>
      <ManufactureCountry />
      <ManufactureItemDescription />
      <UnitQty>יח`</UnitQty>
      <Quantity>2.40</Quantity>
      <UnitMeasure>100 גרם</UnitMeasure>
      <BisWeighted>0</BisWeighted>
      <QtyInPackage>1</QtyInPackage>
      <ItemPrice>12.90</ItemPrice>
      <UnitOfMeasurePrice>5.38</UnitOfMeasurePrice>
      <AllowDiscount>0</AllowDiscount>
      <itemStatus>1</itemStatus>
      <LastUpdateDate />
      <LastUpdateTime />
    </Product>
    <Product>
      <PriceUpdateDate>2019/05/15 15:06</PriceUpdateDate>
      <ItemCode>7290010124107</ItemCode>
      <ItemType>1</ItemType>
      <ItemName>סטייק בורגר 400  גר`בלדי</ItemName>
      <ManufactureName>בלדי בעמ</ManufactureName>
      <ManufactureCountry />
      <ManufactureItemDescription />
      <UnitQty>יח`</UnitQty>
      <Quantity>4</Quantity>
      <UnitMeasure>100 גרם</UnitMeasure>
      <BisWeighted>0</BisWeighted>
      <QtyInPackage>1</QtyInPackage>
      <ItemPrice>15.90</ItemPrice>
      <UnitOfMeasurePrice>3.98</UnitOfMeasurePrice>
      <AllowDiscount>0</AllowDiscount>
      <itemStatus>1</itemStatus>
      <LastUpdateDate />
      <LastUpdateTime />
    </Product>
    <Product>
      <PriceUpdateDate>2020/01/03 10:56</PriceUpdateDate>
      <ItemCode>7290010124190</ItemCode>
      <ItemType>1</ItemType>
      <ItemName>שניצל בקר מלינסה אל מטאדור 250 גר`</ItemName>
      <ManufactureName>בלדי בעמ</ManufactureName>
      <ManufactureCountry />
      <ManufactureItemDescription />
      <UnitQty>יח`</UnitQty>
      <Quantity>2.50</Quantity>
      <UnitMeasure>100 גרם</UnitMeasure>
      <BisWeighted>0</BisWeighted>
      <QtyInPackage>1</QtyInPackage>
      <ItemPrice>12.90</ItemPrice>
      <UnitOfMeasurePrice>5.16</UnitOfMeasurePrice>
      <AllowDiscount>0</AllowDiscount>
      <itemStatus>1</itemStatus>
      <LastUpdateDate />
      <LastUpdateTime />
    </Product>
    <Product>
      <PriceUpdateDate>2019/05/15 15:06</PriceUpdateDate>
      <ItemCode>7290010124213</ItemCode>
      <ItemType>1</ItemType>
      <ItemName>סינטה בקר דק דק אל מטאדור 250 גר`</ItemName>
      <ManufactureName>בלדי בעמ</ManufactureName>
      <ManufactureCountry />
      <ManufactureItemDescription />
      <UnitQty>יח`</UnitQty>
      <Quantity>2.50</Quantity>
      <UnitMeasure>100 גרם</UnitMeasure>
      <BisWeighted>0</BisWeighted>
      <QtyInPackage>1</QtyInPackage>
      <ItemPrice>14.90</ItemPrice>
      <UnitOfMeasurePrice>5.96</UnitOfMeasurePrice>
      <AllowDiscount>0</AllowDiscount>
      <itemStatus>1</itemStatus>
      <LastUpdateDate />
      <LastUpdateTime />
    </Product>
    <Product>
      <PriceUpdateDate>2018/04/24 10:40</PriceUpdateDate>
      <ItemCode>7290010124503</ItemCode>
      <ItemType>1</ItemType>
      <ItemName>שומן כבש 200</ItemName>
      <ManufactureName>בלדי בעמ</ManufactureName>
      <ManufactureCountry />
      <ManufactureItemDescription />
      <UnitQty>יח`</UnitQty>
      <Quantity>2</Quantity>
      <UnitMeasure>100 גרם</UnitMeasure>
      <BisWeighted>0</BisWeighted>
      <QtyInPackage>1</QtyInPackage>
      <ItemPrice>9.90</ItemPrice>
      <UnitOfMeasurePrice>4.95</UnitOfMeasurePrice>
      <AllowDiscount>1</AllowDiscount>
      <itemStatus>1</itemStatus>
      <LastUpdateDate />
      <LastUpdateTime />
    </Product>
    <Product>
      <PriceUpdateDate>2019/11/01 08:41</PriceUpdateDate>
      <ItemCode>7290010129003</ItemCode>
      <ItemType>1</ItemType>
      <ItemName>עוגיות אוזניים דולצ`ה ויטה 600 גר</ItemName>
      <ManufactureName>שיבולים יצור ושיווק מוצרי מאפה</ManufactureName>
      <ManufactureCountry />
      <ManufactureItemDescription />
      <UnitQty>יח`</UnitQty>
      <Quantity>6</Quantity>
      <UnitMeasure>100 גרם</UnitMeasure>
      <BisWeighted>0</BisWeighted>
      <QtyInPackage>1</QtyInPackage>
      <ItemPrice>16.90</ItemPrice>
      <UnitOfMeasurePrice>2.82</UnitOfMeasurePrice>
      <AllowDiscount>0</AllowDiscount>
      <itemStatus>1</itemStatus>
      <LastUpdateDate />
      <LastUpdateTime />
    </Product>
    <Product>
      <PriceUpdateDate>2019/11/01 08:41</PriceUpdateDate>
      <ItemCode>7290010129010</ItemCode>
      <ItemType>1</ItemType>
      <ItemName>עוגיות כתר ריבה דולצ`ה ויטה (600 גרם)</ItemName>
      <ManufactureName>שיבולים יצור ושיווק מוצרי מאפה</ManufactureName>
      <ManufactureCountry />
      <ManufactureItemDescription />
      <UnitQty>יח`</UnitQty>
      <Quantity>6</Quantity>
      <UnitMeasure>100 גרם</UnitMeasure>
      <BisWeighted>0</BisWeighted>
      <QtyInPackage>1</QtyInPackage>
      <ItemPrice>16.90</ItemPrice>
      <UnitOfMeasurePrice>2.82</UnitOfMeasurePrice>
      <AllowDiscount>0</AllowDiscount>
      <itemStatus>1</itemStatus>
      <LastUpdateDate />
      <LastUpdateTime />
    </Product>
    <Product>
      <PriceUpdateDate>2019/11/01 08:41</PriceUpdateDate>
      <ItemCode>7290010129027</ItemCode>
      <ItemType>1</ItemType>
      <ItemName>עוגיות מרוקאיות דולצ`ה ויטה (600 גרם)</ItemName>
      <ManufactureName>שיבולים יצור ושיווק מוצרי מאפה</ManufactureName>
      <ManufactureCountry />
      <ManufactureItemDescription />
      <UnitQty>יח`</UnitQty>
      <Quantity>6</Quantity>
      <UnitMeasure>100 גרם</UnitMeasure>
      <BisWeighted>0</BisWeighted>
      <QtyInPackage>1</QtyInPackage>
      <ItemPrice>16.90</ItemPrice>
      <UnitOfMeasurePrice>2.82</UnitOfMeasurePrice>
      <AllowDiscount>0</AllowDiscount>
      <itemStatus>1</itemStatus>
      <LastUpdateDate />
      <LastUpdateTime />
    </Product>
    <Product>
      <PriceUpdateDate>2019/11/01 08:41</PriceUpdateDate>
      <ItemCode>7290010129041</ItemCode>
      <ItemType>1</ItemType>
      <ItemName>עוגיות רייבה דולצ`ה ויטה (600 גרם)</ItemName>
      <ManufactureName>שיבולים יצור ושיווק מוצרי מאפה</ManufactureName>
      <ManufactureCountry />
      <ManufactureItemDescription />
      <UnitQty>יח`</UnitQty>
      <Quantity>6</Quantity>
      <UnitMeasure>100 גרם</UnitMeasure>
      <BisWeighted>0</BisWeighted>
      <QtyInPackage>1</QtyInPackage>
      <ItemPrice>16.90</ItemPrice>
      <UnitOfMeasurePrice>2.82</UnitOfMeasurePrice>
      <AllowDiscount>0</AllowDiscount>
      <itemStatus>1</itemStatus>
      <LastUpdateDate />
      <LastUpdateTime />
    </Product>
    <Product>
      <PriceUpdateDate>2018/04/24 10:15</PriceUpdateDate>
      <ItemCode>7290010153503</ItemCode>
      <ItemType>1</ItemType>
      <ItemName>שעועית ענק מיה (400 גרם)</ItemName>
      <ManufactureName>מיה תעשיות מזון מ.ת.מ. בעמ</ManufactureName>
      <ManufactureCountry />
      <ManufactureItemDescription />
      <UnitQty>יח`</UnitQty>
      <Quantity>4</Quantity>
      <UnitMeasure>100 גרם</UnitMeasure>
      <BisWeighted>0</BisWeighted>
      <QtyInPackage>1</QtyInPackage>
      <ItemPrice>11.90</ItemPrice>
      <UnitOfMeasurePrice>2.98</UnitOfMeasurePrice>
      <AllowDiscount>0</AllowDiscount>
      <itemStatus>1</itemStatus>
      <LastUpdateDate />
      <LastUpdateTime />
    </Product>
    <Product>
      <PriceUpdateDate>2018/04/24 10:15</PriceUpdateDate>
      <ItemCode>7290010153510</ItemCode>
      <ItemType>1</ItemType>
      <ItemName>בורגול מיה (500 גרם)</ItemName>
      <ManufactureName>מיה תעשיות מזון מ.ת.מ. בעמ</ManufactureName>
      <ManufactureCountry />
      <ManufactureItemDescription />
      <UnitQty>יח`</UnitQty>
      <Quantity>5</Quantity>
      <UnitMeasure>100 גרם</UnitMeasure>
      <BisWeighted>0</BisWeighted>
      <QtyInPackage>1</QtyInPackage>
      <ItemPrice>5.90</ItemPrice>
      <UnitOfMeasurePrice>1.18</UnitOfMeasurePrice>
      <AllowDiscount>0</AllowDiscount>
      <itemStatus>1</itemStatus>
      <LastUpdateDate />
      <LastUpdateTime />
    </Product>
    <Product>
      <PriceUpdateDate>2018/04/24 10:15</PriceUpdateDate>
      <ItemCode>7290010153527</ItemCode>
      <ItemType>1</ItemType>
      <ItemName>ג`ריש 500 גר` מיה</ItemName>
      <ManufactureName>מיה תעשיות מזון מ.ת.מ. בעמ</ManufactureName>
      <ManufactureCountry />
      <ManufactureItemDescription />
      <UnitQty>יח`</UnitQty>
      <Quantity>5</Quantity>
      <UnitMeasure>100 גרם</UnitMeasure>
      <BisWeighted>0</BisWeighted>
      <QtyInPackage>1</QtyInPackage>
      <ItemPrice>5.90</ItemPrice>
      <UnitOfMeasurePrice>1.18</UnitOfMeasurePrice>
      <AllowDiscount>0</AllowDiscount>
      <itemStatus>1</itemStatus>
      <LastUpdateDate />
      <LastUpdateTime />
    </Product>
    <Product>
      <PriceUpdateDate>2019/01/07 10:57</PriceUpdateDate>
      <ItemCode>7290010153688</ItemCode>
      <ItemType>1</ItemType>
      <ItemName>חומץ טבעי מיה (1 ליטר)</ItemName>
      <ManufactureName>מיה תעשיות מזון מ.ת.מ. בעמ</ManufactureName>
      <ManufactureCountry />
      <ManufactureItemDescription />
      <UnitQty>יח`</UnitQty>
      <Quantity>1</Quantity>
      <UnitMeasure>1 ליטר</UnitMeasure>
      <BisWeighted>0</BisWeighted>
      <QtyInPackage>1</QtyInPackage>
      <ItemPrice>7.90</ItemPrice>
      <UnitOfMeasurePrice>7.90</UnitOfMeasurePrice>
      <AllowDiscount>0</AllowDiscount>
      <itemStatus>1</itemStatus>
      <LastUpdateDate />
      <LastUpdateTime />
    </Product>
    <Product>
      <PriceUpdateDate>2018/04/24 10:15</PriceUpdateDate>
      <ItemCode>7290010153794</ItemCode>
      <ItemType>1</ItemType>
      <ItemName>ציפוי לשניצל עם עשבי תיבול 500 גר` מיה</ItemName>
      <ManufactureName>מיה תעשיות מזון מ.ת.מ. בעמ</ManufactureName>
      <ManufactureCountry />
      <ManufactureItemDescription />
      <UnitQty>יח`</UnitQty>
      <Quantity>5</Quantity>
      <UnitMeasure>100 גרם</UnitMeasure>
      <BisWeighted>0</BisWeighted>
      <QtyInPackage>1</QtyInPackage>
      <ItemPrice>11.90</ItemPrice>
      <UnitOfMeasurePrice>2.38</UnitOfMeasurePrice>
      <AllowDiscount>0</AllowDiscount>
      <itemStatus>1</itemStatus>
      <LastUpdateDate />
      <LastUpdateTime />
    </Product>
    <Product>
      <PriceUpdateDate>2018/04/24 10:15</PriceUpdateDate>
      <ItemCode>7290010153817</ItemCode>
      <ItemType>1</ItemType>
      <ItemName>ריבת חלב מיה (400 גרם)</ItemName>
      <ManufactureName>מיה תעשיות מזון מ.ת.מ. בעמ</ManufactureName>
      <ManufactureCountry />
      <ManufactureItemDescription />
      <UnitQty>יח`</UnitQty>
      <Quantity>3</Quantity>
      <UnitMeasure>100 גרם</UnitMeasure>
      <BisWeighted>0</BisWeighted>
      <QtyInPackage>1</QtyInPackage>
      <ItemPrice>13.90</ItemPrice>
      <UnitOfMeasurePrice>4.63</UnitOfMeasurePrice>
      <AllowDiscount>1</AllowDiscount>
      <itemStatus>1</itemStatus>
      <LastUpdateDate />
      <LastUpdateTime />
    </Product>
    <Product>
      <PriceUpdateDate>2018/04/24 10:15</PriceUpdateDate>
      <ItemCode>7290010153909</ItemCode>
      <ItemType>1</ItemType>
      <ItemName>אורז בסמטי בסגנון הודי מיה (1 קג)</ItemName>
      <ManufactureName>מיה תעשיות מזון מ.ת.מ. בעמ</ManufactureName>
      <ManufactureCountry />
      <ManufactureItemDescription />
      <UnitQty>יח`</UnitQty>
      <Quantity>10</Quantity>
      <UnitMeasure>100 גרם</UnitMeasure>
      <BisWeighted>0</BisWeighted>
      <QtyInPackage>1</QtyInPackage>
      <ItemPrice>9.90</ItemPrice>
      <UnitOfMeasurePrice>0.99</UnitOfMeasurePrice>
      <AllowDiscount>0</AllowDiscount>
      <itemStatus>1</itemStatus>
      <LastUpdateDate />
      <LastUpdateTime />
    </Product>
    <Product>
      <PriceUpdateDate>2018/08/01 14:34</PriceUpdateDate>
      <ItemCode>7290010154012</ItemCode>
      <ItemType>1</ItemType>
      <ItemName>לימון בלאדי תבליני ביטון יוחאי (250 גרם)</ItemName>
      <ManufactureName>נטו מלינדה סחר בעמ</ManufactureName>
      <ManufactureCountry />
      <ManufactureItemDescription />
      <UnitQty>יח`</UnitQty>
      <Quantity>2.50</Quantity>
      <UnitMeasure>100 גרם</UnitMeasure>
      <BisWeighted>0</BisWeighted>
      <QtyInPackage>1</QtyInPackage>
      <ItemPrice>15.90</ItemPrice>
      <UnitOfMeasurePrice>6.36</UnitOfMeasurePrice>
      <AllowDiscount>0</AllowDiscount>
      <itemStatus>1</itemStatus>
      <LastUpdateDate />
      <LastUpdateTime />
    </Product>
    <Product>
      <PriceUpdateDate>2018/04/24 09:12</PriceUpdateDate>
      <ItemCode>7290010154029</ItemCode>
      <ItemType>1</ItemType>
      <ItemName>אריסה מתוקה תבליני ביטון יוחאי (250 גרם)</ItemName>
      <ManufactureName>נטו מלינדה סחר בעמ</ManufactureName>
      <ManufactureCountry />
      <ManufactureItemDescription />
      <UnitQty>יח`</UnitQty>
      <Quantity>2.50</Quantity>
      <UnitMeasure>100 גרם</UnitMeasure>
      <BisWeighted>0</BisWeighted>
      <QtyInPackage>1</QtyInPackage>
      <ItemPrice>14.90</ItemPrice>
      <UnitOfMeasurePrice>5.96</UnitOfMeasurePrice>
      <AllowDiscount>0</AllowDiscount>
      <itemStatus>1</itemStatus>
      <LastUpdateDate />
      <LastUpdateTime />
    </Product>
    <Product>
      <PriceUpdateDate>2018/04/24 11:11</PriceUpdateDate>
      <ItemCode>7290010154036</ItemCode>
      <ItemType>1</ItemType>
      <ItemName>עמבה תבליני ביטון יוחאי (250 גרם)</ItemName>
      <ManufactureName>נטו מלינדה סחר בעמ</ManufactureName>
      <ManufactureCountry />
      <ManufactureItemDescription />
      <UnitQty>יח`</UnitQty>
      <Quantity>2.50</Quantity>
      <UnitMeasure>100 גרם</UnitMeasure>
      <BisWeighted>0</BisWeighted>
      <QtyInPackage>1</QtyInPackage>
      <ItemPrice>13.90</ItemPrice>
      <UnitOfMeasurePrice>5.56</UnitOfMeasurePrice>
      <AllowDiscount>0</AllowDiscount>
      <itemStatus>1</itemStatus>
      <LastUpdateDate />
      <LastUpdateTime />
    </Product>
    <Product>
      <PriceUpdateDate>2018/04/24 09:12</PriceUpdateDate>
      <ItemCode>7290010154241</ItemCode>
      <ItemType>1</ItemType>
      <ItemName>סלט חזרת ביתית תבליני ביטון יוחאי (250 ג</ItemName>
      <ManufactureName>נטו מלינדה סחר בעמ</ManufactureName>
      <ManufactureCountry />
      <ManufactureItemDescription />
      <UnitQty>יח`</UnitQty>
      <Quantity>2.50</Quantity>
      <UnitMeasure>100 גרם</UnitMeasure>
      <BisWeighted>0</BisWeighted>
      <QtyInPackage>1</QtyInPackage>
      <ItemPrice>13.90</ItemPrice>
      <UnitOfMeasurePrice>5.56</UnitOfMeasurePrice>
      <AllowDiscount>0</AllowDiscount>
      <itemStatus>1</itemStatus>
      <LastUpdateDate />
      <LastUpdateTime />
    </Product>
    <Product>
      <PriceUpdateDate>2018/04/24 09:12</PriceUpdateDate>
      <ItemCode>7290010154265</ItemCode>
      <ItemType>1</ItemType>
      <ItemName>פלפל צ`ומה תבליני ביטון יוחאי (250 גרם)</ItemName>
      <ManufactureName>נטו מלינדה סחר בעמ</ManufactureName>
      <ManufactureCountry />
      <ManufactureItemDescription />
      <UnitQty>יח`</UnitQty>
      <Quantity>2.50</Quantity>
      <UnitMeasure>100 גרם</UnitMeasure>
      <BisWeighted>0</BisWeighted>
      <QtyInPackage>1</QtyInPackage>
      <ItemPrice>14.90</ItemPrice>
      <UnitOfMeasurePrice>5.96</UnitOfMeasurePrice>
      <AllowDiscount>0</AllowDiscount>
      <itemStatus>1</itemStatus>
      <LastUpdateDate />
      <LastUpdateTime />
    </Product>
    <Product>
      <PriceUpdateDate>2018/04/24 11:48</PriceUpdateDate>
      <ItemCode>7290010154418</ItemCode>
      <ItemType>1</ItemType>
      <ItemName>סחוג אדום 130 גר ביטון</ItemName>
      <ManufactureName>נטו מלינדה סחר בעמ</ManufactureName>
      <ManufactureCountry />
      <ManufactureItemDescription />
      <UnitQty>יח`</UnitQty>
      <Quantity>1.30</Quantity>
      <UnitMeasure>100 גרם</UnitMeasure>
      <BisWeighted>0</BisWeighted>
      <QtyInPackage>1</QtyInPackage>
      <ItemPrice>8.90</ItemPrice>
      <UnitOfMeasurePrice>6.85</UnitOfMeasurePrice>
      <AllowDiscount>0</AllowDiscount>
      <itemStatus>1</itemStatus>
      <LastUpdateDate />
      <LastUpdateTime />
    </Product>
    <Product>
      <PriceUpdateDate>2019/01/07 10:57</PriceUpdateDate>
      <ItemCode>7290010154425</ItemCode>
      <ItemType>1</ItemType>
      <ItemName>סחוג ירוק 130 גר ביטון</ItemName>
      <ManufactureName>נטו מלינדה סחר בעמ</ManufactureName>
      <ManufactureCountry />
      <ManufactureItemDescription />
      <UnitQty>יח`</UnitQty>
      <Quantity>1.30</Quantity>
      <UnitMeasure>100 גרם</UnitMeasure>
      <BisWeighted>0</BisWeighted>
      <QtyInPackage>1</QtyInPackage>
      <ItemPrice>8.90</ItemPrice>
      <UnitOfMeasurePrice>6.85</UnitOfMeasurePrice>
      <AllowDiscount>0</AllowDiscount>
      <itemStatus>1</itemStatus>
      <LastUpdateDate />
      <LastUpdateTime />
    </Product>
    <Product>
      <PriceUpdateDate>2019/12/01 12:53</PriceUpdateDate>
      <ItemCode>7290010163069</ItemCode>
      <ItemType>1</ItemType>
      <ItemName>צנובר 100 גרם שקית שקדיה</ItemName>
      <ManufactureName>דין שיווק וקליה בעמ</ManufactureName>
      <ManufactureCountry />
      <ManufactureItemDescription />
      <UnitQty>יח`</UnitQty>
      <Quantity>1</Quantity>
      <UnitMeasure>100 גרם</UnitMeasure>
      <BisWeighted>0</BisWeighted>
      <QtyInPackage>1</QtyInPackage>
      <ItemPrice>21.90</ItemPrice>
      <UnitOfMeasurePrice>21.90</UnitOfMeasurePrice>
      <AllowDiscount>0</AllowDiscount>
      <itemStatus>1</itemStatus>
      <LastUpdateDate />
      <LastUpdateTime />
    </Product>
    <Product>
      <PriceUpdateDate>2020/05/03 09:24</PriceUpdateDate>
      <ItemCode>7290010173044</ItemCode>
      <ItemType>1</ItemType>
      <ItemName>מרלו יקב הרי גליל (750 מל)</ItemName>
      <ManufactureName>היכל היין שקד גולן בעמ</ManufactureName>
      <ManufactureCountry />
      <ManufactureItemDescription />
      <UnitQty>יח`</UnitQty>
      <Quantity>7.50</Quantity>
      <UnitMeasure>100 מ"ל</UnitMeasure>
      <BisWeighted>0</BisWeighted>
      <QtyInPackage>1</QtyInPackage>
      <ItemPrice>34.90</ItemPrice>
      <UnitOfMeasurePrice>4.61</UnitOfMeasurePrice>
      <AllowDiscount>1</AllowDiscount>
      <itemStatus>1</itemStatus>
      <LastUpdateDate />
      <LastUpdateTime />
    </Product>
    <Product>
      <PriceUpdateDate>2020/05/03 09:24</PriceUpdateDate>
      <ItemCode>7290010173068</ItemCode>
      <ItemType>1</ItemType>
      <ItemName>קברנה סובניון יקב הרי גליל (750 מל)</ItemName>
      <ManufactureName>היכל היין שקד גולן בעמ</ManufactureName>
      <ManufactureCountry />
      <ManufactureItemDescription />
      <UnitQty>יח`</UnitQty>
      <Quantity>7.50</Quantity>
      <UnitMeasure>100 מ"ל</UnitMeasure>
      <BisWeighted>0</BisWeighted>
      <QtyInPackage>1</QtyInPackage>
      <ItemPrice>36.90</ItemPrice>
      <UnitOfMeasurePrice>4.88</UnitOfMeasurePrice>
      <AllowDiscount>1</AllowDiscount>
      <itemStatus>1</itemStatus>
      <LastUpdateDate />
      <LastUpdateTime />
    </Product>
    <Product>
      <PriceUpdateDate>2020/05/03 09:24</PriceUpdateDate>
      <ItemCode>7290010173334</ItemCode>
      <ItemType>1</ItemType>
      <ItemName>שיראז יקב הרי גליל (750 מל)</ItemName>
      <ManufactureName>היכל היין שקד גולן בעמ</ManufactureName>
      <ManufactureCountry />
      <ManufactureItemDescription />
      <UnitQty>יח`</UnitQty>
      <Quantity>7.50</Quantity>
      <UnitMeasure>100 מ"ל</UnitMeasure>
      <BisWeighted>0</BisWeighted>
      <QtyInPackage>1</QtyInPackage>
      <ItemPrice>34.90</ItemPrice>
      <UnitOfMeasurePrice>4.61</UnitOfMeasurePrice>
      <AllowDiscount>1</AllowDiscount>
      <itemStatus>1</itemStatus>
      <LastUpdateDate />
      <LastUpdateTime />
    </Product>
    <Product>
      <PriceUpdateDate>2019/12/15 11:59</PriceUpdateDate>
      <ItemCode>7290010192120</ItemCode>
      <ItemType>1</ItemType>
      <ItemName>צנונית</ItemName>
      <ManufactureName>א.אדמה (2007) בעמ</ManufactureName>
      <ManufactureCountry />
      <ManufactureItemDescription />
      <UnitQty>יח`</UnitQty>
      <Quantity>1</Quantity>
      <UnitMeasure />
      <BisWeighted>0</BisWeighted>
      <QtyInPackage>1</QtyInPackage>
      <ItemPrice>5.90</ItemPrice>
      <UnitOfMeasurePrice>5.90</UnitOfMeasurePrice>
      <AllowDiscount>1</AllowDiscount>
      <itemStatus>1</itemStatus>
      <LastUpdateDate />
      <LastUpdateTime />
    </Product>
    <Product>
      <PriceUpdateDate>2018/04/24 09:27</PriceUpdateDate>
      <ItemCode>7290010237012</ItemCode>
      <ItemType>1</ItemType>
      <ItemName>פפסי מקס שמיניה</ItemName>
      <ManufactureName>טמפו משקאות בעמ</ManufactureName>
      <ManufactureCountry />
      <ManufactureItemDescription />
      <UnitQty>יח`</UnitQty>
      <Quantity>12</Quantity>
      <UnitMeasure>1 ליטר</UnitMeasure>
      <BisWeighted>0</BisWeighted>
      <QtyInPackage>1</QtyInPackage>
      <ItemPrice>29.90</ItemPrice>
      <UnitOfMeasurePrice>2.49</UnitOfMeasurePrice>
      <AllowDiscount>0</AllowDiscount>
      <itemStatus>1</itemStatus>
      <LastUpdateDate />
      <LastUpdateTime />
    </Product>
    <Product>
      <PriceUpdateDate>2018/04/24 09:27</PriceUpdateDate>
      <ItemCode>7290010237531</ItemCode>
      <ItemType>1</ItemType>
      <ItemName>משקה מוגז בטעם קולה פפסי (500 מל)</ItemName>
      <ManufactureName>טמפו משקאות בעמ</ManufactureName>
      <ManufactureCountry />
      <ManufactureItemDescription />
      <UnitQty>יח`</UnitQty>
      <Quantity>5</Quantity>
      <UnitMeasure>100 מ"ל</UnitMeasure>
      <BisWeighted>0</BisWeighted>
      <QtyInPackage>1</QtyInPackage>
      <ItemPrice>3.90</ItemPrice>
      <UnitOfMeasurePrice>0.72</UnitOfMeasurePrice>
      <AllowDiscount>1</AllowDiscount>
      <itemStatus>1</itemStatus>
      <LastUpdateDate />
      <LastUpdateTime />
    </Product>
    <Product>
      <PriceUpdateDate>2018/04/24 09:27</PriceUpdateDate>
      <ItemCode>7290010237548</ItemCode>
      <ItemType>1</ItemType>
      <ItemName>פפסי קול מקס 500 מל</ItemName>
      <ManufactureName>טמפו משקאות בעמ</ManufactureName>
      <ManufactureCountry />
      <ManufactureItemDescription />
      <UnitQty>יח`</UnitQty>
      <Quantity>5</Quantity>
      <UnitMeasure>100 מ"ל</UnitMeasure>
      <BisWeighted>0</BisWeighted>
      <QtyInPackage>1</QtyInPackage>
      <ItemPrice>3.90</ItemPrice>
      <UnitOfMeasurePrice>0.72</UnitOfMeasurePrice>
      <AllowDiscount>1</AllowDiscount>
      <itemStatus>1</itemStatus>
      <LastUpdateDate />
      <LastUpdateTime />
    </Product>
    <Product>
      <PriceUpdateDate>2018/04/24 09:27</PriceUpdateDate>
      <ItemCode>7290010237579</ItemCode>
      <ItemType>1</ItemType>
      <ItemName>משקה מוגז בטעם ליים סבן אפ (500 מל)</ItemName>
      <ManufactureName>טמפו משקאות בעמ</ManufactureName>
      <ManufactureCountry />
      <ManufactureItemDescription />
      <UnitQty>יח`</UnitQty>
      <Quantity>5</Quantity>
      <UnitMeasure>100 מ"ל</UnitMeasure>
      <BisWeighted>0</BisWeighted>
      <QtyInPackage>1</QtyInPackage>
      <ItemPrice>3.90</ItemPrice>
      <UnitOfMeasurePrice>0.72</UnitOfMeasurePrice>
      <AllowDiscount>1</AllowDiscount>
      <itemStatus>1</itemStatus>
      <LastUpdateDate />
      <LastUpdateTime />
    </Product>
    <Product>
      <PriceUpdateDate>2018/04/24 09:20</PriceUpdateDate>
      <ItemCode>7290010237586</ItemCode>
      <ItemType>1</ItemType>
      <ItemName>פפסי קול סבן אפ דיאט 500 מל</ItemName>
      <ManufactureName>טמפו משקאות בעמ</ManufactureName>
      <ManufactureCountry />
      <ManufactureItemDescription />
      <UnitQty>יח`</UnitQty>
      <Quantity>5</Quantity>
      <UnitMeasure>100 מ"ל</UnitMeasure>
      <BisWeighted>0</BisWeighted>
      <QtyInPackage>1</QtyInPackage>
      <ItemPrice>3.90</ItemPrice>
      <UnitOfMeasurePrice>0.72</UnitOfMeasurePrice>
      <AllowDiscount>1</AllowDiscount>
      <itemStatus>1</itemStatus>
      <LastUpdateDate />
      <LastUpdateTime />
    </Product>
    <Product>
      <PriceUpdateDate>2018/08/01 13:52</PriceUpdateDate>
      <ItemCode>7290010237623</ItemCode>
      <ItemType>1</ItemType>
      <ItemName>בירה שחורה נשר מאלט (1.5 ליטר)</ItemName>
      <ManufactureName>טמפו משקאות בעמ</ManufactureName>
      <ManufactureCountry />
      <ManufactureItemDescription />
      <UnitQty>יח`</UnitQty>
      <Quantity>15</Quantity>
      <UnitMeasure>100 מ"ל</UnitMeasure>
      <BisWeighted>0</BisWeighted>
      <QtyInPackage>1</QtyInPackage>
      <ItemPrice>7.50</ItemPrice>
      <UnitOfMeasurePrice>0.50</UnitOfMeasurePrice>
      <AllowDiscount>1</AllowDiscount>
      <itemStatus>1</itemStatus>
      <LastUpdateDate />
      <LastUpdateTime />
    </Product>
    <Product>
      <PriceUpdateDate>2018/07/08 10:38</PriceUpdateDate>
      <ItemCode>7290010237630</ItemCode>
      <ItemType>1</ItemType>
      <ItemName>בירה שחורה דיאט נשר מאלט (1.5 ליטר)</ItemName>
      <ManufactureName>טמפו משקאות בעמ</ManufactureName>
      <ManufactureCountry />
      <ManufactureItemDescription />
      <UnitQty>יח`</UnitQty>
      <Quantity>1.50</Quantity>
      <UnitMeasure>1 ליטר</UnitMeasure>
      <BisWeighted>0</BisWeighted>
      <QtyInPackage>1</QtyInPackage>
      <ItemPrice>7.50</ItemPrice>
      <UnitOfMeasurePrice>5</UnitOfMeasurePrice>
      <AllowDiscount>1</AllowDiscount>
      <itemStatus>1</itemStatus>
      <LastUpdateDate />
      <LastUpdateTime />
    </Product>
    <Product>
      <PriceUpdateDate>2019/01/07 10:57</PriceUpdateDate>
      <ItemCode>7290010237685</ItemCode>
      <ItemType>1</ItemType>
      <ItemName>בירה הייניקן 330 בקבוק</ItemName>
      <ManufactureName>טמפו משקאות בעמ</ManufactureName>
      <ManufactureCountry />
      <ManufactureItemDescription />
      <UnitQty>יח`</UnitQty>
      <Quantity>3.30</Quantity>
      <UnitMeasure>100 מ"ל</UnitMeasure>
      <BisWeighted>0</BisWeighted>
      <QtyInPackage>1</QtyInPackage>
      <ItemPrice>10.10</ItemPrice>
      <UnitOfMeasurePrice>2.97</UnitOfMeasurePrice>
      <AllowDiscount>0</AllowDiscount>
      <itemStatus>1</itemStatus>
      <LastUpdateDate />
      <LastUpdateTime />
    </Product>
    <Product>
      <PriceUpdateDate>2019/02/20 15:05</PriceUpdateDate>
      <ItemCode>7290010237890</ItemCode>
      <ItemType>1</ItemType>
      <ItemName>בירה היינקן (500 מל)</ItemName>
      <ManufactureName>טמפו משקאות בעמ</ManufactureName>
      <ManufactureCountry />
      <ManufactureItemDescription />
      <UnitQty>יח`</UnitQty>
      <Quantity>5</Quantity>
      <UnitMeasure>100 מ"ל</UnitMeasure>
      <BisWeighted>0</BisWeighted>
      <QtyInPackage>1</QtyInPackage>
      <ItemPrice>8.50</ItemPrice>
      <UnitOfMeasurePrice>1.46</UnitOfMeasurePrice>
      <AllowDiscount>1</AllowDiscount>
      <itemStatus>1</itemStatus>
      <LastUpdateDate />
      <LastUpdateTime />
    </Product>
    <Product>
      <PriceUpdateDate>2018/04/24 09:37</PriceUpdateDate>
      <ItemCode>7290010259007</ItemCode>
      <ItemType>1</ItemType>
      <ItemName>עוגיות בישקוטים וילי פוד (200 גרם)</ItemName>
      <ManufactureName>ג.וילי-פוד אינטרנשיונל בעמ</ManufactureName>
      <ManufactureCountry />
      <ManufactureItemDescription />
      <UnitQty>יח`</UnitQty>
      <Quantity>2</Quantity>
      <UnitMeasure>100 גרם</UnitMeasure>
      <BisWeighted>0</BisWeighted>
      <QtyInPackage>1</QtyInPackage>
      <ItemPrice>6.90</ItemPrice>
      <UnitOfMeasurePrice>3.45</UnitOfMeasurePrice>
      <AllowDiscount>1</AllowDiscount>
      <itemStatus>1</itemStatus>
      <LastUpdateDate />
      <LastUpdateTime />
    </Product>
    <Product>
      <PriceUpdateDate>2019/01/07 10:57</PriceUpdateDate>
      <ItemCode>7290010259359</ItemCode>
      <ItemType>1</ItemType>
      <ItemName>נודלס ביצים להקצפה וילי פוד (200 גרם)</ItemName>
      <ManufactureName>ג.וילי-פוד אינטרנשיונל בעמ</ManufactureName>
      <ManufactureCountry />
      <ManufactureItemDescription />
      <UnitQty>יח`</UnitQty>
      <Quantity>2</Quantity>
      <UnitMeasure>100 גרם</UnitMeasure>
      <BisWeighted>0</BisWeighted>
      <QtyInPackage>1</QtyInPackage>
      <ItemPrice>4.90</ItemPrice>
      <UnitOfMeasurePrice>2.45</UnitOfMeasurePrice>
      <AllowDiscount>1</AllowDiscount>
      <itemStatus>1</itemStatus>
      <LastUpdateDate />
      <LastUpdateTime />
    </Product>
    <Product>
      <PriceUpdateDate>2019/01/07 10:57</PriceUpdateDate>
      <ItemCode>7290010259830</ItemCode>
      <ItemType>1</ItemType>
      <ItemName>מנת השף מרק+נודלס פיקנטי</ItemName>
      <ManufactureName>ג.וילי-פוד אינטרנשיונל בעמ</ManufactureName>
      <ManufactureCountry />
      <ManufactureItemDescription />
      <UnitQty>יח`</UnitQty>
      <Quantity>0.70</Quantity>
      <UnitMeasure>100 גרם</UnitMeasure>
      <BisWeighted>0</BisWeighted>
      <QtyInPackage>1</QtyInPackage>
      <ItemPrice>4.90</ItemPrice>
      <UnitOfMeasurePrice>7</UnitOfMeasurePrice>
      <AllowDiscount>1</AllowDiscount>
      <itemStatus>1</itemStatus>
      <LastUpdateDate />
      <LastUpdateTime />
    </Product>
    <Product>
      <PriceUpdateDate>2019/01/07 10:57</PriceUpdateDate>
      <ItemCode>7290010259847</ItemCode>
      <ItemType>1</ItemType>
      <ItemName>מנת השף מרק+נודלס תירס</ItemName>
      <ManufactureName>ג.וילי-פוד אינטרנשיונל בעמ</ManufactureName>
      <ManufactureCountry />
      <ManufactureItemDescription />
      <UnitQty>יח`</UnitQty>
      <Quantity>0.70</Quantity>
      <UnitMeasure>100 גרם</UnitMeasure>
      <BisWeighted>0</BisWeighted>
      <QtyInPackage>1</QtyInPackage>
      <ItemPrice>4.90</ItemPrice>
      <UnitOfMeasurePrice>7</UnitOfMeasurePrice>
      <AllowDiscount>1</AllowDiscount>
      <itemStatus>1</itemStatus>
      <LastUpdateDate />
      <LastUpdateTime />
    </Product>
    <Product>
      <PriceUpdateDate>2019/01/07 10:57</PriceUpdateDate>
      <ItemCode>7290010259861</ItemCode>
      <ItemType>1</ItemType>
      <ItemName>מנת השף מרק+נודלס ירקות</ItemName>
      <ManufactureName>ג.וילי-פוד אינטרנשיונל בעמ</ManufactureName>
      <ManufactureCountry />
      <ManufactureItemDescription />
      <UnitQty>יח`</UnitQty>
      <Quantity>0.70</Quantity>
      <UnitMeasure>100 גרם</UnitMeasure>
      <BisWeighted>0</BisWeighted>
      <QtyInPackage>1</QtyInPackage>
      <ItemPrice>4.90</ItemPrice>
      <UnitOfMeasurePrice>7</UnitOfMeasurePrice>
      <AllowDiscount>1</AllowDiscount>
      <itemStatus>1</itemStatus>
      <LastUpdateDate />
      <LastUpdateTime />
    </Product>
    <Product>
      <PriceUpdateDate>2018/04/24 09:26</PriceUpdateDate>
      <ItemCode>7290010259892</ItemCode>
      <ItemType>1</ItemType>
      <ItemName>מרגרינה ללא מלח וילי פוד (200 גרם)</ItemName>
      <ManufactureName>ג.וילי-פוד אינטרנשיונל בעמ</ManufactureName>
      <ManufactureCountry />
      <ManufactureItemDescription />
      <UnitQty>יח`</UnitQty>
      <Quantity>2</Quantity>
      <UnitMeasure>100 גרם</UnitMeasure>
      <BisWeighted>0</BisWeighted>
      <QtyInPackage>1</QtyInPackage>
      <ItemPrice>2.90</ItemPrice>
      <UnitOfMeasurePrice>1.45</UnitOfMeasurePrice>
      <AllowDiscount>0</AllowDiscount>
      <itemStatus>1</itemStatus>
      <LastUpdateDate />
      <LastUpdateTime />
    </Product>
    <Product>
      <PriceUpdateDate>2018/04/24 09:26</PriceUpdateDate>
      <ItemCode>7290010259908</ItemCode>
      <ItemType>1</ItemType>
      <ItemName>מרגרינה בטעם חמאה</ItemName>
      <ManufactureName>ג.וילי-פוד אינטרנשיונל בעמ</ManufactureName>
      <ManufactureCountry />
      <ManufactureItemDescription />
      <UnitQty>יח`</UnitQty>
      <Quantity>2</Quantity>
      <UnitMeasure>100 גרם</UnitMeasure>
      <BisWeighted>0</BisWeighted>
      <QtyInPackage>1</QtyInPackage>
      <ItemPrice>2.90</ItemPrice>
      <UnitOfMeasurePrice>1.45</UnitOfMeasurePrice>
      <AllowDiscount>0</AllowDiscount>
      <itemStatus>1</itemStatus>
      <LastUpdateDate />
      <LastUpdateTime />
    </Product>
    <Product>
      <PriceUpdateDate>2018/04/24 09:26</PriceUpdateDate>
      <ItemCode>7290010259953</ItemCode>
      <ItemType>1</ItemType>
      <ItemName>בישקוטים 400 גר`</ItemName>
      <ManufactureName>ג.וילי-פוד אינטרנשיונל בעמ</ManufactureName>
      <ManufactureCountry />
      <ManufactureItemDescription />
      <UnitQty>יח`</UnitQty>
      <Quantity>4</Quantity>
      <UnitMeasure>100 גרם</UnitMeasure>
      <BisWeighted>0</BisWeighted>
      <QtyInPackage>1</QtyInPackage>
      <ItemPrice>10.90</ItemPrice>
      <UnitOfMeasurePrice>2.73</UnitOfMeasurePrice>
      <AllowDiscount>0</AllowDiscount>
      <itemStatus>1</itemStatus>
      <LastUpdateDate />
      <LastUpdateTime />
    </Product>
    <Product>
      <PriceUpdateDate>2018/04/24 09:29</PriceUpdateDate>
      <ItemCode>7290010328093</ItemCode>
      <ItemType>1</ItemType>
      <ItemName>ממרח חלבה אחוה (400 גרם)</ItemName>
      <ManufactureName>אחדות בעמ</ManufactureName>
      <ManufactureCountry />
      <ManufactureItemDescription />
      <UnitQty>יח`</UnitQty>
      <Quantity>4</Quantity>
      <UnitMeasure>100 גרם</UnitMeasure>
      <BisWeighted>0</BisWeighted>
      <QtyInPackage>1</QtyInPackage>
      <ItemPrice>11.90</ItemPrice>
      <UnitOfMeasurePrice>2.98</UnitOfMeasurePrice>
      <AllowDiscount>1</AllowDiscount>
      <itemStatus>1</itemStatus>
      <LastUpdateDate />
      <LastUpdateTime />
    </Product>
    <Product>
      <PriceUpdateDate>2018/04/24 09:29</PriceUpdateDate>
      <ItemCode>7290010328239</ItemCode>
      <ItemType>1</ItemType>
      <ItemName>טחינה מתובלת משומשום טבעי אחוה (500 גרם)</ItemName>
      <ManufactureName>אחדות בעמ</ManufactureName>
      <ManufactureCountry />
      <ManufactureItemDescription />
      <UnitQty>יח`</UnitQty>
      <Quantity>5</Quantity>
      <UnitMeasure>100 גרם</UnitMeasure>
      <BisWeighted>0</BisWeighted>
      <QtyInPackage>1</QtyInPackage>
      <ItemPrice>11.90</ItemPrice>
      <UnitOfMeasurePrice>2.38</UnitOfMeasurePrice>
      <AllowDiscount>1</AllowDiscount>
      <itemStatus>1</itemStatus>
      <LastUpdateDate />
      <LastUpdateTime />
    </Product>
    <Product>
      <PriceUpdateDate>2018/04/24 09:29</PriceUpdateDate>
      <ItemCode>7290010328246</ItemCode>
      <ItemType>1</ItemType>
      <ItemName>טחינה משומשום מלא אחוה (500 גרם)</ItemName>
      <ManufactureName>אחדות בעמ</ManufactureName>
      <ManufactureCountry />
      <ManufactureItemDescription />
      <UnitQty>יח`</UnitQty>
      <Quantity>5</Quantity>
      <UnitMeasure>100 גרם</UnitMeasure>
      <BisWeighted>0</BisWeighted>
      <QtyInPackage>1</QtyInPackage>
      <ItemPrice>9.90</ItemPrice>
      <UnitOfMeasurePrice>1.98</UnitOfMeasurePrice>
      <AllowDiscount>1</AllowDiscount>
      <itemStatus>1</itemStatus>
      <LastUpdateDate />
      <LastUpdateTime />
    </Product>
    <Product>
      <PriceUpdateDate>2018/04/24 09:29</PriceUpdateDate>
      <ItemCode>7290010328253</ItemCode>
      <ItemType>1</ItemType>
      <ItemName>טחינה משומשום טבעי אחוה (500 גרם)</ItemName>
      <ManufactureName>אחדות בעמ</ManufactureName>
      <ManufactureCountry />
      <ManufactureItemDescription />
      <UnitQty>יח`</UnitQty>
      <Quantity>5</Quantity>
      <UnitMeasure>100 גרם</UnitMeasure>
      <BisWeighted>0</BisWeighted>
      <QtyInPackage>1</QtyInPackage>
      <ItemPrice>9.90</ItemPrice>
      <UnitOfMeasurePrice>1.98</UnitOfMeasurePrice>
      <AllowDiscount>1</AllowDiscount>
      <itemStatus>1</itemStatus>
      <LastUpdateDate />
      <LastUpdateTime />
    </Product>
    <Product>
      <PriceUpdateDate>2018/04/24 11:34</PriceUpdateDate>
      <ItemCode>7290010328468</ItemCode>
      <ItemType>1</ItemType>
      <ItemName>מיני חלווה ב 3 טעמים</ItemName>
      <ManufactureName>אחדות בעמ</ManufactureName>
      <ManufactureCountry />
      <ManufactureItemDescription />
      <UnitQty>יח`</UnitQty>
      <Quantity>2.16</Quantity>
      <UnitMeasure>100 גרם</UnitMeasure>
      <BisWeighted>0</BisWeighted>
      <QtyInPackage>1</QtyInPackage>
      <ItemPrice>10</ItemPrice>
      <UnitOfMeasurePrice>4.63</UnitOfMeasurePrice>
      <AllowDiscount>0</AllowDiscount>
      <itemStatus>1</itemStatus>
      <LastUpdateDate />
      <LastUpdateTime />
    </Product>
    <Product>
      <PriceUpdateDate>2018/04/24 11:51</PriceUpdateDate>
      <ItemCode>7290010328505</ItemCode>
      <ItemType>1</ItemType>
      <ItemName>חטיפי מיני חלוה ללא סוכר 15 יח`</ItemName>
      <ManufactureName>אחדות בעמ</ManufactureName>
      <ManufactureCountry />
      <ManufactureItemDescription />
      <UnitQty>יח`</UnitQty>
      <Quantity>1</Quantity>
      <UnitMeasure />
      <BisWeighted>0</BisWeighted>
      <QtyInPackage>1</QtyInPackage>
      <ItemPrice>10</ItemPrice>
      <UnitOfMeasurePrice>10</UnitOfMeasurePrice>
      <AllowDiscount>0</AllowDiscount>
      <itemStatus>1</itemStatus>
      <LastUpdateDate />
      <LastUpdateTime />
    </Product>
    <Product>
      <PriceUpdateDate>2018/04/24 11:59</PriceUpdateDate>
      <ItemCode>7290010328604</ItemCode>
      <ItemType>1</ItemType>
      <ItemName>חטיפי חלבה עם פיסטוק 126  גר`go2</ItemName>
      <ManufactureName>אחדות בעמ</ManufactureName>
      <ManufactureCountry />
      <ManufactureItemDescription />
      <UnitQty>יח`</UnitQty>
      <Quantity>1.26</Quantity>
      <UnitMeasure>100 גרם</UnitMeasure>
      <BisWeighted>0</BisWeighted>
      <QtyInPackage>1</QtyInPackage>
      <ItemPrice>8.90</ItemPrice>
      <UnitOfMeasurePrice>7.06</UnitOfMeasurePrice>
      <AllowDiscount>0</AllowDiscount>
      <itemStatus>1</itemStatus>
      <LastUpdateDate />
      <LastUpdateTime />
    </Product>
    <Product>
      <PriceUpdateDate>2018/04/24 11:59</PriceUpdateDate>
      <ItemCode>7290010328611</ItemCode>
      <ItemType>1</ItemType>
      <ItemName>חטיפי חלבה עם פולי קקאו 126  גר`GO2</ItemName>
      <ManufactureName>אחדות בעמ</ManufactureName>
      <ManufactureCountry />
      <ManufactureItemDescription />
      <UnitQty>יח`</UnitQty>
      <Quantity>1.26</Quantity>
      <UnitMeasure>100 גרם</UnitMeasure>
      <BisWeighted>0</BisWeighted>
      <QtyInPackage>1</QtyInPackage>
      <ItemPrice>8.90</ItemPrice>
      <UnitOfMeasurePrice>7.06</UnitOfMeasurePrice>
      <AllowDiscount>0</AllowDiscount>
      <itemStatus>1</itemStatus>
      <LastUpdateDate />
      <LastUpdateTime />
    </Product>
    <Product>
      <PriceUpdateDate>2018/04/24 12:07</PriceUpdateDate>
      <ItemCode>7290010328680</ItemCode>
      <ItemType>1</ItemType>
      <ItemName>עוגה בטעם שוקולד עם שוקוצ`יפס מריר ולבן</ItemName>
      <ManufactureName>אחדות בעמ</ManufactureName>
      <ManufactureCountry />
      <ManufactureItemDescription />
      <UnitQty>יח`</UnitQty>
      <Quantity>4.50</Quantity>
      <UnitMeasure>100 גרם</UnitMeasure>
      <BisWeighted>0</BisWeighted>
      <QtyInPackage>1</QtyInPackage>
      <ItemPrice>9.90</ItemPrice>
      <UnitOfMeasurePrice>2.20</UnitOfMeasurePrice>
      <AllowDiscount>0</AllowDiscount>
      <itemStatus>1</itemStatus>
      <LastUpdateDate />
      <LastUpdateTime />
    </Product>
    <Product>
      <PriceUpdateDate>2020/01/16 09:39</PriceUpdateDate>
      <ItemCode>7290010328710</ItemCode>
      <ItemType>1</ItemType>
      <ItemName>קצפיות במגש 180 גר</ItemName>
      <ManufactureName>אחדות בעמ</ManufactureName>
      <ManufactureCountry />
      <ManufactureItemDescription />
      <UnitQty>יח`</UnitQty>
      <Quantity>1.80</Quantity>
      <UnitMeasure>100 גרם</UnitMeasure>
      <BisWeighted>0</BisWeighted>
      <QtyInPackage>1</QtyInPackage>
      <ItemPrice>8.90</ItemPrice>
      <UnitOfMeasurePrice>4.94</UnitOfMeasurePrice>
      <AllowDiscount>0</AllowDiscount>
      <itemStatus>1</itemStatus>
      <LastUpdateDate />
      <LastUpdateTime />
    </Product>
    <Product>
      <PriceUpdateDate>2018/04/24 13:13</PriceUpdateDate>
      <ItemCode>7290010328765</ItemCode>
      <ItemType>1</ItemType>
      <ItemName>חטיף חלבה 50 גר` אחוה</ItemName>
      <ManufactureName>אחדות בעמ</ManufactureName>
      <ManufactureCountry />
      <ManufactureItemDescription />
      <UnitQty>יח`</UnitQty>
      <Quantity>1</Quantity>
      <UnitMeasure />
      <BisWeighted>0</BisWeighted>
      <QtyInPackage>1</QtyInPackage>
      <ItemPrice>1.50</ItemPrice>
      <UnitOfMeasurePrice>1.50</UnitOfMeasurePrice>
      <AllowDiscount>0</AllowDiscount>
      <itemStatus>1</itemStatus>
      <LastUpdateDate />
      <LastUpdateTime />
    </Product>
    <Product>
      <PriceUpdateDate>2018/04/24 12:51</PriceUpdateDate>
      <ItemCode>7290010328819</ItemCode>
      <ItemType>1</ItemType>
      <ItemName>טחינה עם שוקולד 400 גר אחוה ללא תוספת ס</ItemName>
      <ManufactureName>אחדות בעמ</ManufactureName>
      <ManufactureCountry />
      <ManufactureItemDescription />
      <UnitQty>יח`</UnitQty>
      <Quantity>4</Quantity>
      <UnitMeasure>100 גרם</UnitMeasure>
      <BisWeighted>0</BisWeighted>
      <QtyInPackage>1</QtyInPackage>
      <ItemPrice>11.90</ItemPrice>
      <UnitOfMeasurePrice>2.98</UnitOfMeasurePrice>
      <AllowDiscount>1</AllowDiscount>
      <itemStatus>1</itemStatus>
      <LastUpdateDate />
      <LastUpdateTime />
    </Product>
    <Product>
      <PriceUpdateDate>2018/04/24 09:37</PriceUpdateDate>
      <ItemCode>7290010329595</ItemCode>
      <ItemType>1</ItemType>
      <ItemName>אגו משפחתי דאבל שוקו בלמינט 130 גר` * 13</ItemName>
      <ManufactureName>כרמית תעשיות ממתקים בעמ</ManufactureName>
      <ManufactureCountry />
      <ManufactureItemDescription />
      <UnitQty>יח`</UnitQty>
      <Quantity>1.30</Quantity>
      <UnitMeasure>100 גרם</UnitMeasure>
      <BisWeighted>0</BisWeighted>
      <QtyInPackage>1</QtyInPackage>
      <ItemPrice>8.90</ItemPrice>
      <UnitOfMeasurePrice>6.85</UnitOfMeasurePrice>
      <AllowDiscount>1</AllowDiscount>
      <itemStatus>1</itemStatus>
      <LastUpdateDate />
      <LastUpdateTime />
    </Product>
    <Product>
      <PriceUpdateDate>2018/04/24 11:33</PriceUpdateDate>
      <ItemCode>7290010429301</ItemCode>
      <ItemType>1</ItemType>
      <ItemName>קונפיטורה יד מרדכי תות 250 גר`</ItemName>
      <ManufactureName>שטראוס גרופ בעמ</ManufactureName>
      <ManufactureCountry />
      <ManufactureItemDescription />
      <UnitQty>יח`</UnitQty>
      <Quantity>2.50</Quantity>
      <UnitMeasure>100 גרם</UnitMeasure>
      <BisWeighted>0</BisWeighted>
      <QtyInPackage>1</QtyInPackage>
      <ItemPrice>14.90</ItemPrice>
      <UnitOfMeasurePrice>5.96</UnitOfMeasurePrice>
      <AllowDiscount>1</AllowDiscount>
      <itemStatus>1</itemStatus>
      <LastUpdateDate />
      <LastUpdateTime />
    </Product>
    <Product>
      <PriceUpdateDate>2018/04/24 10:33</PriceUpdateDate>
      <ItemCode>7290010471669</ItemCode>
      <ItemType>1</ItemType>
      <ItemName>דנונה פרי בר קורנפלקס</ItemName>
      <ManufactureName>שטראוס גרופ בעמ/מצונן</ManufactureName>
      <ManufactureCountry />
      <ManufactureItemDescription />
      <UnitQty>יח`</UnitQty>
      <Quantity>1.75</Quantity>
      <UnitMeasure>100 מ"ל</UnitMeasure>
      <BisWeighted>0</BisWeighted>
      <QtyInPackage>1</QtyInPackage>
      <ItemPrice>4.40</ItemPrice>
      <UnitOfMeasurePrice>2.51</UnitOfMeasurePrice>
      <AllowDiscount>0</AllowDiscount>
      <itemStatus>1</itemStatus>
      <LastUpdateDate />
      <LastUpdateTime />
    </Product>
    <Product>
      <PriceUpdateDate>2018/04/24 10:33</PriceUpdateDate>
      <ItemCode>7290010472307</ItemCode>
      <ItemType>1</ItemType>
      <ItemName>משקה יוגורט תות בננה גמדים (100x8 מל)</ItemName>
      <ManufactureName>שטראוס גרופ בעמ/מצונן</ManufactureName>
      <ManufactureCountry />
      <ManufactureItemDescription />
      <UnitQty>יח`</UnitQty>
      <Quantity>8</Quantity>
      <UnitMeasure>100 מ"ל</UnitMeasure>
      <BisWeighted>0</BisWeighted>
      <QtyInPackage>1</QtyInPackage>
      <ItemPrice>20</ItemPrice>
      <UnitOfMeasurePrice>2.50</UnitOfMeasurePrice>
      <AllowDiscount>0</AllowDiscount>
      <itemStatus>1</itemStatus>
      <LastUpdateDate />
      <LastUpdateTime />
    </Product>
    <Product>
      <PriceUpdateDate>2019/08/07 13:27</PriceUpdateDate>
      <ItemCode>7290010535415</ItemCode>
      <ItemType>1</ItemType>
      <ItemName>מברשת לצביעת שיער 3 יח`</ItemName>
      <ManufactureName>קונסיגנציה- ש. י גיספאן 1993</ManufactureName>
      <ManufactureCountry />
      <ManufactureItemDescription />
      <UnitQty>יח`</UnitQty>
      <Quantity>1</Quantity>
      <UnitMeasure />
      <BisWeighted>0</BisWeighted>
      <QtyInPackage>1</QtyInPackage>
      <ItemPrice>10.90</ItemPrice>
      <UnitOfMeasurePrice>10.90</UnitOfMeasurePrice>
      <AllowDiscount>0</AllowDiscount>
      <itemStatus>1</itemStatus>
      <LastUpdateDate />
      <LastUpdateTime />
    </Product>
    <Product>
      <PriceUpdateDate>2018/04/24 13:07</PriceUpdateDate>
      <ItemCode>7290010546053</ItemCode>
      <ItemType>1</ItemType>
      <ItemName>גרנולה ללא תוספת סוכר 400 גר` מנדל</ItemName>
      <ManufactureName>גורי מוצרי צריכה (1991) בעמ</ManufactureName>
      <ManufactureCountry />
      <ManufactureItemDescription />
      <UnitQty>יח`</UnitQty>
      <Quantity>4</Quantity>
      <UnitMeasure>100 גרם</UnitMeasure>
      <BisWeighted>0</BisWeighted>
      <QtyInPackage>1</QtyInPackage>
      <ItemPrice>17.90</ItemPrice>
      <UnitOfMeasurePrice>4.48</UnitOfMeasurePrice>
      <AllowDiscount>1</AllowDiscount>
      <itemStatus>1</itemStatus>
      <LastUpdateDate />
      <LastUpdateTime />
    </Product>
    <Product>
      <PriceUpdateDate>2018/04/24 13:00</PriceUpdateDate>
      <ItemCode>7290010546152</ItemCode>
      <ItemType>1</ItemType>
      <ItemName>גרנולה תמרים 400 גר` מנדל</ItemName>
      <ManufactureName>גורי מוצרי צריכה (1991) בעמ</ManufactureName>
      <ManufactureCountry />
      <ManufactureItemDescription />
      <UnitQty>יח`</UnitQty>
      <Quantity>4</Quantity>
      <UnitMeasure>100 גרם</UnitMeasure>
      <BisWeighted>0</BisWeighted>
      <QtyInPackage>1</QtyInPackage>
      <ItemPrice>17.90</ItemPrice>
      <UnitOfMeasurePrice>4.48</UnitOfMeasurePrice>
      <AllowDiscount>1</AllowDiscount>
      <itemStatus>1</itemStatus>
      <LastUpdateDate />
      <LastUpdateTime />
    </Product>
    <Product>
      <PriceUpdateDate>2018/04/24 12:53</PriceUpdateDate>
      <ItemCode>7290010546169</ItemCode>
      <ItemType>1</ItemType>
      <ItemName>גרנולה שקדים וצימוקים 400 גר` מנדל</ItemName>
      <ManufactureName>גורי מוצרי צריכה (1991) בעמ</ManufactureName>
      <ManufactureCountry />
      <ManufactureItemDescription />
      <UnitQty>יח`</UnitQty>
      <Quantity>4</Quantity>
      <UnitMeasure>100 גרם</UnitMeasure>
      <BisWeighted>0</BisWeighted>
      <QtyInPackage>1</QtyInPackage>
      <ItemPrice>17.90</ItemPrice>
      <UnitOfMeasurePrice>4.48</UnitOfMeasurePrice>
      <AllowDiscount>1</AllowDiscount>
      <itemStatus>1</itemStatus>
      <LastUpdateDate />
      <LastUpdateTime />
    </Product>
    <Product>
      <PriceUpdateDate>2018/04/24 13:07</PriceUpdateDate>
      <ItemCode>7290010546565</ItemCode>
      <ItemType>1</ItemType>
      <ItemName>גרנולה שוקולד 400 גר` מנדל</ItemName>
      <ManufactureName>גורי מוצרי צריכה (1991) בעמ</ManufactureName>
      <ManufactureCountry />
      <ManufactureItemDescription />
      <UnitQty>יח`</UnitQty>
      <Quantity>4</Quantity>
      <UnitMeasure>100 גרם</UnitMeasure>
      <BisWeighted>0</BisWeighted>
      <QtyInPackage>1</QtyInPackage>
      <ItemPrice>17.90</ItemPrice>
      <UnitOfMeasurePrice>4.48</UnitOfMeasurePrice>
      <AllowDiscount>1</AllowDiscount>
      <itemStatus>1</itemStatus>
      <LastUpdateDate />
      <LastUpdateTime />
    </Product>
    <Product>
      <PriceUpdateDate>2019/05/02 14:02</PriceUpdateDate>
      <ItemCode>7290010627004</ItemCode>
      <ItemType>1</ItemType>
      <ItemName>טחינה ירושלים 500 גר`</ItemName>
      <ManufactureName>תה ויסוצקי (ישראל) בעמ</ManufactureName>
      <ManufactureCountry />
      <ManufactureItemDescription />
      <UnitQty>יח`</UnitQty>
      <Quantity>5</Quantity>
      <UnitMeasure>100 גרם</UnitMeasure>
      <BisWeighted>0</BisWeighted>
      <QtyInPackage>1</QtyInPackage>
      <ItemPrice>15.90</ItemPrice>
      <UnitOfMeasurePrice>3.18</UnitOfMeasurePrice>
      <AllowDiscount>0</AllowDiscount>
      <itemStatus>1</itemStatus>
      <LastUpdateDate />
      <LastUpdateTime />
    </Product>
    <Product>
      <PriceUpdateDate>2019/05/02 14:02</PriceUpdateDate>
      <ItemCode>7290010627844</ItemCode>
      <ItemType>1</ItemType>
      <ItemName>טחינה ירושלים 500 גר` שומשום מלא</ItemName>
      <ManufactureName>תה ויסוצקי (ישראל) בעמ</ManufactureName>
      <ManufactureCountry />
      <ManufactureItemDescription />
      <UnitQty>יח`</UnitQty>
      <Quantity>1</Quantity>
      <UnitMeasure />
      <BisWeighted>0</BisWeighted>
      <QtyInPackage>1</QtyInPackage>
      <ItemPrice>15.90</ItemPrice>
      <UnitOfMeasurePrice>15.90</UnitOfMeasurePrice>
      <AllowDiscount>0</AllowDiscount>
      <itemStatus>1</itemStatus>
      <LastUpdateDate />
      <LastUpdateTime />
    </Product>
    <Product>
      <PriceUpdateDate>2018/04/24 09:48</PriceUpdateDate>
      <ItemCode>7290010632121</ItemCode>
      <ItemType>1</ItemType>
      <ItemName>כוס אימון+ידיות רכות</ItemName>
      <ManufactureName>אינטרסן 1996 בעמ</ManufactureName>
      <ManufactureCountry />
      <ManufactureItemDescription />
      <UnitQty>יח`</UnitQty>
      <Quantity>1</Quantity>
      <UnitMeasure />
      <BisWeighted>0</BisWeighted>
      <QtyInPackage>1</QtyInPackage>
      <ItemPrice>16</ItemPrice>
      <UnitOfMeasurePrice>16</UnitOfMeasurePrice>
      <AllowDiscount>0</AllowDiscount>
      <itemStatus>1</itemStatus>
      <LastUpdateDate />
      <LastUpdateTime />
    </Product>
    <Product>
      <PriceUpdateDate>2018/04/24 09:51</PriceUpdateDate>
      <ItemCode>7290010632787</ItemCode>
      <ItemType>1</ItemType>
      <ItemName>צימרוני אוזניים מעץ אינטרסן (300)</ItemName>
      <ManufactureName>אינטרסן 1996 בעמ</ManufactureName>
      <ManufactureCountry />
      <ManufactureItemDescription />
      <UnitQty>יח`</UnitQty>
      <Quantity>300</Quantity>
      <UnitMeasure>יח`</UnitMeasure>
      <BisWeighted>0</BisWeighted>
      <QtyInPackage>1</QtyInPackage>
      <ItemPrice>4</ItemPrice>
      <UnitOfMeasurePrice>0.01</UnitOfMeasurePrice>
      <AllowDiscount>0</AllowDiscount>
      <itemStatus>1</itemStatus>
      <LastUpdateDate />
      <LastUpdateTime />
    </Product>
    <Product>
      <PriceUpdateDate>2018/04/24 10:30</PriceUpdateDate>
      <ItemCode>7290010650026</ItemCode>
      <ItemType>1</ItemType>
      <ItemName>זנגוויל</ItemName>
      <ManufactureName>חוות פטריות תקוע בעמ</ManufactureName>
      <ManufactureCountry />
      <ManufactureItemDescription />
      <UnitQty>יח`</UnitQty>
      <Quantity>1</Quantity>
      <UnitMeasure />
      <BisWeighted>0</BisWeighted>
      <QtyInPackage>1</QtyInPackage>
      <ItemPrice>10.90</ItemPrice>
      <UnitOfMeasurePrice>10.90</UnitOfMeasurePrice>
      <AllowDiscount>1</AllowDiscount>
      <itemStatus>1</itemStatus>
      <LastUpdateDate />
      <LastUpdateTime />
    </Product>
    <Product>
      <PriceUpdateDate>2020/01/28 10:13</PriceUpdateDate>
      <ItemCode>7290010676446</ItemCode>
      <ItemType>1</ItemType>
      <ItemName>שעועית ירוקה שלמה 800 גר`</ItemName>
      <ManufactureName>נ.ת.נ.ג.ב החזקות יעוץ וניהול ב</ManufactureName>
      <ManufactureCountry />
      <ManufactureItemDescription />
      <UnitQty>יח`</UnitQty>
      <Quantity>8</Quantity>
      <UnitMeasure>100 גרם</UnitMeasure>
      <BisWeighted>0</BisWeighted>
      <QtyInPackage>1</QtyInPackage>
      <ItemPrice>6.80</ItemPrice>
      <UnitOfMeasurePrice>0.85</UnitOfMeasurePrice>
      <AllowDiscount>0</AllowDiscount>
      <itemStatus>1</itemStatus>
      <LastUpdateDate />
      <LastUpdateTime />
    </Product>
    <Product>
      <PriceUpdateDate>2020/02/12 12:29</PriceUpdateDate>
      <ItemCode>7290010676507</ItemCode>
      <ItemType>1</ItemType>
      <ItemName>שעועית חתוכה ירוקה 800  גר`קפוא</ItemName>
      <ManufactureName>נ.ת.נ.ג.ב החזקות יעוץ וניהול ב</ManufactureName>
      <ManufactureCountry />
      <ManufactureItemDescription />
      <UnitQty>יח`</UnitQty>
      <Quantity>8</Quantity>
      <UnitMeasure>100 גרם</UnitMeasure>
      <BisWeighted>0</BisWeighted>
      <QtyInPackage>1</QtyInPackage>
      <ItemPrice>6.80</ItemPrice>
      <UnitOfMeasurePrice>0.85</UnitOfMeasurePrice>
      <AllowDiscount>0</AllowDiscount>
      <itemStatus>1</itemStatus>
      <LastUpdateDate />
      <LastUpdateTime />
    </Product>
    <Product>
      <PriceUpdateDate>2020/02/12 12:29</PriceUpdateDate>
      <ItemCode>7290010676583</ItemCode>
      <ItemType>1</ItemType>
      <ItemName>שעועית חתוכה צהובה</ItemName>
      <ManufactureName>נ.ת.נ.ג.ב החזקות יעוץ וניהול ב</ManufactureName>
      <ManufactureCountry />
      <ManufactureItemDescription />
      <UnitQty>יח`</UnitQty>
      <Quantity>8</Quantity>
      <UnitMeasure>100 גרם</UnitMeasure>
      <BisWeighted>0</BisWeighted>
      <QtyInPackage>1</QtyInPackage>
      <ItemPrice>6.80</ItemPrice>
      <UnitOfMeasurePrice>0.85</UnitOfMeasurePrice>
      <AllowDiscount>0</AllowDiscount>
      <itemStatus>1</itemStatus>
      <LastUpdateDate />
      <LastUpdateTime />
    </Product>
    <Product>
      <PriceUpdateDate>2019/10/28 14:57</PriceUpdateDate>
      <ItemCode>7290010676590</ItemCode>
      <ItemType>1</ItemType>
      <ItemName>אפונה קפוא 800 גר`</ItemName>
      <ManufactureName>נ.ת.נ.ג.ב החזקות יעוץ וניהול ב</ManufactureName>
      <ManufactureCountry />
      <ManufactureItemDescription />
      <UnitQty>יח`</UnitQty>
      <Quantity>8</Quantity>
      <UnitMeasure>100 גרם</UnitMeasure>
      <BisWeighted>0</BisWeighted>
      <QtyInPackage>1</QtyInPackage>
      <ItemPrice>9.90</ItemPrice>
      <UnitOfMeasurePrice>1.24</UnitOfMeasurePrice>
      <AllowDiscount>1</AllowDiscount>
      <itemStatus>1</itemStatus>
      <LastUpdateDate />
      <LastUpdateTime />
    </Product>
    <Product>
      <PriceUpdateDate>2019/11/13 12:09</PriceUpdateDate>
      <ItemCode>7290010676637</ItemCode>
      <ItemType>1</ItemType>
      <ItemName>אפונה וגזר 800 גר`</ItemName>
      <ManufactureName>נ.ת.נ.ג.ב החזקות יעוץ וניהול ב</ManufactureName>
      <ManufactureCountry />
      <ManufactureItemDescription />
      <UnitQty>יח`</UnitQty>
      <Quantity>8</Quantity>
      <UnitMeasure>100 גרם</UnitMeasure>
      <BisWeighted>0</BisWeighted>
      <QtyInPackage>1</QtyInPackage>
      <ItemPrice>9.90</ItemPrice>
      <UnitOfMeasurePrice>1.24</UnitOfMeasurePrice>
      <AllowDiscount>1</AllowDiscount>
      <itemStatus>1</itemStatus>
      <LastUpdateDate />
      <LastUpdateTime />
    </Product>
    <Product>
      <PriceUpdateDate>2019/10/28 14:57</PriceUpdateDate>
      <ItemCode>7290010676644</ItemCode>
      <ItemType>1</ItemType>
      <ItemName>לקט ירקות 800 גר` קפוא</ItemName>
      <ManufactureName>נ.ת.נ.ג.ב החזקות יעוץ וניהול ב</ManufactureName>
      <ManufactureCountry />
      <ManufactureItemDescription />
      <UnitQty>יח`</UnitQty>
      <Quantity>8</Quantity>
      <UnitMeasure>100 גרם</UnitMeasure>
      <BisWeighted>0</BisWeighted>
      <QtyInPackage>1</QtyInPackage>
      <ItemPrice>9.90</ItemPrice>
      <UnitOfMeasurePrice>1.24</UnitOfMeasurePrice>
      <AllowDiscount>1</AllowDiscount>
      <itemStatus>1</itemStatus>
      <LastUpdateDate />
      <LastUpdateTime />
    </Product>
    <Product>
      <PriceUpdateDate>2019/06/23 12:16</PriceUpdateDate>
      <ItemCode>7290010690527</ItemCode>
      <ItemType>1</ItemType>
      <ItemName>כרוב  על- קייל</ItemName>
      <ManufactureName>א.אדמה (2007) בעמ</ManufactureName>
      <ManufactureCountry />
      <ManufactureItemDescription />
      <UnitQty>יח`</UnitQty>
      <Quantity>1</Quantity>
      <UnitMeasure />
      <BisWeighted>0</BisWeighted>
      <QtyInPackage>1</QtyInPackage>
      <ItemPrice>10.90</ItemPrice>
      <UnitOfMeasurePrice>10.90</UnitOfMeasurePrice>
      <AllowDiscount>1</AllowDiscount>
      <itemStatus>1</itemStatus>
      <LastUpdateDate />
      <LastUpdateTime />
    </Product>
    <Product>
      <PriceUpdateDate>2018/04/24 11:20</PriceUpdateDate>
      <ItemCode>7290010711031</ItemCode>
      <ItemType>1</ItemType>
      <ItemName>מברשת אבק</ItemName>
      <ManufactureName>מ.א.ייצור ויבוא מטליות בעמ</ManufactureName>
      <ManufactureCountry />
      <ManufactureItemDescription />
      <UnitQty>יח`</UnitQty>
      <Quantity>1</Quantity>
      <UnitMeasure />
      <BisWeighted>0</BisWeighted>
      <QtyInPackage>1</QtyInPackage>
      <ItemPrice>14.90</ItemPrice>
      <UnitOfMeasurePrice>14.90</UnitOfMeasurePrice>
      <AllowDiscount>0</AllowDiscount>
      <itemStatus>1</itemStatus>
      <LastUpdateDate />
      <LastUpdateTime />
    </Product>
    <Product>
      <PriceUpdateDate>2018/04/24 10:06</PriceUpdateDate>
      <ItemCode>7290010711550</ItemCode>
      <ItemType>1</ItemType>
      <ItemName>דלי איטלקי עם פיה יוגב</ItemName>
      <ManufactureName>מ.א.ייצור ויבוא מטליות בעמ</ManufactureName>
      <ManufactureCountry />
      <ManufactureItemDescription />
      <UnitQty>יח`</UnitQty>
      <Quantity>1</Quantity>
      <UnitMeasure />
      <BisWeighted>0</BisWeighted>
      <QtyInPackage>1</QtyInPackage>
      <ItemPrice>11.90</ItemPrice>
      <UnitOfMeasurePrice>11.90</UnitOfMeasurePrice>
      <AllowDiscount>0</AllowDiscount>
      <itemStatus>1</itemStatus>
      <LastUpdateDate />
      <LastUpdateTime />
    </Product>
    <Product>
      <PriceUpdateDate>2018/04/24 11:20</PriceUpdateDate>
      <ItemCode>7290010711864</ItemCode>
      <ItemType>1</ItemType>
      <ItemName>מטאטא משובח+מקל </ItemName>
      <ManufactureName>מ.א.ייצור ויבוא מטליות בעמ</ManufactureName>
      <ManufactureCountry />
      <ManufactureItemDescription />
      <UnitQty>יח`</UnitQty>
      <Quantity>1</Quantity>
      <UnitMeasure />
      <BisWeighted>0</BisWeighted>
      <QtyInPackage>1</QtyInPackage>
      <ItemPrice>31.90</ItemPrice>
      <UnitOfMeasurePrice>31.90</UnitOfMeasurePrice>
      <AllowDiscount>0</AllowDiscount>
      <itemStatus>1</itemStatus>
      <LastUpdateDate />
      <LastUpdateTime />
    </Product>
    <Product>
      <PriceUpdateDate>2020/01/16 09:39</PriceUpdateDate>
      <ItemCode>7290010711932</ItemCode>
      <ItemType>1</ItemType>
      <ItemName>מטליות תשיעייה רב שימושיות פרימיום shiny</ItemName>
      <ManufactureName>מ.א.ייצור ויבוא מטליות בעמ</ManufactureName>
      <ManufactureCountry />
      <ManufactureItemDescription />
      <UnitQty>יח`</UnitQty>
      <Quantity>1</Quantity>
      <UnitMeasure />
      <BisWeighted>0</BisWeighted>
      <QtyInPackage>1</QtyInPackage>
      <ItemPrice>6.90</ItemPrice>
      <UnitOfMeasurePrice>6.90</UnitOfMeasurePrice>
      <AllowDiscount>0</AllowDiscount>
      <itemStatus>1</itemStatus>
      <LastUpdateDate />
      <LastUpdateTime />
    </Product>
    <Product>
      <PriceUpdateDate>2018/04/24 10:36</PriceUpdateDate>
      <ItemCode>7290010715336</ItemCode>
      <ItemType>1</ItemType>
      <ItemName>להבונים טיפ טופ פאלאס (50)</ItemName>
      <ManufactureName>פאלאס תעשיות נטו (2014) בעמ</ManufactureName>
      <ManufactureCountry />
      <ManufactureItemDescription />
      <UnitQty>יח`</UnitQty>
      <Quantity>50</Quantity>
      <UnitMeasure>יח`</UnitMeasure>
      <BisWeighted>0</BisWeighted>
      <QtyInPackage>1</QtyInPackage>
      <ItemPrice>9.90</ItemPrice>
      <UnitOfMeasurePrice>0.20</UnitOfMeasurePrice>
      <AllowDiscount>1</AllowDiscount>
      <itemStatus>1</itemStatus>
      <LastUpdateDate />
      <LastUpdateTime />
    </Product>
    <Product>
      <PriceUpdateDate>2018/04/24 09:39</PriceUpdateDate>
      <ItemCode>7290010718627</ItemCode>
      <ItemType>1</ItemType>
      <ItemName>פנינה אל סבון 1 ליטר ירוק</ItemName>
      <ManufactureName>פנינה רוזנבלום בעמ</ManufactureName>
      <ManufactureCountry />
      <ManufactureItemDescription />
      <UnitQty>יח`</UnitQty>
      <Quantity>1</Quantity>
      <UnitMeasure>1 ליטר</UnitMeasure>
      <BisWeighted>0</BisWeighted>
      <QtyInPackage>1</QtyInPackage>
      <ItemPrice>10.90</ItemPrice>
      <UnitOfMeasurePrice>10.90</UnitOfMeasurePrice>
      <AllowDiscount>1</AllowDiscount>
      <itemStatus>1</itemStatus>
      <LastUpdateDate />
      <LastUpdateTime />
    </Product>
    <Product>
      <PriceUpdateDate>2018/04/24 12:40</PriceUpdateDate>
      <ItemCode>7290010777099</ItemCode>
      <ItemType>1</ItemType>
      <ItemName>פיתות במרקם מיוחד פיתה אקספרס) (8</ItemName>
      <ManufactureName>מגוון שיווק והפצת מאפים בעמ</ManufactureName>
      <ManufactureCountry />
      <ManufactureItemDescription />
      <UnitQty>יח`</UnitQty>
      <Quantity>8</Quantity>
      <UnitMeasure>100 גרם</UnitMeasure>
      <BisWeighted>0</BisWeighted>
      <QtyInPackage>1</QtyInPackage>
      <ItemPrice>9.90</ItemPrice>
      <UnitOfMeasurePrice>1.24</UnitOfMeasurePrice>
      <AllowDiscount>0</AllowDiscount>
      <itemStatus>1</itemStatus>
      <LastUpdateDate />
      <LastUpdateTime />
    </Product>
    <Product>
      <PriceUpdateDate>2018/04/24 12:08</PriceUpdateDate>
      <ItemCode>7290010777150</ItemCode>
      <ItemType>1</ItemType>
      <ItemName>פיתות בריבוע חיטה מלאה פיתה אקספרס) (8</ItemName>
      <ManufactureName>מגוון שיווק והפצת מאפים בעמ</ManufactureName>
      <ManufactureCountry />
      <ManufactureItemDescription />
      <UnitQty>יח`</UnitQty>
      <Quantity>8</Quantity>
      <UnitMeasure>100 גרם</UnitMeasure>
      <BisWeighted>0</BisWeighted>
      <QtyInPackage>1</QtyInPackage>
      <ItemPrice>12</ItemPrice>
      <UnitOfMeasurePrice>1.50</UnitOfMeasurePrice>
      <AllowDiscount>0</AllowDiscount>
      <itemStatus>1</itemStatus>
      <LastUpdateDate />
      <LastUpdateTime />
    </Product>
    <Product>
      <PriceUpdateDate>2018/06/05 10:54</PriceUpdateDate>
      <ItemCode>7290010777327</ItemCode>
      <ItemType>1</ItemType>
      <ItemName>מארז פיתה קלה 79 קלוריות</ItemName>
      <ManufactureName>מגוון שיווק והפצת מאפים בעמ</ManufactureName>
      <ManufactureCountry />
      <ManufactureItemDescription />
      <UnitQty>יח`</UnitQty>
      <Quantity>1</Quantity>
      <UnitMeasure />
      <BisWeighted>0</BisWeighted>
      <QtyInPackage>1</QtyInPackage>
      <ItemPrice>12.50</ItemPrice>
      <UnitOfMeasurePrice>12.50</UnitOfMeasurePrice>
      <AllowDiscount>0</AllowDiscount>
      <itemStatus>1</itemStatus>
      <LastUpdateDate />
      <LastUpdateTime />
    </Product>
    <Product>
      <PriceUpdateDate>2018/04/24 12:42</PriceUpdateDate>
      <ItemCode>7290010777358</ItemCode>
      <ItemType>1</ItemType>
      <ItemName>פיתות מכוסמין מלא פיתה אקספרס) (8</ItemName>
      <ManufactureName>מגוון שיווק והפצת מאפים בעמ</ManufactureName>
      <ManufactureCountry />
      <ManufactureItemDescription />
      <UnitQty>יח`</UnitQty>
      <Quantity>1</Quantity>
      <UnitMeasure />
      <BisWeighted>0</BisWeighted>
      <QtyInPackage>1</QtyInPackage>
      <ItemPrice>14.90</ItemPrice>
      <UnitOfMeasurePrice>14.90</UnitOfMeasurePrice>
      <AllowDiscount>0</AllowDiscount>
      <itemStatus>1</itemStatus>
      <LastUpdateDate />
      <LastUpdateTime />
    </Product>
    <Product>
      <PriceUpdateDate>2018/04/24 09:39</PriceUpdateDate>
      <ItemCode>7290010814268</ItemCode>
      <ItemType>1</ItemType>
      <ItemName>אגו טבלאות שוקולד לבן 85 גר` שלישייה</ItemName>
      <ManufactureName>כרמית תעשיות ממתקים בעמ</ManufactureName>
      <ManufactureCountry />
      <ManufactureItemDescription />
      <UnitQty>יח`</UnitQty>
      <Quantity>2.55</Quantity>
      <UnitMeasure>100 גרם</UnitMeasure>
      <BisWeighted>0</BisWeighted>
      <QtyInPackage>1</QtyInPackage>
      <ItemPrice>11.90</ItemPrice>
      <UnitOfMeasurePrice>4.67</UnitOfMeasurePrice>
      <AllowDiscount>1</AllowDiscount>
      <itemStatus>1</itemStatus>
      <LastUpdateDate />
      <LastUpdateTime />
    </Product>
    <Product>
      <PriceUpdateDate>2019/09/03 12:32</PriceUpdateDate>
      <ItemCode>7290010838219</ItemCode>
      <ItemType>1</ItemType>
      <ItemName>סטיביה מרמולייט (100)</ItemName>
      <ManufactureName>דנשר (1963) בעמ</ManufactureName>
      <ManufactureCountry />
      <ManufactureItemDescription />
      <UnitQty>יח`</UnitQty>
      <Quantity>100</Quantity>
      <UnitMeasure>יח`</UnitMeasure>
      <BisWeighted>0</BisWeighted>
      <QtyInPackage>1</QtyInPackage>
      <ItemPrice>27.90</ItemPrice>
      <UnitOfMeasurePrice>0.28</UnitOfMeasurePrice>
      <AllowDiscount>0</AllowDiscount>
      <itemStatus>1</itemStatus>
      <LastUpdateDate />
      <LastUpdateTime />
    </Product>
    <Product>
      <PriceUpdateDate>2019/07/02 10:20</PriceUpdateDate>
      <ItemCode>7290010838431</ItemCode>
      <ItemType>1</ItemType>
      <ItemName>טואלט דאק 750 מל זוג</ItemName>
      <ManufactureName>דנשר (1963) בעמ</ManufactureName>
      <ManufactureCountry />
      <ManufactureItemDescription />
      <UnitQty>יח`</UnitQty>
      <Quantity>15</Quantity>
      <UnitMeasure>100 מ"ל</UnitMeasure>
      <BisWeighted>0</BisWeighted>
      <QtyInPackage>1</QtyInPackage>
      <ItemPrice>18.90</ItemPrice>
      <UnitOfMeasurePrice>1.26</UnitOfMeasurePrice>
      <AllowDiscount>1</AllowDiscount>
      <itemStatus>1</itemStatus>
      <LastUpdateDate />
      <LastUpdateTime />
    </Product>
    <Product>
      <PriceUpdateDate>2018/04/24 10:19</PriceUpdateDate>
      <ItemCode>7290010849505</ItemCode>
      <ItemType>1</ItemType>
      <ItemName>די לואיג`י רוסו דולצ`ה 750 מל למברוסקו</ItemName>
      <ManufactureName>הכרם - משקאות חריפים בעמ</ManufactureName>
      <ManufactureCountry />
      <ManufactureItemDescription />
      <UnitQty>יח`</UnitQty>
      <Quantity>7.50</Quantity>
      <UnitMeasure>100 מ"ל</UnitMeasure>
      <BisWeighted>0</BisWeighted>
      <QtyInPackage>1</QtyInPackage>
      <ItemPrice>29.90</ItemPrice>
      <UnitOfMeasurePrice>3.95</UnitOfMeasurePrice>
      <AllowDiscount>1</AllowDiscount>
      <itemStatus>1</itemStatus>
      <LastUpdateDate />
      <LastUpdateTime />
    </Product>
    <Product>
      <PriceUpdateDate>2018/04/24 10:19</PriceUpdateDate>
      <ItemCode>7290010849512</ItemCode>
      <ItemType>1</ItemType>
      <ItemName>למברוסקו די לואיג`י קאוויקיולי (750 מל)</ItemName>
      <ManufactureName>הכרם - משקאות חריפים בעמ</ManufactureName>
      <ManufactureCountry />
      <ManufactureItemDescription />
      <UnitQty>יח`</UnitQty>
      <Quantity>7.50</Quantity>
      <UnitMeasure>100 מ"ל</UnitMeasure>
      <BisWeighted>0</BisWeighted>
      <QtyInPackage>1</QtyInPackage>
      <ItemPrice>29.90</ItemPrice>
      <UnitOfMeasurePrice>3.95</UnitOfMeasurePrice>
      <AllowDiscount>1</AllowDiscount>
      <itemStatus>1</itemStatus>
      <LastUpdateDate />
      <LastUpdateTime />
    </Product>
    <Product>
      <PriceUpdateDate>2018/04/24 10:48</PriceUpdateDate>
      <ItemCode>7290010849529</ItemCode>
      <ItemType>1</ItemType>
      <ItemName>די לואיג`י ביאנקו 750 מל למברוסקו</ItemName>
      <ManufactureName>הכרם - משקאות חריפים בעמ</ManufactureName>
      <ManufactureCountry />
      <ManufactureItemDescription />
      <UnitQty>יח`</UnitQty>
      <Quantity>7.50</Quantity>
      <UnitMeasure>100 מ"ל</UnitMeasure>
      <BisWeighted>0</BisWeighted>
      <QtyInPackage>1</QtyInPackage>
      <ItemPrice>31.90</ItemPrice>
      <UnitOfMeasurePrice>4.21</UnitOfMeasurePrice>
      <AllowDiscount>1</AllowDiscount>
      <itemStatus>1</itemStatus>
      <LastUpdateDate />
      <LastUpdateTime />
    </Product>
    <Product>
      <PriceUpdateDate>2018/04/24 12:32</PriceUpdateDate>
      <ItemCode>7290010883059</ItemCode>
      <ItemType>1</ItemType>
      <ItemName>מברשת שיניים בוב ספוג חשמלית</ItemName>
      <ManufactureName>החברה הדרומית לשיווק בעמ</ManufactureName>
      <ManufactureCountry />
      <ManufactureItemDescription />
      <UnitQty>יח`</UnitQty>
      <Quantity>1</Quantity>
      <UnitMeasure />
      <BisWeighted>0</BisWeighted>
      <QtyInPackage>1</QtyInPackage>
      <ItemPrice>39.90</ItemPrice>
      <UnitOfMeasurePrice>39.90</UnitOfMeasurePrice>
      <AllowDiscount>0</AllowDiscount>
      <itemStatus>1</itemStatus>
      <LastUpdateDate />
      <LastUpdateTime />
    </Product>
    <Product>
      <PriceUpdateDate>2018/04/24 13:10</PriceUpdateDate>
      <ItemCode>7290010903153</ItemCode>
      <ItemType>1</ItemType>
      <ItemName>אצבעות דג שומשום 700 גר המותג</ItemName>
      <ManufactureName>קפוא-זן תעשיות מזון בעמ - המות</ManufactureName>
      <ManufactureCountry />
      <ManufactureItemDescription />
      <UnitQty>יח`</UnitQty>
      <Quantity>7</Quantity>
      <UnitMeasure>100 גרם</UnitMeasure>
      <BisWeighted>0</BisWeighted>
      <QtyInPackage>1</QtyInPackage>
      <ItemPrice>19.90</ItemPrice>
      <UnitOfMeasurePrice>2.84</UnitOfMeasurePrice>
      <AllowDiscount>0</AllowDiscount>
      <itemStatus>1</itemStatus>
      <LastUpdateDate />
      <LastUpdateTime />
    </Product>
    <Product>
      <PriceUpdateDate>2018/04/24 10:15</PriceUpdateDate>
      <ItemCode>7290010945146</ItemCode>
      <ItemType>1</ItemType>
      <ItemName>קוטג` 3% מועשר 250 גר`</ItemName>
      <ManufactureName>החב` המרכזית - טרה</ManufactureName>
      <ManufactureCountry />
      <ManufactureItemDescription />
      <UnitQty>יח`</UnitQty>
      <Quantity>2.50</Quantity>
      <UnitMeasure>100 גרם</UnitMeasure>
      <BisWeighted>0</BisWeighted>
      <QtyInPackage>1</QtyInPackage>
      <ItemPrice>5.30</ItemPrice>
      <UnitOfMeasurePrice>2.12</UnitOfMeasurePrice>
      <AllowDiscount>0</AllowDiscount>
      <itemStatus>1</itemStatus>
      <LastUpdateDate />
      <LastUpdateTime />
    </Product>
    <Product>
      <PriceUpdateDate>2019/06/19 09:52</PriceUpdateDate>
      <ItemCode>7290010945306</ItemCode>
      <ItemType>1</ItemType>
      <ItemName>חלב 3% בקרטון טרה (2 ליטר)</ItemName>
      <ManufactureName>החב` המרכזית - טרה</ManufactureName>
      <ManufactureCountry />
      <ManufactureItemDescription />
      <UnitQty>יח`</UnitQty>
      <Quantity>2</Quantity>
      <UnitMeasure>1 ליטר</UnitMeasure>
      <BisWeighted>0</BisWeighted>
      <QtyInPackage>1</QtyInPackage>
      <ItemPrice>11.88</ItemPrice>
      <UnitOfMeasurePrice>5.94</UnitOfMeasurePrice>
      <AllowDiscount>0</AllowDiscount>
      <itemStatus>1</itemStatus>
      <LastUpdateDate />
      <LastUpdateTime />
    </Product>
    <Product>
      <PriceUpdateDate>2019/06/19 09:52</PriceUpdateDate>
      <ItemCode>7290010945450</ItemCode>
      <ItemType>1</ItemType>
      <ItemName>גבינה לבנה 3% 250 גר` פיקוח</ItemName>
      <ManufactureName>החב` המרכזית - טרה</ManufactureName>
      <ManufactureCountry />
      <ManufactureItemDescription />
      <UnitQty>יח`</UnitQty>
      <Quantity>2.50</Quantity>
      <UnitMeasure>100 גרם</UnitMeasure>
      <BisWeighted>0</BisWeighted>
      <QtyInPackage>1</QtyInPackage>
      <ItemPrice>4.75</ItemPrice>
      <UnitOfMeasurePrice>1.90</UnitOfMeasurePrice>
      <AllowDiscount>1</AllowDiscount>
      <itemStatus>1</itemStatus>
      <LastUpdateDate />
      <LastUpdateTime />
    </Product>
    <Product>
      <PriceUpdateDate>2019/06/19 09:52</PriceUpdateDate>
      <ItemCode>7290010945481</ItemCode>
      <ItemType>1</ItemType>
      <ItemName>גבינה לבנה 5% 500  גר`פיקוח</ItemName>
      <ManufactureName>החב` המרכזית - טרה</ManufactureName>
      <ManufactureCountry />
      <ManufactureItemDescription />
      <UnitQty>יח`</UnitQty>
      <Quantity>5</Quantity>
      <UnitMeasure>100 גרם</UnitMeasure>
      <BisWeighted>0</BisWeighted>
      <QtyInPackage>1</QtyInPackage>
      <ItemPrice>9.50</ItemPrice>
      <UnitOfMeasurePrice>1.90</UnitOfMeasurePrice>
      <AllowDiscount>0</AllowDiscount>
      <itemStatus>1</itemStatus>
      <LastUpdateDate />
      <LastUpdateTime />
    </Product>
    <Product>
      <PriceUpdateDate>2018/04/24 11:28</PriceUpdateDate>
      <ItemCode>7290011017866</ItemCode>
      <ItemType>1</ItemType>
      <ItemName>פחית קולה סליק קוקה-קולה (330 מל)</ItemName>
      <ManufactureName>החברה המרכזית להפצת משקאות בעמ</ManufactureName>
      <ManufactureCountry />
      <ManufactureItemDescription />
      <UnitQty>יח`</UnitQty>
      <Quantity>3.30</Quantity>
      <UnitMeasure>100 מ"ל</UnitMeasure>
      <BisWeighted>0</BisWeighted>
      <QtyInPackage>1</QtyInPackage>
      <ItemPrice>4.50</ItemPrice>
      <UnitOfMeasurePrice>1.27</UnitOfMeasurePrice>
      <AllowDiscount>1</AllowDiscount>
      <itemStatus>1</itemStatus>
      <LastUpdateDate />
      <LastUpdateTime />
    </Product>
    <Product>
      <PriceUpdateDate>2018/04/24 11:28</PriceUpdateDate>
      <ItemCode>7290011017873</ItemCode>
      <ItemType>1</ItemType>
      <ItemName>פחית זירו סליק קוקה-קולה (330 מל)</ItemName>
      <ManufactureName>החברה המרכזית להפצת משקאות בעמ</ManufactureName>
      <ManufactureCountry />
      <ManufactureItemDescription />
      <UnitQty>יח`</UnitQty>
      <Quantity>3.30</Quantity>
      <UnitMeasure>100 מ"ל</UnitMeasure>
      <BisWeighted>0</BisWeighted>
      <QtyInPackage>1</QtyInPackage>
      <ItemPrice>4.50</ItemPrice>
      <UnitOfMeasurePrice>1.27</UnitOfMeasurePrice>
      <AllowDiscount>1</AllowDiscount>
      <itemStatus>1</itemStatus>
      <LastUpdateDate />
      <LastUpdateTime />
    </Product>
    <Product>
      <PriceUpdateDate>2018/04/24 11:28</PriceUpdateDate>
      <ItemCode>7290011017880</ItemCode>
      <ItemType>1</ItemType>
      <ItemName>פחית דיאט קולה סליק קוקה-קולה (330 מל)</ItemName>
      <ManufactureName>החברה המרכזית להפצת משקאות בעמ</ManufactureName>
      <ManufactureCountry />
      <ManufactureItemDescription />
      <UnitQty>יח`</UnitQty>
      <Quantity>3.30</Quantity>
      <UnitMeasure>100 מ"ל</UnitMeasure>
      <BisWeighted>0</BisWeighted>
      <QtyInPackage>1</QtyInPackage>
      <ItemPrice>4.50</ItemPrice>
      <UnitOfMeasurePrice>1.27</UnitOfMeasurePrice>
      <AllowDiscount>1</AllowDiscount>
      <itemStatus>1</itemStatus>
      <LastUpdateDate />
      <LastUpdateTime />
    </Product>
    <Product>
      <PriceUpdateDate>2018/11/12 07:49</PriceUpdateDate>
      <ItemCode>7290011018252</ItemCode>
      <ItemType>1</ItemType>
      <ItemName>תה קר בטעם מנגו אננס פיוז-טי (1.5 ליטר)</ItemName>
      <ManufactureName>החברה המרכזית להפצת משקאות בעמ</ManufactureName>
      <ManufactureCountry />
      <ManufactureItemDescription />
      <UnitQty>יח`</UnitQty>
      <Quantity>1.50</Quantity>
      <UnitMeasure>1 ליטר</UnitMeasure>
      <BisWeighted>0</BisWeighted>
      <QtyInPackage>1</QtyInPackage>
      <ItemPrice>7.20</ItemPrice>
      <UnitOfMeasurePrice>4.80</UnitOfMeasurePrice>
      <AllowDiscount>0</AllowDiscount>
      <itemStatus>1</itemStatus>
      <LastUpdateDate />
      <LastUpdateTime />
    </Product>
    <Product>
      <PriceUpdateDate>2018/11/12 07:49</PriceUpdateDate>
      <ItemCode>7290011018283</ItemCode>
      <ItemType>1</ItemType>
      <ItemName>תה קר בטעם אפרסק פיוז-טי (1.5 ליטר)</ItemName>
      <ManufactureName>החברה המרכזית להפצת משקאות בעמ</ManufactureName>
      <ManufactureCountry />
      <ManufactureItemDescription />
      <UnitQty>יח`</UnitQty>
      <Quantity>15</Quantity>
      <UnitMeasure>100 מ"ל</UnitMeasure>
      <BisWeighted>0</BisWeighted>
      <QtyInPackage>1</QtyInPackage>
      <ItemPrice>7.20</ItemPrice>
      <UnitOfMeasurePrice>0.48</UnitOfMeasurePrice>
      <AllowDiscount>0</AllowDiscount>
      <itemStatus>1</itemStatus>
      <LastUpdateDate />
      <LastUpdateTime />
    </Product>
    <Product>
      <PriceUpdateDate>2018/11/12 07:49</PriceUpdateDate>
      <ItemCode>7290011018306</ItemCode>
      <ItemType>1</ItemType>
      <ItemName>תה קר דיאט בטעם אפרסק פיוז-טי (1.5 ליטר)</ItemName>
      <ManufactureName>החברה המרכזית להפצת משקאות בעמ</ManufactureName>
      <ManufactureCountry />
      <ManufactureItemDescription />
      <UnitQty>יח`</UnitQty>
      <Quantity>15</Quantity>
      <UnitMeasure>100 מ"ל</UnitMeasure>
      <BisWeighted>0</BisWeighted>
      <QtyInPackage>1</QtyInPackage>
      <ItemPrice>7.20</ItemPrice>
      <UnitOfMeasurePrice>0.48</UnitOfMeasurePrice>
      <AllowDiscount>0</AllowDiscount>
      <itemStatus>1</itemStatus>
      <LastUpdateDate />
      <LastUpdateTime />
    </Product>
    <Product>
      <PriceUpdateDate>2018/04/24 11:52</PriceUpdateDate>
      <ItemCode>7290011018443</ItemCode>
      <ItemType>1</ItemType>
      <ItemName>משקה מוגז אורנג` פאנטה (330 מל)</ItemName>
      <ManufactureName>החברה המרכזית להפצת משקאות בעמ</ManufactureName>
      <ManufactureCountry />
      <ManufactureItemDescription />
      <UnitQty>יח`</UnitQty>
      <Quantity>3.30</Quantity>
      <UnitMeasure>100 מ"ל</UnitMeasure>
      <BisWeighted>0</BisWeighted>
      <QtyInPackage>1</QtyInPackage>
      <ItemPrice>4.50</ItemPrice>
      <UnitOfMeasurePrice>1.27</UnitOfMeasurePrice>
      <AllowDiscount>1</AllowDiscount>
      <itemStatus>1</itemStatus>
      <LastUpdateDate />
      <LastUpdateTime />
    </Product>
    <Product>
      <PriceUpdateDate>2018/11/12 07:49</PriceUpdateDate>
      <ItemCode>7290011018580</ItemCode>
      <ItemType>1</ItemType>
      <ItemName>תה קר בטעם ענבים פיוז-טי (1.5 ליטר)</ItemName>
      <ManufactureName>החברה המרכזית להפצת משקאות בעמ</ManufactureName>
      <ManufactureCountry />
      <ManufactureItemDescription />
      <UnitQty>יח`</UnitQty>
      <Quantity>1.50</Quantity>
      <UnitMeasure>1 ליטר</UnitMeasure>
      <BisWeighted>0</BisWeighted>
      <QtyInPackage>1</QtyInPackage>
      <ItemPrice>7.20</ItemPrice>
      <UnitOfMeasurePrice>4.80</UnitOfMeasurePrice>
      <AllowDiscount>0</AllowDiscount>
      <itemStatus>1</itemStatus>
      <LastUpdateDate />
      <LastUpdateTime />
    </Product>
    <Product>
      <PriceUpdateDate>2018/04/24 11:46</PriceUpdateDate>
      <ItemCode>7290011018832</ItemCode>
      <ItemType>1</ItemType>
      <ItemName>שישית פחיות קוקה קולה פרידג`פק</ItemName>
      <ManufactureName>החברה המרכזית להפצת משקאות בעמ</ManufactureName>
      <ManufactureCountry />
      <ManufactureItemDescription />
      <UnitQty>יח`</UnitQty>
      <Quantity>1.98</Quantity>
      <UnitMeasure>1 ליטר</UnitMeasure>
      <BisWeighted>0</BisWeighted>
      <QtyInPackage>1</QtyInPackage>
      <ItemPrice>19.90</ItemPrice>
      <UnitOfMeasurePrice>9.14</UnitOfMeasurePrice>
      <AllowDiscount>1</AllowDiscount>
      <itemStatus>1</itemStatus>
      <LastUpdateDate />
      <LastUpdateTime />
    </Product>
    <Product>
      <PriceUpdateDate>2018/04/24 10:44</PriceUpdateDate>
      <ItemCode>7290011026066</ItemCode>
      <ItemType>1</ItemType>
      <ItemName>סרקל שמפו+מרכך 1 ליטר</ItemName>
      <ManufactureName>פישר תעשיות פרמצבטיות בעמ</ManufactureName>
      <ManufactureCountry />
      <ManufactureItemDescription />
      <UnitQty>יח`</UnitQty>
      <Quantity>10</Quantity>
      <UnitMeasure>100 מ"ל</UnitMeasure>
      <BisWeighted>0</BisWeighted>
      <QtyInPackage>1</QtyInPackage>
      <ItemPrice>27.90</ItemPrice>
      <UnitOfMeasurePrice>2.79</UnitOfMeasurePrice>
      <AllowDiscount>0</AllowDiscount>
      <itemStatus>1</itemStatus>
      <LastUpdateDate />
      <LastUpdateTime />
    </Product>
    <Product>
      <PriceUpdateDate>2018/04/24 13:13</PriceUpdateDate>
      <ItemCode>7290011026301</ItemCode>
      <ItemType>1</ItemType>
      <ItemName>שמפו לשיער כסוף לגבר 400 מל דר פישר</ItemName>
      <ManufactureName>פישר תעשיות פרמצבטיות בעמ</ManufactureName>
      <ManufactureCountry />
      <ManufactureItemDescription />
      <UnitQty>יח`</UnitQty>
      <Quantity>4</Quantity>
      <UnitMeasure>100 מ"ל</UnitMeasure>
      <BisWeighted>0</BisWeighted>
      <QtyInPackage>1</QtyInPackage>
      <ItemPrice>24.90</ItemPrice>
      <UnitOfMeasurePrice>6.23</UnitOfMeasurePrice>
      <AllowDiscount>0</AllowDiscount>
      <itemStatus>1</itemStatus>
      <LastUpdateDate />
      <LastUpdateTime />
    </Product>
    <Product>
      <PriceUpdateDate>2018/04/24 10:44</PriceUpdateDate>
      <ItemCode>7290011026530</ItemCode>
      <ItemType>1</ItemType>
      <ItemName>קמיל בלו סנסיטיב 500 מל</ItemName>
      <ManufactureName>פישר תעשיות פרמצבטיות בעמ</ManufactureName>
      <ManufactureCountry />
      <ManufactureItemDescription />
      <UnitQty>יח`</UnitQty>
      <Quantity>5</Quantity>
      <UnitMeasure>100 מ"ל</UnitMeasure>
      <BisWeighted>0</BisWeighted>
      <QtyInPackage>1</QtyInPackage>
      <ItemPrice>20.90</ItemPrice>
      <UnitOfMeasurePrice>4.18</UnitOfMeasurePrice>
      <AllowDiscount>0</AllowDiscount>
      <itemStatus>1</itemStatus>
      <LastUpdateDate />
      <LastUpdateTime />
    </Product>
    <Product>
      <PriceUpdateDate>2018/04/24 10:17</PriceUpdateDate>
      <ItemCode>7290011051365</ItemCode>
      <ItemType>1</ItemType>
      <ItemName>מי סודה בטעם לימון שוופס (1.5x4 ליטר)</ItemName>
      <ManufactureName>יפאורה</ManufactureName>
      <ManufactureCountry />
      <ManufactureItemDescription />
      <UnitQty>יח`</UnitQty>
      <Quantity>6</Quantity>
      <UnitMeasure>1 ליטר</UnitMeasure>
      <BisWeighted>0</BisWeighted>
      <QtyInPackage>1</QtyInPackage>
      <ItemPrice>11</ItemPrice>
      <UnitOfMeasurePrice>1.83</UnitOfMeasurePrice>
      <AllowDiscount>0</AllowDiscount>
      <itemStatus>1</itemStatus>
      <LastUpdateDate />
      <LastUpdateTime />
    </Product>
    <Product>
      <PriceUpdateDate>2019/01/14 09:58</PriceUpdateDate>
      <ItemCode>7290011051372</ItemCode>
      <ItemType>1</ItemType>
      <ItemName>שוופס מוגז עדין 1.5 ליטר תפוח ליים</ItemName>
      <ManufactureName>יפאורה</ManufactureName>
      <ManufactureCountry />
      <ManufactureItemDescription />
      <UnitQty>יח`</UnitQty>
      <Quantity>15</Quantity>
      <UnitMeasure>100 מ"ל</UnitMeasure>
      <BisWeighted>0</BisWeighted>
      <QtyInPackage>1</QtyInPackage>
      <ItemPrice>6.90</ItemPrice>
      <UnitOfMeasurePrice>0.46</UnitOfMeasurePrice>
      <AllowDiscount>1</AllowDiscount>
      <itemStatus>1</itemStatus>
      <LastUpdateDate />
      <LastUpdateTime />
    </Product>
    <Product>
      <PriceUpdateDate>2019/01/14 09:58</PriceUpdateDate>
      <ItemCode>7290011051389</ItemCode>
      <ItemType>1</ItemType>
      <ItemName>שוופס מוגז עדין 1.5 ליטר פירות יער</ItemName>
      <ManufactureName>יפאורה</ManufactureName>
      <ManufactureCountry />
      <ManufactureItemDescription />
      <UnitQty>יח`</UnitQty>
      <Quantity>15</Quantity>
      <UnitMeasure>100 מ"ל</UnitMeasure>
      <BisWeighted>0</BisWeighted>
      <QtyInPackage>1</QtyInPackage>
      <ItemPrice>6.90</ItemPrice>
      <UnitOfMeasurePrice>0.46</UnitOfMeasurePrice>
      <AllowDiscount>1</AllowDiscount>
      <itemStatus>1</itemStatus>
      <LastUpdateDate />
      <LastUpdateTime />
    </Product>
    <Product>
      <PriceUpdateDate>2019/01/14 09:58</PriceUpdateDate>
      <ItemCode>7290011051396</ItemCode>
      <ItemType>1</ItemType>
      <ItemName>משקה מוגז עדין אפרסק שוופס (1.5 ליטר)</ItemName>
      <ManufactureName>יפאורה</ManufactureName>
      <ManufactureCountry />
      <ManufactureItemDescription />
      <UnitQty>יח`</UnitQty>
      <Quantity>15</Quantity>
      <UnitMeasure>100 מ"ל</UnitMeasure>
      <BisWeighted>0</BisWeighted>
      <QtyInPackage>1</QtyInPackage>
      <ItemPrice>6.90</ItemPrice>
      <UnitOfMeasurePrice>0.46</UnitOfMeasurePrice>
      <AllowDiscount>1</AllowDiscount>
      <itemStatus>1</itemStatus>
      <LastUpdateDate />
      <LastUpdateTime />
    </Product>
    <Product>
      <PriceUpdateDate>2019/01/14 09:58</PriceUpdateDate>
      <ItemCode>7290011051488</ItemCode>
      <ItemType>1</ItemType>
      <ItemName>תה קר אפרסק ספרינג (1.5 ליטר)</ItemName>
      <ManufactureName>יפאורה</ManufactureName>
      <ManufactureCountry />
      <ManufactureItemDescription />
      <UnitQty>יח`</UnitQty>
      <Quantity>1.50</Quantity>
      <UnitMeasure>1 ליטר</UnitMeasure>
      <BisWeighted>0</BisWeighted>
      <QtyInPackage>1</QtyInPackage>
      <ItemPrice>6.40</ItemPrice>
      <UnitOfMeasurePrice>4.27</UnitOfMeasurePrice>
      <AllowDiscount>1</AllowDiscount>
      <itemStatus>1</itemStatus>
      <LastUpdateDate />
      <LastUpdateTime />
    </Product>
    <Product>
      <PriceUpdateDate>2019/01/14 09:58</PriceUpdateDate>
      <ItemCode>7290011051495</ItemCode>
      <ItemType>1</ItemType>
      <ItemName>תה ירוק לימון לואיזה ספרינג (1.5 ליטר)</ItemName>
      <ManufactureName>יפאורה</ManufactureName>
      <ManufactureCountry />
      <ManufactureItemDescription />
      <UnitQty>יח`</UnitQty>
      <Quantity>1.50</Quantity>
      <UnitMeasure>1 ליטר</UnitMeasure>
      <BisWeighted>0</BisWeighted>
      <QtyInPackage>1</QtyInPackage>
      <ItemPrice>6.40</ItemPrice>
      <UnitOfMeasurePrice>4.27</UnitOfMeasurePrice>
      <AllowDiscount>1</AllowDiscount>
      <itemStatus>1</itemStatus>
      <LastUpdateDate />
      <LastUpdateTime />
    </Product>
    <Product>
      <PriceUpdateDate>2019/01/14 09:58</PriceUpdateDate>
      <ItemCode>7290011051518</ItemCode>
      <ItemType>1</ItemType>
      <ItemName>תה קר דיאט אפרסק ספרינג (1.5 ליטר)</ItemName>
      <ManufactureName>יפאורה</ManufactureName>
      <ManufactureCountry />
      <ManufactureItemDescription />
      <UnitQty>יח`</UnitQty>
      <Quantity>1.50</Quantity>
      <UnitMeasure>1 ליטר</UnitMeasure>
      <BisWeighted>0</BisWeighted>
      <QtyInPackage>1</QtyInPackage>
      <ItemPrice>6.40</ItemPrice>
      <UnitOfMeasurePrice>4.27</UnitOfMeasurePrice>
      <AllowDiscount>1</AllowDiscount>
      <itemStatus>1</itemStatus>
      <LastUpdateDate />
      <LastUpdateTime />
    </Product>
    <Product>
      <PriceUpdateDate>2019/03/24 20:17</PriceUpdateDate>
      <ItemCode>7290011051938</ItemCode>
      <ItemType>1</ItemType>
      <ItemName>משקה קל תפוחים תפוזינה (1.5 ליטר)</ItemName>
      <ManufactureName>יפאורה</ManufactureName>
      <ManufactureCountry />
      <ManufactureItemDescription />
      <UnitQty>יח`</UnitQty>
      <Quantity>15</Quantity>
      <UnitMeasure>100 מ"ל</UnitMeasure>
      <BisWeighted>0</BisWeighted>
      <QtyInPackage>1</QtyInPackage>
      <ItemPrice>6.50</ItemPrice>
      <UnitOfMeasurePrice>0.43</UnitOfMeasurePrice>
      <AllowDiscount>1</AllowDiscount>
      <itemStatus>1</itemStatus>
      <LastUpdateDate />
      <LastUpdateTime />
    </Product>
    <Product>
      <PriceUpdateDate>2018/04/24 10:32</PriceUpdateDate>
      <ItemCode>7290011064075</ItemCode>
      <ItemType>1</ItemType>
      <ItemName>לאבנה אבו גוש 200 גר</ItemName>
      <ManufactureName>הגבינות של ניצן</ManufactureName>
      <ManufactureCountry />
      <ManufactureItemDescription />
      <UnitQty>יח`</UnitQty>
      <Quantity>2</Quantity>
      <UnitMeasure>100 גרם</UnitMeasure>
      <BisWeighted>0</BisWeighted>
      <QtyInPackage>1</QtyInPackage>
      <ItemPrice>13.90</ItemPrice>
      <UnitOfMeasurePrice>6.95</UnitOfMeasurePrice>
      <AllowDiscount>0</AllowDiscount>
      <itemStatus>1</itemStatus>
      <LastUpdateDate />
      <LastUpdateTime />
    </Product>
    <Product>
      <PriceUpdateDate>2018/04/24 12:09</PriceUpdateDate>
      <ItemCode>7290011064099</ItemCode>
      <ItemType>1</ItemType>
      <ItemName>פלפלוני שרי ממולא בגבינה 125 גר</ItemName>
      <ManufactureName>הגבינות של ניצן</ManufactureName>
      <ManufactureCountry />
      <ManufactureItemDescription />
      <UnitQty>יח`</UnitQty>
      <Quantity>1.25</Quantity>
      <UnitMeasure>100 גרם</UnitMeasure>
      <BisWeighted>0</BisWeighted>
      <QtyInPackage>1</QtyInPackage>
      <ItemPrice>19.90</ItemPrice>
      <UnitOfMeasurePrice>15.92</UnitOfMeasurePrice>
      <AllowDiscount>0</AllowDiscount>
      <itemStatus>1</itemStatus>
      <LastUpdateDate />
      <LastUpdateTime />
    </Product>
    <Product>
      <PriceUpdateDate>2019/07/17 10:32</PriceUpdateDate>
      <ItemCode>7290011074173</ItemCode>
      <ItemType>1</ItemType>
      <ItemName>וניש מגבונים להסרת כתמים</ItemName>
      <ManufactureName>רקיט בנקיזר (ניר איסט) בעמ</ManufactureName>
      <ManufactureCountry />
      <ManufactureItemDescription />
      <UnitQty>יח`</UnitQty>
      <Quantity>2</Quantity>
      <UnitMeasure>100 מ"ל</UnitMeasure>
      <BisWeighted>0</BisWeighted>
      <QtyInPackage>1</QtyInPackage>
      <ItemPrice>14.90</ItemPrice>
      <UnitOfMeasurePrice>7.45</UnitOfMeasurePrice>
      <AllowDiscount>0</AllowDiscount>
      <itemStatus>1</itemStatus>
      <LastUpdateDate />
      <LastUpdateTime />
    </Product>
    <Product>
      <PriceUpdateDate>2018/04/24 09:38</PriceUpdateDate>
      <ItemCode>7290011081492</ItemCode>
      <ItemType>1</ItemType>
      <ItemName>שטראוס קרמיסימו בטעמי 3 שוקלד</ItemName>
      <ManufactureName>גלידות שטראוס בעמ</ManufactureName>
      <ManufactureCountry />
      <ManufactureItemDescription />
      <UnitQty>יח`</UnitQty>
      <Quantity>1.33</Quantity>
      <UnitMeasure>1 ליטר</UnitMeasure>
      <BisWeighted>0</BisWeighted>
      <QtyInPackage>1</QtyInPackage>
      <ItemPrice>18.90</ItemPrice>
      <UnitOfMeasurePrice>14.21</UnitOfMeasurePrice>
      <AllowDiscount>1</AllowDiscount>
      <itemStatus>1</itemStatus>
      <LastUpdateDate />
      <LastUpdateTime />
    </Product>
    <Product>
      <PriceUpdateDate>2018/04/24 09:38</PriceUpdateDate>
      <ItemCode>7290011081690</ItemCode>
      <ItemType>1</ItemType>
      <ItemName>שטראוס קרמיסימו</ItemName>
      <ManufactureName>גלידות שטראוס בעמ</ManufactureName>
      <ManufactureCountry />
      <ManufactureItemDescription />
      <UnitQty>יח`</UnitQty>
      <Quantity>1.33</Quantity>
      <UnitMeasure>1 ליטר</UnitMeasure>
      <BisWeighted>0</BisWeighted>
      <QtyInPackage>1</QtyInPackage>
      <ItemPrice>18.90</ItemPrice>
      <UnitOfMeasurePrice>14.21</UnitOfMeasurePrice>
      <AllowDiscount>1</AllowDiscount>
      <itemStatus>1</itemStatus>
      <LastUpdateDate />
      <LastUpdateTime />
    </Product>
    <Product>
      <PriceUpdateDate>2018/04/24 11:36</PriceUpdateDate>
      <ItemCode>7290011103088</ItemCode>
      <ItemType>1</ItemType>
      <ItemName>זיקוקים 6 יח בשקית 15 סמ</ItemName>
      <ManufactureName>שמחה זה אנחנו בעמ</ManufactureName>
      <ManufactureCountry />
      <ManufactureItemDescription />
      <UnitQty>יח`</UnitQty>
      <Quantity>1</Quantity>
      <UnitMeasure />
      <BisWeighted>0</BisWeighted>
      <QtyInPackage>1</QtyInPackage>
      <ItemPrice>14.90</ItemPrice>
      <UnitOfMeasurePrice>14.90</UnitOfMeasurePrice>
      <AllowDiscount>0</AllowDiscount>
      <itemStatus>1</itemStatus>
      <LastUpdateDate />
      <LastUpdateTime />
    </Product>
    <Product>
      <PriceUpdateDate>2018/07/08 11:12</PriceUpdateDate>
      <ItemCode>7290011115166</ItemCode>
      <ItemType>1</ItemType>
      <ItemName>תחליב רחצה לבנדר נקה  (17 ליטר)</ItemName>
      <ManufactureName>החברה הדרומית לשיווק בעמ</ManufactureName>
      <ManufactureCountry />
      <ManufactureItemDescription />
      <UnitQty>יח`</UnitQty>
      <Quantity>1</Quantity>
      <UnitMeasure>1 ליטר</UnitMeasure>
      <BisWeighted>0</BisWeighted>
      <QtyInPackage>1</QtyInPackage>
      <ItemPrice>12.90</ItemPrice>
      <UnitOfMeasurePrice>12.90</UnitOfMeasurePrice>
      <AllowDiscount>0</AllowDiscount>
      <itemStatus>1</itemStatus>
      <LastUpdateDate />
      <LastUpdateTime />
    </Product>
    <Product>
      <PriceUpdateDate>2018/04/24 10:01</PriceUpdateDate>
      <ItemCode>7290011115258</ItemCode>
      <ItemType>1</ItemType>
      <ItemName>סבון מוצק נקה 7 רביעייה</ItemName>
      <ManufactureName>החברה הדרומית לשיווק בעמ</ManufactureName>
      <ManufactureCountry />
      <ManufactureItemDescription />
      <UnitQty>יח`</UnitQty>
      <Quantity>4</Quantity>
      <UnitMeasure>100 גרם</UnitMeasure>
      <BisWeighted>0</BisWeighted>
      <QtyInPackage>1</QtyInPackage>
      <ItemPrice>11.90</ItemPrice>
      <UnitOfMeasurePrice>2.98</UnitOfMeasurePrice>
      <AllowDiscount>1</AllowDiscount>
      <itemStatus>1</itemStatus>
      <LastUpdateDate />
      <LastUpdateTime />
    </Product>
    <Product>
      <PriceUpdateDate>2018/04/24 11:24</PriceUpdateDate>
      <ItemCode>7290011115289</ItemCode>
      <ItemType>1</ItemType>
      <ItemName>סבון מוצק נקה 7 רביעייה</ItemName>
      <ManufactureName>החברה הדרומית לשיווק בעמ</ManufactureName>
      <ManufactureCountry />
      <ManufactureItemDescription />
      <UnitQty>יח`</UnitQty>
      <Quantity>4</Quantity>
      <UnitMeasure>100 גרם</UnitMeasure>
      <BisWeighted>0</BisWeighted>
      <QtyInPackage>1</QtyInPackage>
      <ItemPrice>11.90</ItemPrice>
      <UnitOfMeasurePrice>2.98</UnitOfMeasurePrice>
      <AllowDiscount>1</AllowDiscount>
      <itemStatus>1</itemStatus>
      <LastUpdateDate />
      <LastUpdateTime />
    </Product>
    <Product>
      <PriceUpdateDate>2018/10/11 09:58</PriceUpdateDate>
      <ItemCode>7290011126346</ItemCode>
      <ItemType>1</ItemType>
      <ItemName>תה ירוק לימונית לאויזה מריסה 25 שקיקים</ItemName>
      <ManufactureName>תה ויסוצקי (ישראל) בעמ</ManufactureName>
      <ManufactureCountry />
      <ManufactureItemDescription />
      <UnitQty>יח`</UnitQty>
      <Quantity>0.55</Quantity>
      <UnitMeasure>100 גרם</UnitMeasure>
      <BisWeighted>0</BisWeighted>
      <QtyInPackage>1</QtyInPackage>
      <ItemPrice>17.50</ItemPrice>
      <UnitOfMeasurePrice>31.82</UnitOfMeasurePrice>
      <AllowDiscount>0</AllowDiscount>
      <itemStatus>1</itemStatus>
      <LastUpdateDate />
      <LastUpdateTime />
    </Product>
    <Product>
      <PriceUpdateDate>2018/10/11 09:58</PriceUpdateDate>
      <ItemCode>7290011126452</ItemCode>
      <ItemType>1</ItemType>
      <ItemName>תה קמומיל ונענע ויסוצקי הגן הקסום) (25</ItemName>
      <ManufactureName>תה ויסוצקי (ישראל) בעמ</ManufactureName>
      <ManufactureCountry />
      <ManufactureItemDescription />
      <UnitQty>יח`</UnitQty>
      <Quantity>0.3750</Quantity>
      <UnitMeasure>100 גרם</UnitMeasure>
      <BisWeighted>0</BisWeighted>
      <QtyInPackage>1</QtyInPackage>
      <ItemPrice>17.50</ItemPrice>
      <UnitOfMeasurePrice>46.67</UnitOfMeasurePrice>
      <AllowDiscount>0</AllowDiscount>
      <itemStatus>1</itemStatus>
      <LastUpdateDate />
      <LastUpdateTime />
    </Product>
    <Product>
      <PriceUpdateDate>2019/01/30 09:36</PriceUpdateDate>
      <ItemCode>7290011126940</ItemCode>
      <ItemType>1</ItemType>
      <ItemName>תה ירוק מרווה ויסוצקי) (25</ItemName>
      <ManufactureName>תה ויסוצקי (ישראל) בעמ</ManufactureName>
      <ManufactureCountry />
      <ManufactureItemDescription />
      <UnitQty>יח`</UnitQty>
      <Quantity>0.3750</Quantity>
      <UnitMeasure>100 גרם</UnitMeasure>
      <BisWeighted>0</BisWeighted>
      <QtyInPackage>1</QtyInPackage>
      <ItemPrice>24.90</ItemPrice>
      <UnitOfMeasurePrice>66.40</UnitOfMeasurePrice>
      <AllowDiscount>0</AllowDiscount>
      <itemStatus>1</itemStatus>
      <LastUpdateDate />
      <LastUpdateTime />
    </Product>
    <Product>
      <PriceUpdateDate>2018/04/24 11:37</PriceUpdateDate>
      <ItemCode>7290011131050</ItemCode>
      <ItemType>1</ItemType>
      <ItemName>גרין גרנולה פקאן</ItemName>
      <ManufactureName>משה סידס ובנו בעמ</ManufactureName>
      <ManufactureCountry />
      <ManufactureItemDescription />
      <UnitQty>יח`</UnitQty>
      <Quantity>1</Quantity>
      <UnitMeasure>ק"ג</UnitMeasure>
      <BisWeighted>0</BisWeighted>
      <QtyInPackage>1</QtyInPackage>
      <ItemPrice>25.90</ItemPrice>
      <UnitOfMeasurePrice>25.90</UnitOfMeasurePrice>
      <AllowDiscount>1</AllowDiscount>
      <itemStatus>1</itemStatus>
      <LastUpdateDate />
      <LastUpdateTime />
    </Product>
    <Product>
      <PriceUpdateDate>2018/04/24 09:40</PriceUpdateDate>
      <ItemCode>7290011131371</ItemCode>
      <ItemType>1</ItemType>
      <ItemName>מוזלי קראנצ`י שקדים ואגוזים גרין (1 קג)</ItemName>
      <ManufactureName>משה סידס ובנו בעמ</ManufactureName>
      <ManufactureCountry />
      <ManufactureItemDescription />
      <UnitQty>יח`</UnitQty>
      <Quantity>1</Quantity>
      <UnitMeasure>ק"ג</UnitMeasure>
      <BisWeighted>0</BisWeighted>
      <QtyInPackage>1</QtyInPackage>
      <ItemPrice>25.90</ItemPrice>
      <UnitOfMeasurePrice>25.90</UnitOfMeasurePrice>
      <AllowDiscount>1</AllowDiscount>
      <itemStatus>1</itemStatus>
      <LastUpdateDate />
      <LastUpdateTime />
    </Product>
    <Product>
      <PriceUpdateDate>2018/04/24 09:40</PriceUpdateDate>
      <ItemCode>7290011131388</ItemCode>
      <ItemType>1</ItemType>
      <ItemName>גרין מוזלי תפוחים חמניות וקינמון 1 קג</ItemName>
      <ManufactureName>משה סידס ובנו בעמ</ManufactureName>
      <ManufactureCountry />
      <ManufactureItemDescription />
      <UnitQty>יח`</UnitQty>
      <Quantity>1</Quantity>
      <UnitMeasure>ק"ג</UnitMeasure>
      <BisWeighted>0</BisWeighted>
      <QtyInPackage>1</QtyInPackage>
      <ItemPrice>25.90</ItemPrice>
      <UnitOfMeasurePrice>25.90</UnitOfMeasurePrice>
      <AllowDiscount>1</AllowDiscount>
      <itemStatus>1</itemStatus>
      <LastUpdateDate />
      <LastUpdateTime />
    </Product>
    <Product>
      <PriceUpdateDate>2018/04/24 09:40</PriceUpdateDate>
      <ItemCode>7290011131395</ItemCode>
      <ItemType>1</ItemType>
      <ItemName>מוזלי קראנצ`י 30% פירות גרין (1 קג)</ItemName>
      <ManufactureName>משה סידס ובנו בעמ</ManufactureName>
      <ManufactureCountry />
      <ManufactureItemDescription />
      <UnitQty>יח`</UnitQty>
      <Quantity>1</Quantity>
      <UnitMeasure>ק"ג</UnitMeasure>
      <BisWeighted>0</BisWeighted>
      <QtyInPackage>1</QtyInPackage>
      <ItemPrice>25.90</ItemPrice>
      <UnitOfMeasurePrice>25.90</UnitOfMeasurePrice>
      <AllowDiscount>1</AllowDiscount>
      <itemStatus>1</itemStatus>
      <LastUpdateDate />
      <LastUpdateTime />
    </Product>
    <Product>
      <PriceUpdateDate>2018/04/24 12:08</PriceUpdateDate>
      <ItemCode>7290011131609</ItemCode>
      <ItemType>1</ItemType>
      <ItemName>גרין מוזלי 30% פירות מופחת שומן 1 קג</ItemName>
      <ManufactureName>משה סידס ובנו בעמ</ManufactureName>
      <ManufactureCountry />
      <ManufactureItemDescription />
      <UnitQty>יח`</UnitQty>
      <Quantity>10</Quantity>
      <UnitMeasure>100 גרם</UnitMeasure>
      <BisWeighted>0</BisWeighted>
      <QtyInPackage>1</QtyInPackage>
      <ItemPrice>25.90</ItemPrice>
      <UnitOfMeasurePrice>2.59</UnitOfMeasurePrice>
      <AllowDiscount>1</AllowDiscount>
      <itemStatus>1</itemStatus>
      <LastUpdateDate />
      <LastUpdateTime />
    </Product>
    <Product>
      <PriceUpdateDate>2018/04/24 09:30</PriceUpdateDate>
      <ItemCode>7290011131968</ItemCode>
      <ItemType>1</ItemType>
      <ItemName>גרנולה בתוספת שקדים ואגוזים גרין (1 קג)</ItemName>
      <ManufactureName>משה סידס ובנו בעמ</ManufactureName>
      <ManufactureCountry />
      <ManufactureItemDescription />
      <UnitQty>יח`</UnitQty>
      <Quantity>1</Quantity>
      <UnitMeasure>ק"ג</UnitMeasure>
      <BisWeighted>0</BisWeighted>
      <QtyInPackage>1</QtyInPackage>
      <ItemPrice>26</ItemPrice>
      <UnitOfMeasurePrice>26</UnitOfMeasurePrice>
      <AllowDiscount>1</AllowDiscount>
      <itemStatus>1</itemStatus>
      <LastUpdateDate />
      <LastUpdateTime />
    </Product>
    <Product>
      <PriceUpdateDate>2018/04/24 09:30</PriceUpdateDate>
      <ItemCode>7290011131975</ItemCode>
      <ItemType>1</ItemType>
      <ItemName>גרנולה בתוספת פירות גרין (1 קג)</ItemName>
      <ManufactureName>משה סידס ובנו בעמ</ManufactureName>
      <ManufactureCountry />
      <ManufactureItemDescription />
      <UnitQty>יח`</UnitQty>
      <Quantity>1</Quantity>
      <UnitMeasure>ק"ג</UnitMeasure>
      <BisWeighted>0</BisWeighted>
      <QtyInPackage>1</QtyInPackage>
      <ItemPrice>26</ItemPrice>
      <UnitOfMeasurePrice>26</UnitOfMeasurePrice>
      <AllowDiscount>1</AllowDiscount>
      <itemStatus>1</itemStatus>
      <LastUpdateDate />
      <LastUpdateTime />
    </Product>
    <Product>
      <PriceUpdateDate>2018/04/24 09:22</PriceUpdateDate>
      <ItemCode>7290011132552</ItemCode>
      <ItemType>1</ItemType>
      <ItemName>בירה פאולנר רביעיות</ItemName>
      <ManufactureName>טמפו משקאות בעמ</ManufactureName>
      <ManufactureCountry />
      <ManufactureItemDescription />
      <UnitQty>יח`</UnitQty>
      <Quantity>13.20</Quantity>
      <UnitMeasure>100 מ"ל</UnitMeasure>
      <BisWeighted>0</BisWeighted>
      <QtyInPackage>1</QtyInPackage>
      <ItemPrice>47.90</ItemPrice>
      <UnitOfMeasurePrice>3.54</UnitOfMeasurePrice>
      <AllowDiscount>1</AllowDiscount>
      <itemStatus>1</itemStatus>
      <LastUpdateDate />
      <LastUpdateTime />
    </Product>
    <Product>
      <PriceUpdateDate>2019/02/20 15:05</PriceUpdateDate>
      <ItemCode>7290011133368</ItemCode>
      <ItemType>1</ItemType>
      <ItemName>בירה שנדי תפוח מכבי (330x6 מל)</ItemName>
      <ManufactureName>טמפו משקאות בעמ</ManufactureName>
      <ManufactureCountry />
      <ManufactureItemDescription />
      <UnitQty>יח`</UnitQty>
      <Quantity>19.80</Quantity>
      <UnitMeasure>100 מ"ל</UnitMeasure>
      <BisWeighted>0</BisWeighted>
      <QtyInPackage>1</QtyInPackage>
      <ItemPrice>36.90</ItemPrice>
      <UnitOfMeasurePrice>1.77</UnitOfMeasurePrice>
      <AllowDiscount>1</AllowDiscount>
      <itemStatus>1</itemStatus>
      <LastUpdateDate />
      <LastUpdateTime />
    </Product>
    <Product>
      <PriceUpdateDate>2019/02/20 15:05</PriceUpdateDate>
      <ItemCode>7290011133375</ItemCode>
      <ItemType>1</ItemType>
      <ItemName>בירה שנדי אפרסק מכבי (330x6 מל)</ItemName>
      <ManufactureName>טמפו משקאות בעמ</ManufactureName>
      <ManufactureCountry />
      <ManufactureItemDescription />
      <UnitQty>יח`</UnitQty>
      <Quantity>19.80</Quantity>
      <UnitMeasure>100 מ"ל</UnitMeasure>
      <BisWeighted>0</BisWeighted>
      <QtyInPackage>1</QtyInPackage>
      <ItemPrice>36.90</ItemPrice>
      <UnitOfMeasurePrice>1.77</UnitOfMeasurePrice>
      <AllowDiscount>1</AllowDiscount>
      <itemStatus>1</itemStatus>
      <LastUpdateDate />
      <LastUpdateTime />
    </Product>
    <Product>
      <PriceUpdateDate>2018/04/24 10:33</PriceUpdateDate>
      <ItemCode>7290011194215</ItemCode>
      <ItemType>1</ItemType>
      <ItemName>דניאלה מעדן בטעם בננה שטראוס (88 גרם)</ItemName>
      <ManufactureName>שטראוס גרופ בעמ/מצונן</ManufactureName>
      <ManufactureCountry />
      <ManufactureItemDescription />
      <UnitQty>יח`</UnitQty>
      <Quantity>1.50</Quantity>
      <UnitMeasure>100 מ"ל</UnitMeasure>
      <BisWeighted>0</BisWeighted>
      <QtyInPackage>1</QtyInPackage>
      <ItemPrice>4</ItemPrice>
      <UnitOfMeasurePrice>2.67</UnitOfMeasurePrice>
      <AllowDiscount>0</AllowDiscount>
      <itemStatus>1</itemStatus>
      <LastUpdateDate />
      <LastUpdateTime />
    </Product>
    <Product>
      <PriceUpdateDate>2018/08/01 14:14</PriceUpdateDate>
      <ItemCode>7290011194246</ItemCode>
      <ItemType>1</ItemType>
      <ItemName>גבינת  קוטג`5% שטראוס (250 גרם)</ItemName>
      <ManufactureName>שטראוס גרופ בעמ/מצונן</ManufactureName>
      <ManufactureCountry />
      <ManufactureItemDescription />
      <UnitQty>יח`</UnitQty>
      <Quantity>2.50</Quantity>
      <UnitMeasure>100 גרם</UnitMeasure>
      <BisWeighted>0</BisWeighted>
      <QtyInPackage>1</QtyInPackage>
      <ItemPrice>5.90</ItemPrice>
      <UnitOfMeasurePrice>2.36</UnitOfMeasurePrice>
      <AllowDiscount>0</AllowDiscount>
      <itemStatus>1</itemStatus>
      <LastUpdateDate />
      <LastUpdateTime />
    </Product>
    <Product>
      <PriceUpdateDate>2018/04/24 10:33</PriceUpdateDate>
      <ItemCode>7290011223038</ItemCode>
      <ItemType>1</ItemType>
      <ItemName>עלים לקרמשניט 300 גר`</ItemName>
      <ManufactureName>דנשר (1963) בעמ</ManufactureName>
      <ManufactureCountry />
      <ManufactureItemDescription />
      <UnitQty>יח`</UnitQty>
      <Quantity>3</Quantity>
      <UnitMeasure>100 גרם</UnitMeasure>
      <BisWeighted>0</BisWeighted>
      <QtyInPackage>1</QtyInPackage>
      <ItemPrice>17.90</ItemPrice>
      <UnitOfMeasurePrice>5.97</UnitOfMeasurePrice>
      <AllowDiscount>1</AllowDiscount>
      <itemStatus>1</itemStatus>
      <LastUpdateDate />
      <LastUpdateTime />
    </Product>
    <Product>
      <PriceUpdateDate>2018/04/24 10:33</PriceUpdateDate>
      <ItemCode>7290011223045</ItemCode>
      <ItemType>1</ItemType>
      <ItemName>בישקוטים ליידיפינגרז בונומי (200 גרם)</ItemName>
      <ManufactureName>דנשר (1963) בעמ</ManufactureName>
      <ManufactureCountry />
      <ManufactureItemDescription />
      <UnitQty>יח`</UnitQty>
      <Quantity>2</Quantity>
      <UnitMeasure>100 גרם</UnitMeasure>
      <BisWeighted>0</BisWeighted>
      <QtyInPackage>1</QtyInPackage>
      <ItemPrice>7.90</ItemPrice>
      <UnitOfMeasurePrice>3.95</UnitOfMeasurePrice>
      <AllowDiscount>1</AllowDiscount>
      <itemStatus>1</itemStatus>
      <LastUpdateDate />
      <LastUpdateTime />
    </Product>
    <Product>
      <PriceUpdateDate>2018/04/24 10:33</PriceUpdateDate>
      <ItemCode>7290011223113</ItemCode>
      <ItemType>1</ItemType>
      <ItemName>פלדג זוג</ItemName>
      <ManufactureName>דנשר (1963) בעמ</ManufactureName>
      <ManufactureCountry />
      <ManufactureItemDescription />
      <UnitQty>יח`</UnitQty>
      <Quantity>5</Quantity>
      <UnitMeasure>100 מ"ל</UnitMeasure>
      <BisWeighted>0</BisWeighted>
      <QtyInPackage>1</QtyInPackage>
      <ItemPrice>22.90</ItemPrice>
      <UnitOfMeasurePrice>4.58</UnitOfMeasurePrice>
      <AllowDiscount>0</AllowDiscount>
      <itemStatus>1</itemStatus>
      <LastUpdateDate />
      <LastUpdateTime />
    </Product>
    <Product>
      <PriceUpdateDate>2018/04/24 10:33</PriceUpdateDate>
      <ItemCode>7290011223199</ItemCode>
      <ItemType>1</ItemType>
      <ItemName>גלילונית שקיות לסנדוויץ 350 יח</ItemName>
      <ManufactureName>דנשר (1963) בעמ</ManufactureName>
      <ManufactureCountry />
      <ManufactureItemDescription />
      <UnitQty>יח`</UnitQty>
      <Quantity>1</Quantity>
      <UnitMeasure>יח`</UnitMeasure>
      <BisWeighted>0</BisWeighted>
      <QtyInPackage>1</QtyInPackage>
      <ItemPrice>10.90</ItemPrice>
      <UnitOfMeasurePrice>10.90</UnitOfMeasurePrice>
      <AllowDiscount>0</AllowDiscount>
      <itemStatus>1</itemStatus>
      <LastUpdateDate />
      <LastUpdateTime />
    </Product>
    <Product>
      <PriceUpdateDate>2018/04/24 10:33</PriceUpdateDate>
      <ItemCode>7290011223205</ItemCode>
      <ItemType>1</ItemType>
      <ItemName>ריבת חלב דולכור (454 גרם)</ItemName>
      <ManufactureName>דנשר (1963) בעמ</ManufactureName>
      <ManufactureCountry />
      <ManufactureItemDescription />
      <UnitQty>יח`</UnitQty>
      <Quantity>4.54</Quantity>
      <UnitMeasure>100 גרם</UnitMeasure>
      <BisWeighted>0</BisWeighted>
      <QtyInPackage>1</QtyInPackage>
      <ItemPrice>17.90</ItemPrice>
      <UnitOfMeasurePrice>3.94</UnitOfMeasurePrice>
      <AllowDiscount>0</AllowDiscount>
      <itemStatus>1</itemStatus>
      <LastUpdateDate />
      <LastUpdateTime />
    </Product>
    <Product>
      <PriceUpdateDate>2018/04/24 10:33</PriceUpdateDate>
      <ItemCode>7290011223229</ItemCode>
      <ItemType>1</ItemType>
      <ItemName>ג`ל לאסלה טיפות טל טואלט דאק (55 מל)</ItemName>
      <ManufactureName>דנשר (1963) בעמ</ManufactureName>
      <ManufactureCountry />
      <ManufactureItemDescription />
      <UnitQty>יח`</UnitQty>
      <Quantity>0.55</Quantity>
      <UnitMeasure>100 מ"ל</UnitMeasure>
      <BisWeighted>0</BisWeighted>
      <QtyInPackage>1</QtyInPackage>
      <ItemPrice>12.90</ItemPrice>
      <UnitOfMeasurePrice>23.45</UnitOfMeasurePrice>
      <AllowDiscount>1</AllowDiscount>
      <itemStatus>1</itemStatus>
      <LastUpdateDate />
      <LastUpdateTime />
    </Product>
    <Product>
      <PriceUpdateDate>2018/04/24 10:33</PriceUpdateDate>
      <ItemCode>7290011223243</ItemCode>
      <ItemType>1</ItemType>
      <ItemName>ג`ל לאסלה לבנדר טואלט דאק (55 מל)</ItemName>
      <ManufactureName>דנשר (1963) בעמ</ManufactureName>
      <ManufactureCountry />
      <ManufactureItemDescription />
      <UnitQty>יח`</UnitQty>
      <Quantity>0.55</Quantity>
      <UnitMeasure>100 מ"ל</UnitMeasure>
      <BisWeighted>0</BisWeighted>
      <QtyInPackage>1</QtyInPackage>
      <ItemPrice>12.90</ItemPrice>
      <UnitOfMeasurePrice>23.45</UnitOfMeasurePrice>
      <AllowDiscount>0</AllowDiscount>
      <itemStatus>1</itemStatus>
      <LastUpdateDate />
      <LastUpdateTime />
    </Product>
    <Product>
      <PriceUpdateDate>2018/04/24 10:15</PriceUpdateDate>
      <ItemCode>7290011254001</ItemCode>
      <ItemType>1</ItemType>
      <ItemName>זרעי פשתן 450 גר`</ItemName>
      <ManufactureName>מיה תעשיות מזון מ.ת.מ. בעמ</ManufactureName>
      <ManufactureCountry />
      <ManufactureItemDescription />
      <UnitQty>יח`</UnitQty>
      <Quantity>4.50</Quantity>
      <UnitMeasure>100 גרם</UnitMeasure>
      <BisWeighted>0</BisWeighted>
      <QtyInPackage>1</QtyInPackage>
      <ItemPrice>9.90</ItemPrice>
      <UnitOfMeasurePrice>2.20</UnitOfMeasurePrice>
      <AllowDiscount>0</AllowDiscount>
      <itemStatus>1</itemStatus>
      <LastUpdateDate />
      <LastUpdateTime />
    </Product>
    <Product>
      <PriceUpdateDate>2018/04/24 11:03</PriceUpdateDate>
      <ItemCode>7290011254032</ItemCode>
      <ItemType>1</ItemType>
      <ItemName>קינואה מיה (500 גרם)</ItemName>
      <ManufactureName>מיה תעשיות מזון מ.ת.מ. בעמ</ManufactureName>
      <ManufactureCountry />
      <ManufactureItemDescription />
      <UnitQty>יח`</UnitQty>
      <Quantity>5</Quantity>
      <UnitMeasure>100 גרם</UnitMeasure>
      <BisWeighted>0</BisWeighted>
      <QtyInPackage>1</QtyInPackage>
      <ItemPrice>19.90</ItemPrice>
      <UnitOfMeasurePrice>3.98</UnitOfMeasurePrice>
      <AllowDiscount>0</AllowDiscount>
      <itemStatus>1</itemStatus>
      <LastUpdateDate />
      <LastUpdateTime />
    </Product>
    <Product>
      <PriceUpdateDate>2018/04/24 10:07</PriceUpdateDate>
      <ItemCode>7290011254230</ItemCode>
      <ItemType>1</ItemType>
      <ItemName>תן צ`אפ טבעות שמינייה טבעי</ItemName>
      <ManufactureName>מיה תעשיות מזון מ.ת.מ. בעמ</ManufactureName>
      <ManufactureCountry />
      <ManufactureItemDescription />
      <UnitQty>יח`</UnitQty>
      <Quantity>0.60</Quantity>
      <UnitMeasure>100 גרם</UnitMeasure>
      <BisWeighted>0</BisWeighted>
      <QtyInPackage>1</QtyInPackage>
      <ItemPrice>9.90</ItemPrice>
      <UnitOfMeasurePrice>16.50</UnitOfMeasurePrice>
      <AllowDiscount>0</AllowDiscount>
      <itemStatus>1</itemStatus>
      <LastUpdateDate />
      <LastUpdateTime />
    </Product>
    <Product>
      <PriceUpdateDate>2018/04/24 10:08</PriceUpdateDate>
      <ItemCode>7290011254346</ItemCode>
      <ItemType>1</ItemType>
      <ItemName>קינואה מיה (1 קג)</ItemName>
      <ManufactureName>מיה תעשיות מזון מ.ת.מ. בעמ</ManufactureName>
      <ManufactureCountry />
      <ManufactureItemDescription />
      <UnitQty>יח`</UnitQty>
      <Quantity>10</Quantity>
      <UnitMeasure>100 גרם</UnitMeasure>
      <BisWeighted>0</BisWeighted>
      <QtyInPackage>1</QtyInPackage>
      <ItemPrice>29.90</ItemPrice>
      <UnitOfMeasurePrice>2.99</UnitOfMeasurePrice>
      <AllowDiscount>0</AllowDiscount>
      <itemStatus>1</itemStatus>
      <LastUpdateDate />
      <LastUpdateTime />
    </Product>
    <Product>
      <PriceUpdateDate>2018/04/24 10:08</PriceUpdateDate>
      <ItemCode>7290011254612</ItemCode>
      <ItemType>1</ItemType>
      <ItemName>תערובת לקדירה לקט בריאות 600 גר`</ItemName>
      <ManufactureName>מיה תעשיות מזון מ.ת.מ. בעמ</ManufactureName>
      <ManufactureCountry />
      <ManufactureItemDescription />
      <UnitQty>יח`</UnitQty>
      <Quantity>6</Quantity>
      <UnitMeasure>100 גרם</UnitMeasure>
      <BisWeighted>0</BisWeighted>
      <QtyInPackage>1</QtyInPackage>
      <ItemPrice>13.90</ItemPrice>
      <UnitOfMeasurePrice>2.32</UnitOfMeasurePrice>
      <AllowDiscount>0</AllowDiscount>
      <itemStatus>1</itemStatus>
      <LastUpdateDate />
      <LastUpdateTime />
    </Product>
    <Product>
      <PriceUpdateDate>2018/04/24 11:09</PriceUpdateDate>
      <ItemCode>7290011254636</ItemCode>
      <ItemType>1</ItemType>
      <ItemName>תערובת לקדירה לקט הכפר 600 גר`</ItemName>
      <ManufactureName>מיה תעשיות מזון מ.ת.מ. בעמ</ManufactureName>
      <ManufactureCountry />
      <ManufactureItemDescription />
      <UnitQty>יח`</UnitQty>
      <Quantity>6</Quantity>
      <UnitMeasure>100 גרם</UnitMeasure>
      <BisWeighted>0</BisWeighted>
      <QtyInPackage>1</QtyInPackage>
      <ItemPrice>13.90</ItemPrice>
      <UnitOfMeasurePrice>2.32</UnitOfMeasurePrice>
      <AllowDiscount>0</AllowDiscount>
      <itemStatus>1</itemStatus>
      <LastUpdateDate />
      <LastUpdateTime />
    </Product>
    <Product>
      <PriceUpdateDate>2018/04/24 10:08</PriceUpdateDate>
      <ItemCode>7290011254698</ItemCode>
      <ItemType>1</ItemType>
      <ItemName>שמן זית כתית מעולה (750 מל)</ItemName>
      <ManufactureName>מיה תעשיות מזון מ.ת.מ. בעמ</ManufactureName>
      <ManufactureCountry />
      <ManufactureItemDescription />
      <UnitQty>יח`</UnitQty>
      <Quantity>7.50</Quantity>
      <UnitMeasure>100 מ"ל</UnitMeasure>
      <BisWeighted>0</BisWeighted>
      <QtyInPackage>1</QtyInPackage>
      <ItemPrice>30.90</ItemPrice>
      <UnitOfMeasurePrice>4.12</UnitOfMeasurePrice>
      <AllowDiscount>0</AllowDiscount>
      <itemStatus>1</itemStatus>
      <LastUpdateDate />
      <LastUpdateTime />
    </Product>
    <Product>
      <PriceUpdateDate>2018/04/24 10:10</PriceUpdateDate>
      <ItemCode>7290011254759</ItemCode>
      <ItemType>1</ItemType>
      <ItemName>שעועית שחורה 500  גר`מיה</ItemName>
      <ManufactureName>מיה תעשיות מזון מ.ת.מ. בעמ</ManufactureName>
      <ManufactureCountry />
      <ManufactureItemDescription />
      <UnitQty>יח`</UnitQty>
      <Quantity>5</Quantity>
      <UnitMeasure>100 גרם</UnitMeasure>
      <BisWeighted>0</BisWeighted>
      <QtyInPackage>1</QtyInPackage>
      <ItemPrice>11.90</ItemPrice>
      <UnitOfMeasurePrice>2.38</UnitOfMeasurePrice>
      <AllowDiscount>0</AllowDiscount>
      <itemStatus>1</itemStatus>
      <LastUpdateDate />
      <LastUpdateTime />
    </Product>
    <Product>
      <PriceUpdateDate>2018/04/24 10:10</PriceUpdateDate>
      <ItemCode>7290011254766</ItemCode>
      <ItemType>1</ItemType>
      <ItemName>שעועית לוביה 400 גר`</ItemName>
      <ManufactureName>מיה תעשיות מזון מ.ת.מ. בעמ</ManufactureName>
      <ManufactureCountry />
      <ManufactureItemDescription />
      <UnitQty>יח`</UnitQty>
      <Quantity>4</Quantity>
      <UnitMeasure>100 גרם</UnitMeasure>
      <BisWeighted>0</BisWeighted>
      <QtyInPackage>1</QtyInPackage>
      <ItemPrice>11.90</ItemPrice>
      <UnitOfMeasurePrice>2.98</UnitOfMeasurePrice>
      <AllowDiscount>0</AllowDiscount>
      <itemStatus>1</itemStatus>
      <LastUpdateDate />
      <LastUpdateTime />
    </Product>
    <Product>
      <PriceUpdateDate>2018/04/24 09:21</PriceUpdateDate>
      <ItemCode>7290011308117</ItemCode>
      <ItemType>1</ItemType>
      <ItemName>קרקר שישה דגנים בייגל בייגל (200 גרם)</ItemName>
      <ManufactureName>יוניליוור ישראל שיווק בעמ</ManufactureName>
      <ManufactureCountry />
      <ManufactureItemDescription />
      <UnitQty>יח`</UnitQty>
      <Quantity>2</Quantity>
      <UnitMeasure>100 גרם</UnitMeasure>
      <BisWeighted>0</BisWeighted>
      <QtyInPackage>1</QtyInPackage>
      <ItemPrice>8.90</ItemPrice>
      <UnitOfMeasurePrice>4.45</UnitOfMeasurePrice>
      <AllowDiscount>1</AllowDiscount>
      <itemStatus>1</itemStatus>
      <LastUpdateDate />
      <LastUpdateTime />
    </Product>
    <Product>
      <PriceUpdateDate>2018/04/24 11:04</PriceUpdateDate>
      <ItemCode>7290011308681</ItemCode>
      <ItemType>1</ItemType>
      <ItemName>קרקר שום ועישבי תיבול 285 גרם</ItemName>
      <ManufactureName>יוניליוור ישראל שיווק בעמ</ManufactureName>
      <ManufactureCountry />
      <ManufactureItemDescription />
      <UnitQty>יח`</UnitQty>
      <Quantity>2.85</Quantity>
      <UnitMeasure>100 גרם</UnitMeasure>
      <BisWeighted>0</BisWeighted>
      <QtyInPackage>1</QtyInPackage>
      <ItemPrice>9.90</ItemPrice>
      <UnitOfMeasurePrice>3.47</UnitOfMeasurePrice>
      <AllowDiscount>1</AllowDiscount>
      <itemStatus>1</itemStatus>
      <LastUpdateDate />
      <LastUpdateTime />
    </Product>
    <Product>
      <PriceUpdateDate>2018/04/24 11:36</PriceUpdateDate>
      <ItemCode>7290011378677</ItemCode>
      <ItemType>1</ItemType>
      <ItemName>חלבה קלאסית שוקו וניל</ItemName>
      <ManufactureName>קבוצת אסם סחר שות. מוגבלת</ManufactureName>
      <ManufactureCountry />
      <ManufactureItemDescription />
      <UnitQty>יח`</UnitQty>
      <Quantity>3.50</Quantity>
      <UnitMeasure>100 גרם</UnitMeasure>
      <BisWeighted>0</BisWeighted>
      <QtyInPackage>1</QtyInPackage>
      <ItemPrice>13.90</ItemPrice>
      <UnitOfMeasurePrice>3.97</UnitOfMeasurePrice>
      <AllowDiscount>0</AllowDiscount>
      <itemStatus>1</itemStatus>
      <LastUpdateDate />
      <LastUpdateTime />
    </Product>
    <Product>
      <PriceUpdateDate>2018/04/24 11:37</PriceUpdateDate>
      <ItemCode>7290011378776</ItemCode>
      <ItemType>1</ItemType>
      <ItemName>מאגדת חלבה פיסטוק</ItemName>
      <ManufactureName>קבוצת אסם סחר שות. מוגבלת</ManufactureName>
      <ManufactureCountry />
      <ManufactureItemDescription />
      <UnitQty>יח`</UnitQty>
      <Quantity>1</Quantity>
      <UnitMeasure />
      <BisWeighted>0</BisWeighted>
      <QtyInPackage>1</QtyInPackage>
      <ItemPrice>11.90</ItemPrice>
      <UnitOfMeasurePrice>11.90</UnitOfMeasurePrice>
      <AllowDiscount>0</AllowDiscount>
      <itemStatus>1</itemStatus>
      <LastUpdateDate />
      <LastUpdateTime />
    </Product>
    <Product>
      <PriceUpdateDate>2019/01/30 09:36</PriceUpdateDate>
      <ItemCode>7290011435226</ItemCode>
      <ItemType>1</ItemType>
      <ItemName>דבש מפרחי בר בלחיץ 650 גר`</ItemName>
      <ManufactureName>שטראוס גרופ בעמ</ManufactureName>
      <ManufactureCountry />
      <ManufactureItemDescription />
      <UnitQty>יח`</UnitQty>
      <Quantity>6.50</Quantity>
      <UnitMeasure>100 גרם</UnitMeasure>
      <BisWeighted>0</BisWeighted>
      <QtyInPackage>1</QtyInPackage>
      <ItemPrice>34.90</ItemPrice>
      <UnitOfMeasurePrice>5.37</UnitOfMeasurePrice>
      <AllowDiscount>0</AllowDiscount>
      <itemStatus>1</itemStatus>
      <LastUpdateDate />
      <LastUpdateTime />
    </Product>
    <Product>
      <PriceUpdateDate>2019/06/10 09:51</PriceUpdateDate>
      <ItemCode>7290011447281</ItemCode>
      <ItemType>1</ItemType>
      <ItemName>תחליף חלב שלב 2 חלבי מטרנה (700 גרם)</ItemName>
      <ManufactureName>קבוצת אסם סחר שות. מוגבלת</ManufactureName>
      <ManufactureCountry />
      <ManufactureItemDescription />
      <UnitQty>יח`</UnitQty>
      <Quantity>7</Quantity>
      <UnitMeasure>100 גרם</UnitMeasure>
      <BisWeighted>0</BisWeighted>
      <QtyInPackage>1</QtyInPackage>
      <ItemPrice>49.90</ItemPrice>
      <UnitOfMeasurePrice>7.13</UnitOfMeasurePrice>
      <AllowDiscount>1</AllowDiscount>
      <itemStatus>1</itemStatus>
      <LastUpdateDate />
      <LastUpdateTime />
    </Product>
    <Product>
      <PriceUpdateDate>2019/06/10 09:51</PriceUpdateDate>
      <ItemCode>7290011447359</ItemCode>
      <ItemType>1</ItemType>
      <ItemName>תחליף חלב שלב 1 מהדרין מטרנה (700 גרם)</ItemName>
      <ManufactureName>קבוצת אסם סחר שות. מוגבלת</ManufactureName>
      <ManufactureCountry />
      <ManufactureItemDescription />
      <UnitQty>יח`</UnitQty>
      <Quantity>7</Quantity>
      <UnitMeasure>100 גרם</UnitMeasure>
      <BisWeighted>0</BisWeighted>
      <QtyInPackage>1</QtyInPackage>
      <ItemPrice>49.90</ItemPrice>
      <UnitOfMeasurePrice>7.13</UnitOfMeasurePrice>
      <AllowDiscount>1</AllowDiscount>
      <itemStatus>1</itemStatus>
      <LastUpdateDate />
      <LastUpdateTime />
    </Product>
    <Product>
      <PriceUpdateDate>2018/04/24 09:42</PriceUpdateDate>
      <ItemCode>7290011486693</ItemCode>
      <ItemType>1</ItemType>
      <ItemName>מרשמלו מהדרין ורוד לבן 30 גר`</ItemName>
      <ManufactureName>כרמית תעשיות ממתקים בעמ</ManufactureName>
      <ManufactureCountry />
      <ManufactureItemDescription />
      <UnitQty>יח`</UnitQty>
      <Quantity>0.30</Quantity>
      <UnitMeasure>100 גרם</UnitMeasure>
      <BisWeighted>0</BisWeighted>
      <QtyInPackage>1</QtyInPackage>
      <ItemPrice>1.90</ItemPrice>
      <UnitOfMeasurePrice>6.33</UnitOfMeasurePrice>
      <AllowDiscount>0</AllowDiscount>
      <itemStatus>1</itemStatus>
      <LastUpdateDate />
      <LastUpdateTime />
    </Product>
    <Product>
      <PriceUpdateDate>2018/04/24 10:09</PriceUpdateDate>
      <ItemCode>7290011489021</ItemCode>
      <ItemType>1</ItemType>
      <ItemName>קרקר עם מלח המותג (110 גרם)</ItemName>
      <ManufactureName>דין שיווק - עטרת</ManufactureName>
      <ManufactureCountry />
      <ManufactureItemDescription />
      <UnitQty>יח`</UnitQty>
      <Quantity>1.10</Quantity>
      <UnitMeasure>100 גרם</UnitMeasure>
      <BisWeighted>0</BisWeighted>
      <QtyInPackage>1</QtyInPackage>
      <ItemPrice>3</ItemPrice>
      <UnitOfMeasurePrice>2.73</UnitOfMeasurePrice>
      <AllowDiscount>0</AllowDiscount>
      <itemStatus>1</itemStatus>
      <LastUpdateDate />
      <LastUpdateTime />
    </Product>
    <Product>
      <PriceUpdateDate>2019/01/07 10:57</PriceUpdateDate>
      <ItemCode>7290011499051</ItemCode>
      <ItemType>1</ItemType>
      <ItemName>גבינת פטה כבשים 20% גד (250 גרם)</ItemName>
      <ManufactureName>מחלבות גד שיווק 1992 בעמ</ManufactureName>
      <ManufactureCountry />
      <ManufactureItemDescription />
      <UnitQty>יח`</UnitQty>
      <Quantity>2.50</Quantity>
      <UnitMeasure>100 גרם</UnitMeasure>
      <BisWeighted>0</BisWeighted>
      <QtyInPackage>1</QtyInPackage>
      <ItemPrice>25.90</ItemPrice>
      <UnitOfMeasurePrice>10.36</UnitOfMeasurePrice>
      <AllowDiscount>0</AllowDiscount>
      <itemStatus>1</itemStatus>
      <LastUpdateDate />
      <LastUpdateTime />
    </Product>
    <Product>
      <PriceUpdateDate>2018/10/21 12:50</PriceUpdateDate>
      <ItemCode>7290011499105</ItemCode>
      <ItemType>1</ItemType>
      <ItemName>גבינה בולגרית 5% גד (250 גרם)</ItemName>
      <ManufactureName>מחלבות גד שיווק 1992 בעמ</ManufactureName>
      <ManufactureCountry />
      <ManufactureItemDescription />
      <UnitQty>יח`</UnitQty>
      <Quantity>2.50</Quantity>
      <UnitMeasure>100 גרם</UnitMeasure>
      <BisWeighted>0</BisWeighted>
      <QtyInPackage>1</QtyInPackage>
      <ItemPrice>23.90</ItemPrice>
      <UnitOfMeasurePrice>9.56</UnitOfMeasurePrice>
      <AllowDiscount>0</AllowDiscount>
      <itemStatus>1</itemStatus>
      <LastUpdateDate />
      <LastUpdateTime />
    </Product>
    <Product>
      <PriceUpdateDate>2018/10/21 12:50</PriceUpdateDate>
      <ItemCode>7290011499112</ItemCode>
      <ItemType>1</ItemType>
      <ItemName>גבינה בולגרית 16% גד (250 גרם)</ItemName>
      <ManufactureName>מחלבות גד שיווק 1992 בעמ</ManufactureName>
      <ManufactureCountry />
      <ManufactureItemDescription />
      <UnitQty>יח`</UnitQty>
      <Quantity>2.50</Quantity>
      <UnitMeasure>100 גרם</UnitMeasure>
      <BisWeighted>0</BisWeighted>
      <QtyInPackage>1</QtyInPackage>
      <ItemPrice>23.90</ItemPrice>
      <UnitOfMeasurePrice>9.56</UnitOfMeasurePrice>
      <AllowDiscount>0</AllowDiscount>
      <itemStatus>1</itemStatus>
      <LastUpdateDate />
      <LastUpdateTime />
    </Product>
    <Product>
      <PriceUpdateDate>2018/10/21 12:50</PriceUpdateDate>
      <ItemCode>7290011499129</ItemCode>
      <ItemType>1</ItemType>
      <ItemName>בולגרית לסלט 5% 200 גר`</ItemName>
      <ManufactureName>מחלבות גד שיווק 1992 בעמ</ManufactureName>
      <ManufactureCountry />
      <ManufactureItemDescription />
      <UnitQty>יח`</UnitQty>
      <Quantity>2</Quantity>
      <UnitMeasure>100 גרם</UnitMeasure>
      <BisWeighted>0</BisWeighted>
      <QtyInPackage>1</QtyInPackage>
      <ItemPrice>21.90</ItemPrice>
      <UnitOfMeasurePrice>10.95</UnitOfMeasurePrice>
      <AllowDiscount>0</AllowDiscount>
      <itemStatus>1</itemStatus>
      <LastUpdateDate />
      <LastUpdateTime />
    </Product>
    <Product>
      <PriceUpdateDate>2018/10/21 12:50</PriceUpdateDate>
      <ItemCode>7290011499303</ItemCode>
      <ItemType>1</ItemType>
      <ItemName>פטה עיזים מעודנת 5% גד</ItemName>
      <ManufactureName>מחלבות גד שיווק 1992 בעמ</ManufactureName>
      <ManufactureCountry />
      <ManufactureItemDescription />
      <UnitQty>יח`</UnitQty>
      <Quantity>2.50</Quantity>
      <UnitMeasure>100 גרם</UnitMeasure>
      <BisWeighted>0</BisWeighted>
      <QtyInPackage>1</QtyInPackage>
      <ItemPrice>30.90</ItemPrice>
      <UnitOfMeasurePrice>12.36</UnitOfMeasurePrice>
      <AllowDiscount>0</AllowDiscount>
      <itemStatus>1</itemStatus>
      <LastUpdateDate />
      <LastUpdateTime />
    </Product>
    <Product>
      <PriceUpdateDate>2018/10/21 12:50</PriceUpdateDate>
      <ItemCode>7290011499327</ItemCode>
      <ItemType>1</ItemType>
      <ItemName>גבינה בולגרית מעודנת 5% גד (250 גרם)</ItemName>
      <ManufactureName>מחלבות גד שיווק 1992 בעמ</ManufactureName>
      <ManufactureCountry />
      <ManufactureItemDescription />
      <UnitQty>יח`</UnitQty>
      <Quantity>2.50</Quantity>
      <UnitMeasure>100 גרם</UnitMeasure>
      <BisWeighted>0</BisWeighted>
      <QtyInPackage>1</QtyInPackage>
      <ItemPrice>23.90</ItemPrice>
      <UnitOfMeasurePrice>9.56</UnitOfMeasurePrice>
      <AllowDiscount>1</AllowDiscount>
      <itemStatus>1</itemStatus>
      <LastUpdateDate />
      <LastUpdateTime />
    </Product>
    <Product>
      <PriceUpdateDate>2019/01/07 10:57</PriceUpdateDate>
      <ItemCode>7290011499334</ItemCode>
      <ItemType>1</ItemType>
      <ItemName>גבינה קממבר צאן 25% גד (125 גרם)</ItemName>
      <ManufactureName>מחלבות גד שיווק 1992 בעמ</ManufactureName>
      <ManufactureCountry />
      <ManufactureItemDescription />
      <UnitQty>יח`</UnitQty>
      <Quantity>1.25</Quantity>
      <UnitMeasure>100 גרם</UnitMeasure>
      <BisWeighted>0</BisWeighted>
      <QtyInPackage>1</QtyInPackage>
      <ItemPrice>18.90</ItemPrice>
      <UnitOfMeasurePrice>15.12</UnitOfMeasurePrice>
      <AllowDiscount>0</AllowDiscount>
      <itemStatus>1</itemStatus>
      <LastUpdateDate />
      <LastUpdateTime />
    </Product>
    <Product>
      <PriceUpdateDate>2019/09/02 10:54</PriceUpdateDate>
      <ItemCode>7290011499341</ItemCode>
      <ItemType>1</ItemType>
      <ItemName>גבינת קשקאבל 26% שומן גד (200 גרם)</ItemName>
      <ManufactureName>מחלבות גד שיווק 1992 בעמ</ManufactureName>
      <ManufactureCountry />
      <ManufactureItemDescription />
      <UnitQty>יח`</UnitQty>
      <Quantity>2</Quantity>
      <UnitMeasure>100 גרם</UnitMeasure>
      <BisWeighted>0</BisWeighted>
      <QtyInPackage>1</QtyInPackage>
      <ItemPrice>25.90</ItemPrice>
      <UnitOfMeasurePrice>12.95</UnitOfMeasurePrice>
      <AllowDiscount>0</AllowDiscount>
      <itemStatus>1</itemStatus>
      <LastUpdateDate />
      <LastUpdateTime />
    </Product>
    <Product>
      <PriceUpdateDate>2018/10/21 12:50</PriceUpdateDate>
      <ItemCode>7290011499358</ItemCode>
      <ItemType>1</ItemType>
      <ItemName>גבינה פטה עיזים 20% גד (200 גרם)</ItemName>
      <ManufactureName>מחלבות גד שיווק 1992 בעמ</ManufactureName>
      <ManufactureCountry />
      <ManufactureItemDescription />
      <UnitQty>יח`</UnitQty>
      <Quantity>2</Quantity>
      <UnitMeasure>100 גרם</UnitMeasure>
      <BisWeighted>0</BisWeighted>
      <QtyInPackage>1</QtyInPackage>
      <ItemPrice>26.90</ItemPrice>
      <UnitOfMeasurePrice>13.45</UnitOfMeasurePrice>
      <AllowDiscount>0</AllowDiscount>
      <itemStatus>1</itemStatus>
      <LastUpdateDate />
      <LastUpdateTime />
    </Product>
    <Product>
      <PriceUpdateDate>2019/04/03 10:04</PriceUpdateDate>
      <ItemCode>7290011499365</ItemCode>
      <ItemType>1</ItemType>
      <ItemName>גבינת חלומי 24% מחלב בקר גד (200 גרם)</ItemName>
      <ManufactureName>מחלבות גד שיווק 1992 בעמ</ManufactureName>
      <ManufactureCountry />
      <ManufactureItemDescription />
      <UnitQty>יח`</UnitQty>
      <Quantity>2</Quantity>
      <UnitMeasure>100 גרם</UnitMeasure>
      <BisWeighted>0</BisWeighted>
      <QtyInPackage>1</QtyInPackage>
      <ItemPrice>21.90</ItemPrice>
      <UnitOfMeasurePrice>10.95</UnitOfMeasurePrice>
      <AllowDiscount>0</AllowDiscount>
      <itemStatus>1</itemStatus>
      <LastUpdateDate />
      <LastUpdateTime />
    </Product>
    <Product>
      <PriceUpdateDate>2018/09/06 11:46</PriceUpdateDate>
      <ItemCode>7290011499419</ItemCode>
      <ItemType>1</ItemType>
      <ItemName>גבינת במרקם שמנת 5% טבעי גד</ItemName>
      <ManufactureName>מחלבות גד שיווק 1992 בעמ</ManufactureName>
      <ManufactureCountry />
      <ManufactureItemDescription />
      <UnitQty>יח`</UnitQty>
      <Quantity>2</Quantity>
      <UnitMeasure>100 גרם</UnitMeasure>
      <BisWeighted>0</BisWeighted>
      <QtyInPackage>1</QtyInPackage>
      <ItemPrice>11.90</ItemPrice>
      <UnitOfMeasurePrice>5.95</UnitOfMeasurePrice>
      <AllowDiscount>0</AllowDiscount>
      <itemStatus>1</itemStatus>
      <LastUpdateDate />
      <LastUpdateTime />
    </Product>
    <Product>
      <PriceUpdateDate>2018/10/21 12:50</PriceUpdateDate>
      <ItemCode>7290011499525</ItemCode>
      <ItemType>1</ItemType>
      <ItemName>לאבנה דרוזית 9% גד (500 גרם)</ItemName>
      <ManufactureName>מחלבות גד שיווק 1992 בעמ</ManufactureName>
      <ManufactureCountry />
      <ManufactureItemDescription />
      <UnitQty>יח`</UnitQty>
      <Quantity>5</Quantity>
      <UnitMeasure>100 גרם</UnitMeasure>
      <BisWeighted>0</BisWeighted>
      <QtyInPackage>1</QtyInPackage>
      <ItemPrice>19.90</ItemPrice>
      <UnitOfMeasurePrice>3.98</UnitOfMeasurePrice>
      <AllowDiscount>0</AllowDiscount>
      <itemStatus>1</itemStatus>
      <LastUpdateDate />
      <LastUpdateTime />
    </Product>
    <Product>
      <PriceUpdateDate>2018/04/24 10:33</PriceUpdateDate>
      <ItemCode>7290011499624</ItemCode>
      <ItemType>1</ItemType>
      <ItemName>גבינת שמנת 30% 200 גר` גד</ItemName>
      <ManufactureName>מחלבות גד שיווק 1992 בעמ</ManufactureName>
      <ManufactureCountry />
      <ManufactureItemDescription />
      <UnitQty>יח`</UnitQty>
      <Quantity>2</Quantity>
      <UnitMeasure>100 גרם</UnitMeasure>
      <BisWeighted>0</BisWeighted>
      <QtyInPackage>1</QtyInPackage>
      <ItemPrice>12.90</ItemPrice>
      <UnitOfMeasurePrice>6.45</UnitOfMeasurePrice>
      <AllowDiscount>0</AllowDiscount>
      <itemStatus>1</itemStatus>
      <LastUpdateDate />
      <LastUpdateTime />
    </Product>
    <Product>
      <PriceUpdateDate>2018/10/21 12:50</PriceUpdateDate>
      <ItemCode>7290011499846</ItemCode>
      <ItemType>1</ItemType>
      <ItemName>גבינת ריקוטה פרסקה 9% גד (300 גרם)</ItemName>
      <ManufactureName>מחלבות גד שיווק 1992 בעמ</ManufactureName>
      <ManufactureCountry />
      <ManufactureItemDescription />
      <UnitQty>יח`</UnitQty>
      <Quantity>3</Quantity>
      <UnitMeasure>100 גרם</UnitMeasure>
      <BisWeighted>0</BisWeighted>
      <QtyInPackage>1</QtyInPackage>
      <ItemPrice>17.90</ItemPrice>
      <UnitOfMeasurePrice>5.97</UnitOfMeasurePrice>
      <AllowDiscount>1</AllowDiscount>
      <itemStatus>1</itemStatus>
      <LastUpdateDate />
      <LastUpdateTime />
    </Product>
    <Product>
      <PriceUpdateDate>2018/04/24 10:56</PriceUpdateDate>
      <ItemCode>7290011499853</ItemCode>
      <ItemType>1</ItemType>
      <ItemName>גבינת שמנת 30% זיתים 200 גר` גד</ItemName>
      <ManufactureName>מחלבות גד שיווק 1992 בעמ</ManufactureName>
      <ManufactureCountry />
      <ManufactureItemDescription />
      <UnitQty>יח`</UnitQty>
      <Quantity>2</Quantity>
      <UnitMeasure>100 גרם</UnitMeasure>
      <BisWeighted>0</BisWeighted>
      <QtyInPackage>1</QtyInPackage>
      <ItemPrice>12.90</ItemPrice>
      <UnitOfMeasurePrice>6.45</UnitOfMeasurePrice>
      <AllowDiscount>0</AllowDiscount>
      <itemStatus>1</itemStatus>
      <LastUpdateDate />
      <LastUpdateTime />
    </Product>
    <Product>
      <PriceUpdateDate>2019/12/22 17:03</PriceUpdateDate>
      <ItemCode>7290011501617</ItemCode>
      <ItemType>1</ItemType>
      <ItemName>חמוציות דל סוכר שקדיה (250 גרם)</ItemName>
      <ManufactureName>דין שיווק וקליה בעמ</ManufactureName>
      <ManufactureCountry />
      <ManufactureItemDescription />
      <UnitQty>יח`</UnitQty>
      <Quantity>2.50</Quantity>
      <UnitMeasure>100 גרם</UnitMeasure>
      <BisWeighted>0</BisWeighted>
      <QtyInPackage>1</QtyInPackage>
      <ItemPrice>14.90</ItemPrice>
      <UnitOfMeasurePrice>5.96</UnitOfMeasurePrice>
      <AllowDiscount>0</AllowDiscount>
      <itemStatus>1</itemStatus>
      <LastUpdateDate />
      <LastUpdateTime />
    </Product>
    <Product>
      <PriceUpdateDate>2018/04/24 09:53</PriceUpdateDate>
      <ItemCode>7290011505806</ItemCode>
      <ItemType>1</ItemType>
      <ItemName>קיסמי שיניים פלסטיק הוסטס) (200</ItemName>
      <ManufactureName>אינטרסן 1996 בעמ</ManufactureName>
      <ManufactureCountry />
      <ManufactureItemDescription />
      <UnitQty>יח`</UnitQty>
      <Quantity>1</Quantity>
      <UnitMeasure />
      <BisWeighted>0</BisWeighted>
      <QtyInPackage>1</QtyInPackage>
      <ItemPrice>9.90</ItemPrice>
      <UnitOfMeasurePrice>9.90</UnitOfMeasurePrice>
      <AllowDiscount>0</AllowDiscount>
      <itemStatus>1</itemStatus>
      <LastUpdateDate />
      <LastUpdateTime />
    </Product>
    <Product>
      <PriceUpdateDate>2019/01/30 09:36</PriceUpdateDate>
      <ItemCode>7290011518561</ItemCode>
      <ItemType>1</ItemType>
      <ItemName>אקטימל בטעם תות דנונה (100x14 מל)</ItemName>
      <ManufactureName>שטראוס גרופ בעמ/מצונן</ManufactureName>
      <ManufactureCountry />
      <ManufactureItemDescription />
      <UnitQty>יח`</UnitQty>
      <Quantity>1.40</Quantity>
      <UnitMeasure>1 ליטר</UnitMeasure>
      <BisWeighted>0</BisWeighted>
      <QtyInPackage>1</QtyInPackage>
      <ItemPrice>29.90</ItemPrice>
      <UnitOfMeasurePrice>21.36</UnitOfMeasurePrice>
      <AllowDiscount>0</AllowDiscount>
      <itemStatus>1</itemStatus>
      <LastUpdateDate />
      <LastUpdateTime />
    </Product>
    <Product>
      <PriceUpdateDate>2019/12/30 08:20</PriceUpdateDate>
      <ItemCode>7290011530648</ItemCode>
      <ItemType>1</ItemType>
      <ItemName>מינוט סלמון 300  גר`.</ItemName>
      <ManufactureName>בלדי בעמ</ManufactureName>
      <ManufactureCountry />
      <ManufactureItemDescription />
      <UnitQty>יח`</UnitQty>
      <Quantity>3</Quantity>
      <UnitMeasure>100 גרם</UnitMeasure>
      <BisWeighted>0</BisWeighted>
      <QtyInPackage>1</QtyInPackage>
      <ItemPrice>39.90</ItemPrice>
      <UnitOfMeasurePrice>13.30</UnitOfMeasurePrice>
      <AllowDiscount>0</AllowDiscount>
      <itemStatus>1</itemStatus>
      <LastUpdateDate />
      <LastUpdateTime />
    </Product>
    <Product>
      <PriceUpdateDate>2019/12/12 14:13</PriceUpdateDate>
      <ItemCode>7290011530945</ItemCode>
      <ItemType>1</ItemType>
      <ItemName>קרפציו עגל 210  גר`בלדי</ItemName>
      <ManufactureName>בלדי בעמ</ManufactureName>
      <ManufactureCountry />
      <ManufactureItemDescription />
      <UnitQty>יח`</UnitQty>
      <Quantity>2.10</Quantity>
      <UnitMeasure>100 גרם</UnitMeasure>
      <BisWeighted>0</BisWeighted>
      <QtyInPackage>1</QtyInPackage>
      <ItemPrice>39.90</ItemPrice>
      <UnitOfMeasurePrice>19</UnitOfMeasurePrice>
      <AllowDiscount>0</AllowDiscount>
      <itemStatus>1</itemStatus>
      <LastUpdateDate />
      <LastUpdateTime />
    </Product>
    <Product>
      <PriceUpdateDate>2018/04/24 09:42</PriceUpdateDate>
      <ItemCode>7290011570132</ItemCode>
      <ItemType>1</ItemType>
      <ItemName>קמח ללא גלוטן גלעם (1 קג)</ItemName>
      <ManufactureName>תומר יבוא ושיווק מוצרי מזון (1</ManufactureName>
      <ManufactureCountry />
      <ManufactureItemDescription />
      <UnitQty>יח`</UnitQty>
      <Quantity>10</Quantity>
      <UnitMeasure>100 גרם</UnitMeasure>
      <BisWeighted>0</BisWeighted>
      <QtyInPackage>1</QtyInPackage>
      <ItemPrice>4.90</ItemPrice>
      <UnitOfMeasurePrice>0.49</UnitOfMeasurePrice>
      <AllowDiscount>0</AllowDiscount>
      <itemStatus>1</itemStatus>
      <LastUpdateDate />
      <LastUpdateTime />
    </Product>
    <Product>
      <PriceUpdateDate>2018/04/24 12:21</PriceUpdateDate>
      <ItemCode>7290011570644</ItemCode>
      <ItemType>1</ItemType>
      <ItemName>קמח כרגיל  ללחם- ללא גלוטן</ItemName>
      <ManufactureName>תומר יבוא ושיווק מוצרי מזון (1</ManufactureName>
      <ManufactureCountry />
      <ManufactureItemDescription />
      <UnitQty>יח`</UnitQty>
      <Quantity>5</Quantity>
      <UnitMeasure>100 גרם</UnitMeasure>
      <BisWeighted>0</BisWeighted>
      <QtyInPackage>1</QtyInPackage>
      <ItemPrice>15.90</ItemPrice>
      <UnitOfMeasurePrice>3.18</UnitOfMeasurePrice>
      <AllowDiscount>0</AllowDiscount>
      <itemStatus>1</itemStatus>
      <LastUpdateDate />
      <LastUpdateTime />
    </Product>
    <Product>
      <PriceUpdateDate>2018/04/24 12:36</PriceUpdateDate>
      <ItemCode>7290011570798</ItemCode>
      <ItemType>1</ItemType>
      <ItemName>קמח נטול גלוטן-כרגיל  עוגה בטעעם שוקולד</ItemName>
      <ManufactureName>תומר יבוא ושיווק מוצרי מזון (1</ManufactureName>
      <ManufactureCountry />
      <ManufactureItemDescription />
      <UnitQty>יח`</UnitQty>
      <Quantity>4.50</Quantity>
      <UnitMeasure>100 גרם</UnitMeasure>
      <BisWeighted>0</BisWeighted>
      <QtyInPackage>1</QtyInPackage>
      <ItemPrice>15.90</ItemPrice>
      <UnitOfMeasurePrice>3.53</UnitOfMeasurePrice>
      <AllowDiscount>0</AllowDiscount>
      <itemStatus>1</itemStatus>
      <LastUpdateDate />
      <LastUpdateTime />
    </Product>
    <Product>
      <PriceUpdateDate>2018/04/24 10:08</PriceUpdateDate>
      <ItemCode>7290011575007</ItemCode>
      <ItemType>1</ItemType>
      <ItemName>הפי למקלחון מחליק  מים- שקוף</ItemName>
      <ManufactureName>יעקב יעקבי ובניו בעמ</ManufactureName>
      <ManufactureCountry />
      <ManufactureItemDescription />
      <UnitQty>יח`</UnitQty>
      <Quantity>7.50</Quantity>
      <UnitMeasure>100 מ"ל</UnitMeasure>
      <BisWeighted>0</BisWeighted>
      <QtyInPackage>1</QtyInPackage>
      <ItemPrice>20.90</ItemPrice>
      <UnitOfMeasurePrice>2.79</UnitOfMeasurePrice>
      <AllowDiscount>0</AllowDiscount>
      <itemStatus>1</itemStatus>
      <LastUpdateDate />
      <LastUpdateTime />
    </Product>
    <Product>
      <PriceUpdateDate>2020/01/14 08:12</PriceUpdateDate>
      <ItemCode>7290011587093</ItemCode>
      <ItemType>1</ItemType>
      <ItemName>תירס גמדי תומר (420 גרם)</ItemName>
      <ManufactureName>תומר יבוא ושיווק מוצרי מזון (1</ManufactureName>
      <ManufactureCountry />
      <ManufactureItemDescription />
      <UnitQty>יח`</UnitQty>
      <Quantity>4</Quantity>
      <UnitMeasure>100 גרם</UnitMeasure>
      <BisWeighted>0</BisWeighted>
      <QtyInPackage>1</QtyInPackage>
      <ItemPrice>3.90</ItemPrice>
      <UnitOfMeasurePrice>0.98</UnitOfMeasurePrice>
      <AllowDiscount>0</AllowDiscount>
      <itemStatus>1</itemStatus>
      <LastUpdateDate />
      <LastUpdateTime />
    </Product>
    <Product>
      <PriceUpdateDate>2020/01/14 08:12</PriceUpdateDate>
      <ItemCode>7290011587307</ItemCode>
      <ItemType>1</ItemType>
      <ItemName>תחתיות ארטישוק</ItemName>
      <ManufactureName>תומר יבוא ושיווק מוצרי מזון (1</ManufactureName>
      <ManufactureCountry />
      <ManufactureItemDescription />
      <UnitQty>יח`</UnitQty>
      <Quantity>4</Quantity>
      <UnitMeasure>100 גרם</UnitMeasure>
      <BisWeighted>0</BisWeighted>
      <QtyInPackage>1</QtyInPackage>
      <ItemPrice>9.90</ItemPrice>
      <UnitOfMeasurePrice>2.48</UnitOfMeasurePrice>
      <AllowDiscount>0</AllowDiscount>
      <itemStatus>1</itemStatus>
      <LastUpdateDate />
      <LastUpdateTime />
    </Product>
    <Product>
      <PriceUpdateDate>2018/04/24 09:42</PriceUpdateDate>
      <ItemCode>7290011587598</ItemCode>
      <ItemType>1</ItemType>
      <ItemName>פילה אנשובי בשמן תומר (45 גרם)</ItemName>
      <ManufactureName>תומר יבוא ושיווק מוצרי מזון (1</ManufactureName>
      <ManufactureCountry />
      <ManufactureItemDescription />
      <UnitQty>יח`</UnitQty>
      <Quantity>0.45</Quantity>
      <UnitMeasure>100 גרם</UnitMeasure>
      <BisWeighted>0</BisWeighted>
      <QtyInPackage>1</QtyInPackage>
      <ItemPrice>5.90</ItemPrice>
      <UnitOfMeasurePrice>13.11</UnitOfMeasurePrice>
      <AllowDiscount>0</AllowDiscount>
      <itemStatus>1</itemStatus>
      <LastUpdateDate />
      <LastUpdateTime />
    </Product>
    <Product>
      <PriceUpdateDate>2018/04/24 09:45</PriceUpdateDate>
      <ItemCode>7290011587758</ItemCode>
      <ItemType>1</ItemType>
      <ItemName>נודלס דק 200  גר`תומר</ItemName>
      <ManufactureName>תומר יבוא ושיווק מוצרי מזון (1</ManufactureName>
      <ManufactureCountry />
      <ManufactureItemDescription />
      <UnitQty>יח`</UnitQty>
      <Quantity>2</Quantity>
      <UnitMeasure>100 גרם</UnitMeasure>
      <BisWeighted>0</BisWeighted>
      <QtyInPackage>1</QtyInPackage>
      <ItemPrice>2.90</ItemPrice>
      <UnitOfMeasurePrice>1.45</UnitOfMeasurePrice>
      <AllowDiscount>0</AllowDiscount>
      <itemStatus>1</itemStatus>
      <LastUpdateDate />
      <LastUpdateTime />
    </Product>
    <Product>
      <PriceUpdateDate>2020/01/14 08:11</PriceUpdateDate>
      <ItemCode>7290011587840</ItemCode>
      <ItemType>1</ItemType>
      <ItemName>עגבניות קצוצות בשמן 340 גר תומר</ItemName>
      <ManufactureName>תומר יבוא ושיווק מוצרי מזון (1</ManufactureName>
      <ManufactureCountry />
      <ManufactureItemDescription />
      <UnitQty>יח`</UnitQty>
      <Quantity>3.40</Quantity>
      <UnitMeasure>100 גרם</UnitMeasure>
      <BisWeighted>0</BisWeighted>
      <QtyInPackage>1</QtyInPackage>
      <ItemPrice>12.90</ItemPrice>
      <UnitOfMeasurePrice>3.79</UnitOfMeasurePrice>
      <AllowDiscount>0</AllowDiscount>
      <itemStatus>1</itemStatus>
      <LastUpdateDate />
      <LastUpdateTime />
    </Product>
    <Product>
      <PriceUpdateDate>2020/01/12 07:49</PriceUpdateDate>
      <ItemCode>7290011593117</ItemCode>
      <ItemType>1</ItemType>
      <ItemName>זיתים סורי ירוק מבוקע 800 גר` סבא חביב</ItemName>
      <ManufactureName>אבאל יזמות בעמ</ManufactureName>
      <ManufactureCountry />
      <ManufactureItemDescription />
      <UnitQty>יח`</UnitQty>
      <Quantity>8</Quantity>
      <UnitMeasure>100 גרם</UnitMeasure>
      <BisWeighted>0</BisWeighted>
      <QtyInPackage>1</QtyInPackage>
      <ItemPrice>19.90</ItemPrice>
      <UnitOfMeasurePrice>2.49</UnitOfMeasurePrice>
      <AllowDiscount>1</AllowDiscount>
      <itemStatus>1</itemStatus>
      <LastUpdateDate />
      <LastUpdateTime />
    </Product>
    <Product>
      <PriceUpdateDate>2018/08/02 10:17</PriceUpdateDate>
      <ItemCode>7290011598211</ItemCode>
      <ItemType>1</ItemType>
      <ItemName>סנו אנטי קאלק 4ב1 700 מל</ItemName>
      <ManufactureName>החברה הדרומית לשיווק בעמ</ManufactureName>
      <ManufactureCountry />
      <ManufactureItemDescription />
      <UnitQty>יח`</UnitQty>
      <Quantity>7</Quantity>
      <UnitMeasure>100 מ"ל</UnitMeasure>
      <BisWeighted>0</BisWeighted>
      <QtyInPackage>1</QtyInPackage>
      <ItemPrice>19.90</ItemPrice>
      <UnitOfMeasurePrice>2.84</UnitOfMeasurePrice>
      <AllowDiscount>1</AllowDiscount>
      <itemStatus>1</itemStatus>
      <LastUpdateDate />
      <LastUpdateTime />
    </Product>
    <Product>
      <PriceUpdateDate>2018/04/24 11:38</PriceUpdateDate>
      <ItemCode>7290011598259</ItemCode>
      <ItemType>1</ItemType>
      <ItemName>פרש אוטומטיק מאסק סנו (250 מל)</ItemName>
      <ManufactureName>החברה הדרומית לשיווק בעמ</ManufactureName>
      <ManufactureCountry />
      <ManufactureItemDescription />
      <UnitQty>יח`</UnitQty>
      <Quantity>2.50</Quantity>
      <UnitMeasure>100 מ"ל</UnitMeasure>
      <BisWeighted>0</BisWeighted>
      <QtyInPackage>1</QtyInPackage>
      <ItemPrice>13.90</ItemPrice>
      <UnitOfMeasurePrice>5.56</UnitOfMeasurePrice>
      <AllowDiscount>0</AllowDiscount>
      <itemStatus>1</itemStatus>
      <LastUpdateDate />
      <LastUpdateTime />
    </Product>
    <Product>
      <PriceUpdateDate>2019/01/07 10:57</PriceUpdateDate>
      <ItemCode>7290011598372</ItemCode>
      <ItemType>1</ItemType>
      <ItemName>מטלית רצפה מיקרופייבר סנו סושי</ItemName>
      <ManufactureName>החברה הדרומית לשיווק בעמ</ManufactureName>
      <ManufactureCountry />
      <ManufactureItemDescription />
      <UnitQty>יח`</UnitQty>
      <Quantity>1</Quantity>
      <UnitMeasure>יח`</UnitMeasure>
      <BisWeighted>0</BisWeighted>
      <QtyInPackage>1</QtyInPackage>
      <ItemPrice>11.90</ItemPrice>
      <UnitOfMeasurePrice>11.90</UnitOfMeasurePrice>
      <AllowDiscount>0</AllowDiscount>
      <itemStatus>1</itemStatus>
      <LastUpdateDate />
      <LastUpdateTime />
    </Product>
    <Product>
      <PriceUpdateDate>2019/01/30 09:36</PriceUpdateDate>
      <ItemCode>7290011598402</ItemCode>
      <ItemType>1</ItemType>
      <ItemName>סנו מקסימה 4 ליטר ורוד</ItemName>
      <ManufactureName>החברה הדרומית לשיווק בעמ</ManufactureName>
      <ManufactureCountry />
      <ManufactureItemDescription />
      <UnitQty>יח`</UnitQty>
      <Quantity>4</Quantity>
      <UnitMeasure>1 ליטר</UnitMeasure>
      <BisWeighted>0</BisWeighted>
      <QtyInPackage>1</QtyInPackage>
      <ItemPrice>19.90</ItemPrice>
      <UnitOfMeasurePrice>4.98</UnitOfMeasurePrice>
      <AllowDiscount>0</AllowDiscount>
      <itemStatus>1</itemStatus>
      <LastUpdateDate />
      <LastUpdateTime />
    </Product>
    <Product>
      <PriceUpdateDate>2018/04/24 10:44</PriceUpdateDate>
      <ItemCode>7290011607180</ItemCode>
      <ItemType>1</ItemType>
      <ItemName>קולון 1.25 קג 101 כתמים</ItemName>
      <ManufactureName>רקיט בנקיזר (ניר איסט) בעמ</ManufactureName>
      <ManufactureCountry />
      <ManufactureItemDescription />
      <UnitQty>יח`</UnitQty>
      <Quantity>1.25</Quantity>
      <UnitMeasure>ק"ג</UnitMeasure>
      <BisWeighted>0</BisWeighted>
      <QtyInPackage>1</QtyInPackage>
      <ItemPrice>19.90</ItemPrice>
      <UnitOfMeasurePrice>15.92</UnitOfMeasurePrice>
      <AllowDiscount>1</AllowDiscount>
      <itemStatus>1</itemStatus>
      <LastUpdateDate />
      <LastUpdateTime />
    </Product>
    <Product>
      <PriceUpdateDate>2018/04/24 10:33</PriceUpdateDate>
      <ItemCode>7290011618025</ItemCode>
      <ItemType>1</ItemType>
      <ItemName>נגיסי אורז לתינוקות טעם טבעי</ItemName>
      <ManufactureName>דנשר (1963) בעמ</ManufactureName>
      <ManufactureCountry />
      <ManufactureItemDescription />
      <UnitQty>יח`</UnitQty>
      <Quantity>0.50</Quantity>
      <UnitMeasure>100 גרם</UnitMeasure>
      <BisWeighted>0</BisWeighted>
      <QtyInPackage>1</QtyInPackage>
      <ItemPrice>13.90</ItemPrice>
      <UnitOfMeasurePrice>27.80</UnitOfMeasurePrice>
      <AllowDiscount>0</AllowDiscount>
      <itemStatus>1</itemStatus>
      <LastUpdateDate />
      <LastUpdateTime />
    </Product>
    <Product>
      <PriceUpdateDate>2018/04/24 10:33</PriceUpdateDate>
      <ItemCode>7290011618131</ItemCode>
      <ItemType>1</ItemType>
      <ItemName>בייבי ביס בטעם גזר</ItemName>
      <ManufactureName>דנשר (1963) בעמ</ManufactureName>
      <ManufactureCountry />
      <ManufactureItemDescription />
      <UnitQty>יח`</UnitQty>
      <Quantity>0.50</Quantity>
      <UnitMeasure>100 גרם</UnitMeasure>
      <BisWeighted>0</BisWeighted>
      <QtyInPackage>1</QtyInPackage>
      <ItemPrice>13.90</ItemPrice>
      <UnitOfMeasurePrice>27.80</UnitOfMeasurePrice>
      <AllowDiscount>0</AllowDiscount>
      <itemStatus>1</itemStatus>
      <LastUpdateDate />
      <LastUpdateTime />
    </Product>
    <Product>
      <PriceUpdateDate>2019/01/07 10:57</PriceUpdateDate>
      <ItemCode>7290011618216</ItemCode>
      <ItemType>1</ItemType>
      <ItemName>נגיסי אורז לתינוק בטעם בננה</ItemName>
      <ManufactureName>דנשר (1963) בעמ</ManufactureName>
      <ManufactureCountry />
      <ManufactureItemDescription />
      <UnitQty>יח`</UnitQty>
      <Quantity>0.50</Quantity>
      <UnitMeasure>100 גרם</UnitMeasure>
      <BisWeighted>0</BisWeighted>
      <QtyInPackage>1</QtyInPackage>
      <ItemPrice>13.90</ItemPrice>
      <UnitOfMeasurePrice>27.80</UnitOfMeasurePrice>
      <AllowDiscount>0</AllowDiscount>
      <itemStatus>1</itemStatus>
      <LastUpdateDate />
      <LastUpdateTime />
    </Product>
    <Product>
      <PriceUpdateDate>2018/07/25 13:24</PriceUpdateDate>
      <ItemCode>7290011622428</ItemCode>
      <ItemType>1</ItemType>
      <ItemName>חטיף בריאות לילדים כתמטמינים (45 גרם)</ItemName>
      <ManufactureName>גורי מוצרי צריכה (1991) בעמ</ManufactureName>
      <ManufactureCountry />
      <ManufactureItemDescription />
      <UnitQty>יח`</UnitQty>
      <Quantity>0.46</Quantity>
      <UnitMeasure>100 גרם</UnitMeasure>
      <BisWeighted>0</BisWeighted>
      <QtyInPackage>1</QtyInPackage>
      <ItemPrice>5.90</ItemPrice>
      <UnitOfMeasurePrice>12.83</UnitOfMeasurePrice>
      <AllowDiscount>1</AllowDiscount>
      <itemStatus>1</itemStatus>
      <LastUpdateDate />
      <LastUpdateTime />
    </Product>
    <Product>
      <PriceUpdateDate>2018/04/24 13:06</PriceUpdateDate>
      <ItemCode>7290011622664</ItemCode>
      <ItemType>1</ItemType>
      <ItemName>חטיף לתינוק כתמטמינים טחינה 45 גר</ItemName>
      <ManufactureName>גורי מוצרי צריכה (1991) בעמ</ManufactureName>
      <ManufactureCountry />
      <ManufactureItemDescription />
      <UnitQty>יח`</UnitQty>
      <Quantity>0.45</Quantity>
      <UnitMeasure>100 גרם</UnitMeasure>
      <BisWeighted>0</BisWeighted>
      <QtyInPackage>1</QtyInPackage>
      <ItemPrice>5.90</ItemPrice>
      <UnitOfMeasurePrice>13.11</UnitOfMeasurePrice>
      <AllowDiscount>1</AllowDiscount>
      <itemStatus>1</itemStatus>
      <LastUpdateDate />
      <LastUpdateTime />
    </Product>
    <Product>
      <PriceUpdateDate>2019/05/10 11:42</PriceUpdateDate>
      <ItemCode>7290011622701</ItemCode>
      <ItemType>1</ItemType>
      <ItemName>חטיף גזר וסלק טבעונים</ItemName>
      <ManufactureName>גורי מוצרי צריכה (1991) בעמ</ManufactureName>
      <ManufactureCountry />
      <ManufactureItemDescription />
      <UnitQty>יח`</UnitQty>
      <Quantity>0.45</Quantity>
      <UnitMeasure>100 גרם</UnitMeasure>
      <BisWeighted>0</BisWeighted>
      <QtyInPackage>1</QtyInPackage>
      <ItemPrice>5.90</ItemPrice>
      <UnitOfMeasurePrice>13.11</UnitOfMeasurePrice>
      <AllowDiscount>1</AllowDiscount>
      <itemStatus>1</itemStatus>
      <LastUpdateDate />
      <LastUpdateTime />
    </Product>
    <Product>
      <PriceUpdateDate>2019/06/10 09:52</PriceUpdateDate>
      <ItemCode>7290011744892</ItemCode>
      <ItemType>1</ItemType>
      <ItemName>משחת שיניים ילדים ג`וניור 50 מל</ItemName>
      <ManufactureName>גורי ע.ע.ע בעמ</ManufactureName>
      <ManufactureCountry />
      <ManufactureItemDescription />
      <UnitQty>יח`</UnitQty>
      <Quantity>0.50</Quantity>
      <UnitMeasure>100 גרם</UnitMeasure>
      <BisWeighted>0</BisWeighted>
      <QtyInPackage>1</QtyInPackage>
      <ItemPrice>13.90</ItemPrice>
      <UnitOfMeasurePrice>27.80</UnitOfMeasurePrice>
      <AllowDiscount>0</AllowDiscount>
      <itemStatus>1</itemStatus>
      <LastUpdateDate />
      <LastUpdateTime />
    </Product>
    <Product>
      <PriceUpdateDate>2018/04/24 09:15</PriceUpdateDate>
      <ItemCode>7290011765071</ItemCode>
      <ItemType>1</ItemType>
      <ItemName>מן ג`ל גילוח לעור רגיל קרמה (200 מל)</ItemName>
      <ManufactureName>החברה הדרומית לשיווק בעמ</ManufactureName>
      <ManufactureCountry />
      <ManufactureItemDescription />
      <UnitQty>יח`</UnitQty>
      <Quantity>2</Quantity>
      <UnitMeasure>100 מ"ל</UnitMeasure>
      <BisWeighted>0</BisWeighted>
      <QtyInPackage>1</QtyInPackage>
      <ItemPrice>16.90</ItemPrice>
      <UnitOfMeasurePrice>8.45</UnitOfMeasurePrice>
      <AllowDiscount>0</AllowDiscount>
      <itemStatus>1</itemStatus>
      <LastUpdateDate />
      <LastUpdateTime />
    </Product>
    <Product>
      <PriceUpdateDate>2019/01/07 10:57</PriceUpdateDate>
      <ItemCode>7290011765200</ItemCode>
      <ItemType>1</ItemType>
      <ItemName>ג`ל אלוורה לניקוי ידיים ללא מים 300 מל</ItemName>
      <ManufactureName>החברה הדרומית לשיווק בעמ</ManufactureName>
      <ManufactureCountry />
      <ManufactureItemDescription />
      <UnitQty>יח`</UnitQty>
      <Quantity>3</Quantity>
      <UnitMeasure>100 מ"ל</UnitMeasure>
      <BisWeighted>0</BisWeighted>
      <QtyInPackage>1</QtyInPackage>
      <ItemPrice>25</ItemPrice>
      <UnitOfMeasurePrice>8.33</UnitOfMeasurePrice>
      <AllowDiscount>0</AllowDiscount>
      <itemStatus>1</itemStatus>
      <LastUpdateDate />
      <LastUpdateTime />
    </Product>
    <Product>
      <PriceUpdateDate>2019/01/07 10:57</PriceUpdateDate>
      <ItemCode>7290011765446</ItemCode>
      <ItemType>1</ItemType>
      <ItemName>משחת שיניים אורביטול בוב ספוג 70 גרם</ItemName>
      <ManufactureName>החברה הדרומית לשיווק בעמ</ManufactureName>
      <ManufactureCountry />
      <ManufactureItemDescription />
      <UnitQty>יח`</UnitQty>
      <Quantity>0.70</Quantity>
      <UnitMeasure>100 גרם</UnitMeasure>
      <BisWeighted>0</BisWeighted>
      <QtyInPackage>1</QtyInPackage>
      <ItemPrice>7.90</ItemPrice>
      <UnitOfMeasurePrice>11.29</UnitOfMeasurePrice>
      <AllowDiscount>0</AllowDiscount>
      <itemStatus>1</itemStatus>
      <LastUpdateDate />
      <LastUpdateTime />
    </Product>
    <Product>
      <PriceUpdateDate>2019/04/05 09:37</PriceUpdateDate>
      <ItemCode>7290011765613</ItemCode>
      <ItemType>1</ItemType>
      <ItemName>מתז עובש בניחוח לימון 1 לייטר סנו</ItemName>
      <ManufactureName>החברה הדרומית לשיווק בעמ</ManufactureName>
      <ManufactureCountry />
      <ManufactureItemDescription />
      <UnitQty>יח`</UnitQty>
      <Quantity>10</Quantity>
      <UnitMeasure>100 מ"ל</UnitMeasure>
      <BisWeighted>0</BisWeighted>
      <QtyInPackage>1</QtyInPackage>
      <ItemPrice>15.90</ItemPrice>
      <UnitOfMeasurePrice>1.59</UnitOfMeasurePrice>
      <AllowDiscount>0</AllowDiscount>
      <itemStatus>1</itemStatus>
      <LastUpdateDate />
      <LastUpdateTime />
    </Product>
    <Product>
      <PriceUpdateDate>2019/10/30 10:26</PriceUpdateDate>
      <ItemCode>7290011772260</ItemCode>
      <ItemType>1</ItemType>
      <ItemName>תה ירוק עם צמחי מנטה קוויק תה</ItemName>
      <ManufactureName>עיסא ערטול בעמ</ManufactureName>
      <ManufactureCountry />
      <ManufactureItemDescription />
      <UnitQty>יח`</UnitQty>
      <Quantity>1</Quantity>
      <UnitMeasure />
      <BisWeighted>0</BisWeighted>
      <QtyInPackage>1</QtyInPackage>
      <ItemPrice>24.90</ItemPrice>
      <UnitOfMeasurePrice>24.90</UnitOfMeasurePrice>
      <AllowDiscount>0</AllowDiscount>
      <itemStatus>1</itemStatus>
      <LastUpdateDate />
      <LastUpdateTime />
    </Product>
    <Product>
      <PriceUpdateDate>2018/07/08 11:12</PriceUpdateDate>
      <ItemCode>7290011800642</ItemCode>
      <ItemType>1</ItemType>
      <ItemName>מטבוחה מרוקאית רפי כהן צבר (400 גרם)</ItemName>
      <ManufactureName>קבוצת אסם סחר שות. מוגבלת</ManufactureName>
      <ManufactureCountry />
      <ManufactureItemDescription />
      <UnitQty>יח`</UnitQty>
      <Quantity>4</Quantity>
      <UnitMeasure>100 גרם</UnitMeasure>
      <BisWeighted>0</BisWeighted>
      <QtyInPackage>1</QtyInPackage>
      <ItemPrice>15.90</ItemPrice>
      <UnitOfMeasurePrice>3.98</UnitOfMeasurePrice>
      <AllowDiscount>1</AllowDiscount>
      <itemStatus>1</itemStatus>
      <LastUpdateDate />
      <LastUpdateTime />
    </Product>
    <Product>
      <PriceUpdateDate>2018/07/08 11:12</PriceUpdateDate>
      <ItemCode>7290011800840</ItemCode>
      <ItemType>1</ItemType>
      <ItemName>טחינה בלאדי רפי כהן צבר (400 גרם)</ItemName>
      <ManufactureName>קבוצת אסם סחר שות. מוגבלת</ManufactureName>
      <ManufactureCountry />
      <ManufactureItemDescription />
      <UnitQty>יח`</UnitQty>
      <Quantity>4</Quantity>
      <UnitMeasure>100 גרם</UnitMeasure>
      <BisWeighted>0</BisWeighted>
      <QtyInPackage>1</QtyInPackage>
      <ItemPrice>15.90</ItemPrice>
      <UnitOfMeasurePrice>3.98</UnitOfMeasurePrice>
      <AllowDiscount>1</AllowDiscount>
      <itemStatus>1</itemStatus>
      <LastUpdateDate />
      <LastUpdateTime />
    </Product>
    <Product>
      <PriceUpdateDate>2019/11/24 09:31</PriceUpdateDate>
      <ItemCode>7290011860271</ItemCode>
      <ItemType>1</ItemType>
      <ItemName>ביסבול כדורי פירה תפוגן (700 גרם)</ItemName>
      <ManufactureName>קבוצת אסם סחר שות. מוגבלת</ManufactureName>
      <ManufactureCountry />
      <ManufactureItemDescription />
      <UnitQty>יח`</UnitQty>
      <Quantity>7</Quantity>
      <UnitMeasure>100 גרם</UnitMeasure>
      <BisWeighted>0</BisWeighted>
      <QtyInPackage>1</QtyInPackage>
      <ItemPrice>12.90</ItemPrice>
      <UnitOfMeasurePrice>1.84</UnitOfMeasurePrice>
      <AllowDiscount>0</AllowDiscount>
      <itemStatus>1</itemStatus>
      <LastUpdateDate />
      <LastUpdateTime />
    </Product>
    <Product>
      <PriceUpdateDate>2019/11/24 09:31</PriceUpdateDate>
      <ItemCode>7290011860301</ItemCode>
      <ItemType>1</ItemType>
      <ItemName>ביסבול תירס תפוגן (700 גרם)</ItemName>
      <ManufactureName>קבוצת אסם סחר שות. מוגבלת</ManufactureName>
      <ManufactureCountry />
      <ManufactureItemDescription />
      <UnitQty>יח`</UnitQty>
      <Quantity>7</Quantity>
      <UnitMeasure>100 גרם</UnitMeasure>
      <BisWeighted>0</BisWeighted>
      <QtyInPackage>1</QtyInPackage>
      <ItemPrice>12.90</ItemPrice>
      <UnitOfMeasurePrice>1.84</UnitOfMeasurePrice>
      <AllowDiscount>0</AllowDiscount>
      <itemStatus>1</itemStatus>
      <LastUpdateDate />
      <LastUpdateTime />
    </Product>
    <Product>
      <PriceUpdateDate>2019/11/24 09:31</PriceUpdateDate>
      <ItemCode>7290011860325</ItemCode>
      <ItemType>1</ItemType>
      <ItemName>תפוגן ביסבול בצל 700 גר`</ItemName>
      <ManufactureName>קבוצת אסם סחר שות. מוגבלת</ManufactureName>
      <ManufactureCountry />
      <ManufactureItemDescription />
      <UnitQty>יח`</UnitQty>
      <Quantity>7</Quantity>
      <UnitMeasure>100 גרם</UnitMeasure>
      <BisWeighted>0</BisWeighted>
      <QtyInPackage>1</QtyInPackage>
      <ItemPrice>12.90</ItemPrice>
      <UnitOfMeasurePrice>1.84</UnitOfMeasurePrice>
      <AllowDiscount>0</AllowDiscount>
      <itemStatus>1</itemStatus>
      <LastUpdateDate />
      <LastUpdateTime />
    </Product>
    <Product>
      <PriceUpdateDate>2018/04/24 09:42</PriceUpdateDate>
      <ItemCode>7290011876494</ItemCode>
      <ItemType>1</ItemType>
      <ItemName>שניצל עוף ותירס מאמא עוף (750 גרם)</ItemName>
      <ManufactureName>תנובה קפואים</ManufactureName>
      <ManufactureCountry />
      <ManufactureItemDescription />
      <UnitQty>יח`</UnitQty>
      <Quantity>7.50</Quantity>
      <UnitMeasure>100 גרם</UnitMeasure>
      <BisWeighted>0</BisWeighted>
      <QtyInPackage>1</QtyInPackage>
      <ItemPrice>36</ItemPrice>
      <UnitOfMeasurePrice>4.80</UnitOfMeasurePrice>
      <AllowDiscount>0</AllowDiscount>
      <itemStatus>1</itemStatus>
      <LastUpdateDate />
      <LastUpdateTime />
    </Product>
    <Product>
      <PriceUpdateDate>2018/04/24 09:12</PriceUpdateDate>
      <ItemCode>7290011877088</ItemCode>
      <ItemType>1</ItemType>
      <ItemName>סנו סושי רדיד אלומיניום</ItemName>
      <ManufactureName>החברה הדרומית לשיווק בעמ</ManufactureName>
      <ManufactureCountry />
      <ManufactureItemDescription />
      <UnitQty>יח`</UnitQty>
      <Quantity>1</Quantity>
      <UnitMeasure />
      <BisWeighted>0</BisWeighted>
      <QtyInPackage>1</QtyInPackage>
      <ItemPrice>12.90</ItemPrice>
      <UnitOfMeasurePrice>12.90</UnitOfMeasurePrice>
      <AllowDiscount>0</AllowDiscount>
      <itemStatus>1</itemStatus>
      <LastUpdateDate />
      <LastUpdateTime />
    </Product>
    <Product>
      <PriceUpdateDate>2019/01/07 10:57</PriceUpdateDate>
      <ItemCode>7290011877866</ItemCode>
      <ItemType>1</ItemType>
      <ItemName>סנו מקסימה 6 קג מאסק</ItemName>
      <ManufactureName>החברה הדרומית לשיווק בעמ</ManufactureName>
      <ManufactureCountry />
      <ManufactureItemDescription />
      <UnitQty>יח`</UnitQty>
      <Quantity>60</Quantity>
      <UnitMeasure>100 גרם</UnitMeasure>
      <BisWeighted>0</BisWeighted>
      <QtyInPackage>1</QtyInPackage>
      <ItemPrice>49.90</ItemPrice>
      <UnitOfMeasurePrice>0.83</UnitOfMeasurePrice>
      <AllowDiscount>0</AllowDiscount>
      <itemStatus>1</itemStatus>
      <LastUpdateDate />
      <LastUpdateTime />
    </Product>
    <Product>
      <PriceUpdateDate>2019/02/27 08:57</PriceUpdateDate>
      <ItemCode>7290011912642</ItemCode>
      <ItemType>1</ItemType>
      <ItemName>ליסטרין טאגד פלוריד 500 מל</ItemName>
      <ManufactureName>שקד תבל בעמ</ManufactureName>
      <ManufactureCountry />
      <ManufactureItemDescription />
      <UnitQty>יח`</UnitQty>
      <Quantity>5</Quantity>
      <UnitMeasure>100 מ"ל</UnitMeasure>
      <BisWeighted>0</BisWeighted>
      <QtyInPackage>1</QtyInPackage>
      <ItemPrice>19.90</ItemPrice>
      <UnitOfMeasurePrice>3.98</UnitOfMeasurePrice>
      <AllowDiscount>1</AllowDiscount>
      <itemStatus>1</itemStatus>
      <LastUpdateDate />
      <LastUpdateTime />
    </Product>
    <Product>
      <PriceUpdateDate>2018/04/24 12:01</PriceUpdateDate>
      <ItemCode>7290011923273</ItemCode>
      <ItemType>1</ItemType>
      <ItemName>טופו אורגני ליב (300 גרם)</ItemName>
      <ManufactureName>ל.י.ב. (לחיות יותר בטבע) בעמ</ManufactureName>
      <ManufactureCountry />
      <ManufactureItemDescription />
      <UnitQty>יח`</UnitQty>
      <Quantity>3</Quantity>
      <UnitMeasure>100 גרם</UnitMeasure>
      <BisWeighted>0</BisWeighted>
      <QtyInPackage>1</QtyInPackage>
      <ItemPrice>11.90</ItemPrice>
      <UnitOfMeasurePrice>3.97</UnitOfMeasurePrice>
      <AllowDiscount>0</AllowDiscount>
      <itemStatus>1</itemStatus>
      <LastUpdateDate />
      <LastUpdateTime />
    </Product>
    <Product>
      <PriceUpdateDate>2018/04/24 12:01</PriceUpdateDate>
      <ItemCode>7290011923303</ItemCode>
      <ItemType>1</ItemType>
      <ItemName>טופו טבעי ליב (300 גרם)</ItemName>
      <ManufactureName>ל.י.ב. (לחיות יותר בטבע) בעמ</ManufactureName>
      <ManufactureCountry />
      <ManufactureItemDescription />
      <UnitQty>יח`</UnitQty>
      <Quantity>3</Quantity>
      <UnitMeasure>100 גרם</UnitMeasure>
      <BisWeighted>0</BisWeighted>
      <QtyInPackage>1</QtyInPackage>
      <ItemPrice>9.90</ItemPrice>
      <UnitOfMeasurePrice>3.30</UnitOfMeasurePrice>
      <AllowDiscount>0</AllowDiscount>
      <itemStatus>1</itemStatus>
      <LastUpdateDate />
      <LastUpdateTime />
    </Product>
    <Product>
      <PriceUpdateDate>2019/11/24 09:31</PriceUpdateDate>
      <ItemCode>7290011947309</ItemCode>
      <ItemType>1</ItemType>
      <ItemName>זית סורי עם לימון כבוש זיתא (230 גרם)</ItemName>
      <ManufactureName>תה ויסוצקי (ישראל) בעמ</ManufactureName>
      <ManufactureCountry />
      <ManufactureItemDescription />
      <UnitQty>יח`</UnitQty>
      <Quantity>2.30</Quantity>
      <UnitMeasure>100 גרם</UnitMeasure>
      <BisWeighted>0</BisWeighted>
      <QtyInPackage>1</QtyInPackage>
      <ItemPrice>12.90</ItemPrice>
      <UnitOfMeasurePrice>5.61</UnitOfMeasurePrice>
      <AllowDiscount>0</AllowDiscount>
      <itemStatus>1</itemStatus>
      <LastUpdateDate />
      <LastUpdateTime />
    </Product>
    <Product>
      <PriceUpdateDate>2019/11/24 09:31</PriceUpdateDate>
      <ItemCode>7290011947712</ItemCode>
      <ItemType>1</ItemType>
      <ItemName>זית שחור בסגנון טאסוס 215 גר` זיתא</ItemName>
      <ManufactureName>תה ויסוצקי (ישראל) בעמ</ManufactureName>
      <ManufactureCountry />
      <ManufactureItemDescription />
      <UnitQty>יח`</UnitQty>
      <Quantity>2.15</Quantity>
      <UnitMeasure>100 גרם</UnitMeasure>
      <BisWeighted>0</BisWeighted>
      <QtyInPackage>1</QtyInPackage>
      <ItemPrice>12.90</ItemPrice>
      <UnitOfMeasurePrice>6</UnitOfMeasurePrice>
      <AllowDiscount>0</AllowDiscount>
      <itemStatus>1</itemStatus>
      <LastUpdateDate />
      <LastUpdateTime />
    </Product>
    <Product>
      <PriceUpdateDate>2018/04/24 12:54</PriceUpdateDate>
      <ItemCode>7290011964344</ItemCode>
      <ItemType>1</ItemType>
      <ItemName>שום גבישי 120 גר`</ItemName>
      <ManufactureName>תבליני טעם וריח בעמ</ManufactureName>
      <ManufactureCountry />
      <ManufactureItemDescription />
      <UnitQty>יח`</UnitQty>
      <Quantity>1.20</Quantity>
      <UnitMeasure>100 גרם</UnitMeasure>
      <BisWeighted>0</BisWeighted>
      <QtyInPackage>1</QtyInPackage>
      <ItemPrice>8.90</ItemPrice>
      <UnitOfMeasurePrice>7.42</UnitOfMeasurePrice>
      <AllowDiscount>0</AllowDiscount>
      <itemStatus>1</itemStatus>
      <LastUpdateDate />
      <LastUpdateTime />
    </Product>
    <Product>
      <PriceUpdateDate>2018/04/24 13:19</PriceUpdateDate>
      <ItemCode>7290011964610</ItemCode>
      <ItemType>1</ItemType>
      <ItemName>מלח לימון 700 גר`</ItemName>
      <ManufactureName>תבליני טעם וריח בעמ</ManufactureName>
      <ManufactureCountry />
      <ManufactureItemDescription />
      <UnitQty>יח`</UnitQty>
      <Quantity>7</Quantity>
      <UnitMeasure>100 גרם</UnitMeasure>
      <BisWeighted>0</BisWeighted>
      <QtyInPackage>1</QtyInPackage>
      <ItemPrice>19.90</ItemPrice>
      <UnitOfMeasurePrice>2.84</UnitOfMeasurePrice>
      <AllowDiscount>0</AllowDiscount>
      <itemStatus>1</itemStatus>
      <LastUpdateDate />
      <LastUpdateTime />
    </Product>
    <Product>
      <PriceUpdateDate>2018/04/24 12:54</PriceUpdateDate>
      <ItemCode>7290011964689</ItemCode>
      <ItemType>1</ItemType>
      <ItemName>תיבול על האש 100 גר`</ItemName>
      <ManufactureName>תבליני טעם וריח בעמ</ManufactureName>
      <ManufactureCountry />
      <ManufactureItemDescription />
      <UnitQty>יח`</UnitQty>
      <Quantity>1</Quantity>
      <UnitMeasure>100 גרם</UnitMeasure>
      <BisWeighted>0</BisWeighted>
      <QtyInPackage>1</QtyInPackage>
      <ItemPrice>8.90</ItemPrice>
      <UnitOfMeasurePrice>8.90</UnitOfMeasurePrice>
      <AllowDiscount>0</AllowDiscount>
      <itemStatus>1</itemStatus>
      <LastUpdateDate />
      <LastUpdateTime />
    </Product>
    <Product>
      <PriceUpdateDate>2018/08/01 11:44</PriceUpdateDate>
      <ItemCode>7290011969158</ItemCode>
      <ItemType>1</ItemType>
      <ItemName>מגבונים לחים טייגר חמישייה 72 יח</ItemName>
      <ManufactureName>פאלאס תעשיות נטו (2014) בעמ</ManufactureName>
      <ManufactureCountry />
      <ManufactureItemDescription />
      <UnitQty>יח`</UnitQty>
      <Quantity>5</Quantity>
      <UnitMeasure>יח`</UnitMeasure>
      <BisWeighted>0</BisWeighted>
      <QtyInPackage>1</QtyInPackage>
      <ItemPrice>11.90</ItemPrice>
      <UnitOfMeasurePrice>2.38</UnitOfMeasurePrice>
      <AllowDiscount>0</AllowDiscount>
      <itemStatus>1</itemStatus>
      <LastUpdateDate />
      <LastUpdateTime />
    </Product>
    <Product>
      <PriceUpdateDate>2018/04/24 10:38</PriceUpdateDate>
      <ItemCode>7290011996031</ItemCode>
      <ItemType>1</ItemType>
      <ItemName>אטריות ביצים טעמי אסיה (454 גרם)</ItemName>
      <ManufactureName>טעמי אסיה בעמ</ManufactureName>
      <ManufactureCountry />
      <ManufactureItemDescription />
      <UnitQty>יח`</UnitQty>
      <Quantity>4.54</Quantity>
      <UnitMeasure>100 גרם</UnitMeasure>
      <BisWeighted>0</BisWeighted>
      <QtyInPackage>1</QtyInPackage>
      <ItemPrice>9.90</ItemPrice>
      <UnitOfMeasurePrice>2.18</UnitOfMeasurePrice>
      <AllowDiscount>1</AllowDiscount>
      <itemStatus>1</itemStatus>
      <LastUpdateDate />
      <LastUpdateTime />
    </Product>
    <Product>
      <PriceUpdateDate>2018/04/24 10:38</PriceUpdateDate>
      <ItemCode>7290011996086</ItemCode>
      <ItemType>1</ItemType>
      <ItemName>צ`ילי חריף 700</ItemName>
      <ManufactureName>טעמי אסיה בעמ</ManufactureName>
      <ManufactureCountry />
      <ManufactureItemDescription />
      <UnitQty>יח`</UnitQty>
      <Quantity>7</Quantity>
      <UnitMeasure>100 מ"ל</UnitMeasure>
      <BisWeighted>0</BisWeighted>
      <QtyInPackage>1</QtyInPackage>
      <ItemPrice>8.90</ItemPrice>
      <UnitOfMeasurePrice>1.27</UnitOfMeasurePrice>
      <AllowDiscount>0</AllowDiscount>
      <itemStatus>1</itemStatus>
      <LastUpdateDate />
      <LastUpdateTime />
    </Product>
    <Product>
      <PriceUpdateDate>2018/04/24 10:38</PriceUpdateDate>
      <ItemCode>7290011996093</ItemCode>
      <ItemType>1</ItemType>
      <ItemName>רוטב צ`לי מתוק 300 מל אסיה</ItemName>
      <ManufactureName>טעמי אסיה בעמ</ManufactureName>
      <ManufactureCountry />
      <ManufactureItemDescription />
      <UnitQty>יח`</UnitQty>
      <Quantity>3</Quantity>
      <UnitMeasure>100 מ"ל</UnitMeasure>
      <BisWeighted>0</BisWeighted>
      <QtyInPackage>1</QtyInPackage>
      <ItemPrice>7.90</ItemPrice>
      <UnitOfMeasurePrice>2.63</UnitOfMeasurePrice>
      <AllowDiscount>0</AllowDiscount>
      <itemStatus>1</itemStatus>
      <LastUpdateDate />
      <LastUpdateTime />
    </Product>
    <Product>
      <PriceUpdateDate>2018/04/24 10:38</PriceUpdateDate>
      <ItemCode>7290011996109</ItemCode>
      <ItemType>1</ItemType>
      <ItemName>רוטב צ`ילי מתוק טעמי אסיה (700 מל)</ItemName>
      <ManufactureName>טעמי אסיה בעמ</ManufactureName>
      <ManufactureCountry />
      <ManufactureItemDescription />
      <UnitQty>יח`</UnitQty>
      <Quantity>7</Quantity>
      <UnitMeasure>100 מ"ל</UnitMeasure>
      <BisWeighted>0</BisWeighted>
      <QtyInPackage>1</QtyInPackage>
      <ItemPrice>8.90</ItemPrice>
      <UnitOfMeasurePrice>1.27</UnitOfMeasurePrice>
      <AllowDiscount>0</AllowDiscount>
      <itemStatus>1</itemStatus>
      <LastUpdateDate />
      <LastUpdateTime />
    </Product>
    <Product>
      <PriceUpdateDate>2018/04/24 10:38</PriceUpdateDate>
      <ItemCode>7290011996130</ItemCode>
      <ItemType>1</ItemType>
      <ItemName>אצות נורי סילוור טעמי אסיה (10)</ItemName>
      <ManufactureName>טעמי אסיה בעמ</ManufactureName>
      <ManufactureCountry />
      <ManufactureItemDescription />
      <UnitQty>יח`</UnitQty>
      <Quantity>0.25</Quantity>
      <UnitMeasure>100 גרם</UnitMeasure>
      <BisWeighted>0</BisWeighted>
      <QtyInPackage>1</QtyInPackage>
      <ItemPrice>7.90</ItemPrice>
      <UnitOfMeasurePrice>31.60</UnitOfMeasurePrice>
      <AllowDiscount>0</AllowDiscount>
      <itemStatus>1</itemStatus>
      <LastUpdateDate />
      <LastUpdateTime />
    </Product>
    <Product>
      <PriceUpdateDate>2018/04/24 10:38</PriceUpdateDate>
      <ItemCode>7290011996178</ItemCode>
      <ItemType>1</ItemType>
      <ItemName>רוטב סויה בסגנון יפני 280</ItemName>
      <ManufactureName>טעמי אסיה בעמ</ManufactureName>
      <ManufactureCountry />
      <ManufactureItemDescription />
      <UnitQty>יח`</UnitQty>
      <Quantity>2.80</Quantity>
      <UnitMeasure>100 מ"ל</UnitMeasure>
      <BisWeighted>0</BisWeighted>
      <QtyInPackage>1</QtyInPackage>
      <ItemPrice>9.90</ItemPrice>
      <UnitOfMeasurePrice>3.54</UnitOfMeasurePrice>
      <AllowDiscount>0</AllowDiscount>
      <itemStatus>1</itemStatus>
      <LastUpdateDate />
      <LastUpdateTime />
    </Product>
    <Product>
      <PriceUpdateDate>2018/04/24 10:39</PriceUpdateDate>
      <ItemCode>7290011996222</ItemCode>
      <ItemType>1</ItemType>
      <ItemName>מי קוקוס טעמי אסיה (400 מל)</ItemName>
      <ManufactureName>טעמי אסיה בעמ</ManufactureName>
      <ManufactureCountry />
      <ManufactureItemDescription />
      <UnitQty>יח`</UnitQty>
      <Quantity>4</Quantity>
      <UnitMeasure>100 מ"ל</UnitMeasure>
      <BisWeighted>0</BisWeighted>
      <QtyInPackage>1</QtyInPackage>
      <ItemPrice>7.90</ItemPrice>
      <UnitOfMeasurePrice>1.98</UnitOfMeasurePrice>
      <AllowDiscount>1</AllowDiscount>
      <itemStatus>1</itemStatus>
      <LastUpdateDate />
      <LastUpdateTime />
    </Product>
    <Product>
      <PriceUpdateDate>2018/04/24 11:06</PriceUpdateDate>
      <ItemCode>7290011996499</ItemCode>
      <ItemType>1</ItemType>
      <ItemName>אטריות אורז דקות טעמי אסיה (400 גרם)</ItemName>
      <ManufactureName>טעמי אסיה בעמ</ManufactureName>
      <ManufactureCountry />
      <ManufactureItemDescription />
      <UnitQty>יח`</UnitQty>
      <Quantity>4</Quantity>
      <UnitMeasure>100 גרם</UnitMeasure>
      <BisWeighted>0</BisWeighted>
      <QtyInPackage>1</QtyInPackage>
      <ItemPrice>9.90</ItemPrice>
      <UnitOfMeasurePrice>2.48</UnitOfMeasurePrice>
      <AllowDiscount>0</AllowDiscount>
      <itemStatus>1</itemStatus>
      <LastUpdateDate />
      <LastUpdateTime />
    </Product>
    <Product>
      <PriceUpdateDate>2018/04/24 10:58</PriceUpdateDate>
      <ItemCode>7290011996512</ItemCode>
      <ItemType>1</ItemType>
      <ItemName>אטריות אורז 3 סמ טעמי אסיה (400 גרם)</ItemName>
      <ManufactureName>טעמי אסיה בעמ</ManufactureName>
      <ManufactureCountry />
      <ManufactureItemDescription />
      <UnitQty>יח`</UnitQty>
      <Quantity>4</Quantity>
      <UnitMeasure>100 גרם</UnitMeasure>
      <BisWeighted>0</BisWeighted>
      <QtyInPackage>1</QtyInPackage>
      <ItemPrice>9.90</ItemPrice>
      <UnitOfMeasurePrice>2.48</UnitOfMeasurePrice>
      <AllowDiscount>0</AllowDiscount>
      <itemStatus>1</itemStatus>
      <LastUpdateDate />
      <LastUpdateTime />
    </Product>
    <Product>
      <PriceUpdateDate>2018/04/24 10:39</PriceUpdateDate>
      <ItemCode>7290011996581</ItemCode>
      <ItemType>1</ItemType>
      <ItemName>רוטב חמוץ מתוק 300 מל</ItemName>
      <ManufactureName>טעמי אסיה בעמ</ManufactureName>
      <ManufactureCountry />
      <ManufactureItemDescription />
      <UnitQty>יח`</UnitQty>
      <Quantity>3</Quantity>
      <UnitMeasure>100 מ"ל</UnitMeasure>
      <BisWeighted>0</BisWeighted>
      <QtyInPackage>1</QtyInPackage>
      <ItemPrice>9.90</ItemPrice>
      <UnitOfMeasurePrice>3.30</UnitOfMeasurePrice>
      <AllowDiscount>0</AllowDiscount>
      <itemStatus>1</itemStatus>
      <LastUpdateDate />
      <LastUpdateTime />
    </Product>
    <Product>
      <PriceUpdateDate>2018/04/24 11:35</PriceUpdateDate>
      <ItemCode>7290011996604</ItemCode>
      <ItemType>1</ItemType>
      <ItemName>רוטב פאד תאי טעמי אסיה (300 מל)</ItemName>
      <ManufactureName>טעמי אסיה בעמ</ManufactureName>
      <ManufactureCountry />
      <ManufactureItemDescription />
      <UnitQty>יח`</UnitQty>
      <Quantity>3.66</Quantity>
      <UnitMeasure>100 גרם</UnitMeasure>
      <BisWeighted>0</BisWeighted>
      <QtyInPackage>1</QtyInPackage>
      <ItemPrice>16.90</ItemPrice>
      <UnitOfMeasurePrice>4.62</UnitOfMeasurePrice>
      <AllowDiscount>0</AllowDiscount>
      <itemStatus>1</itemStatus>
      <LastUpdateDate />
      <LastUpdateTime />
    </Product>
    <Product>
      <PriceUpdateDate>2019/01/01 11:13</PriceUpdateDate>
      <ItemCode>7290011996703</ItemCode>
      <ItemType>1</ItemType>
      <ItemName>טעם אסיה אצות וקאמה 100גר</ItemName>
      <ManufactureName>טעמי אסיה בעמ</ManufactureName>
      <ManufactureCountry />
      <ManufactureItemDescription />
      <UnitQty>יח`</UnitQty>
      <Quantity>1</Quantity>
      <UnitMeasure>100 גרם</UnitMeasure>
      <BisWeighted>0</BisWeighted>
      <QtyInPackage>1</QtyInPackage>
      <ItemPrice>11.90</ItemPrice>
      <UnitOfMeasurePrice>11.90</UnitOfMeasurePrice>
      <AllowDiscount>0</AllowDiscount>
      <itemStatus>1</itemStatus>
      <LastUpdateDate />
      <LastUpdateTime />
    </Product>
    <Product>
      <PriceUpdateDate>2018/04/24 10:41</PriceUpdateDate>
      <ItemCode>7290011996758</ItemCode>
      <ItemType>1</ItemType>
      <ItemName>קמח טמפורה כשר מזרח ומערב 500 גר`</ItemName>
      <ManufactureName>טעמי אסיה בעמ</ManufactureName>
      <ManufactureCountry />
      <ManufactureItemDescription />
      <UnitQty>יח`</UnitQty>
      <Quantity>5</Quantity>
      <UnitMeasure>100 גרם</UnitMeasure>
      <BisWeighted>0</BisWeighted>
      <QtyInPackage>1</QtyInPackage>
      <ItemPrice>10.90</ItemPrice>
      <UnitOfMeasurePrice>2.18</UnitOfMeasurePrice>
      <AllowDiscount>0</AllowDiscount>
      <itemStatus>1</itemStatus>
      <LastUpdateDate />
      <LastUpdateTime />
    </Product>
    <Product>
      <PriceUpdateDate>2018/04/24 10:41</PriceUpdateDate>
      <ItemCode>7290011996789</ItemCode>
      <ItemType>1</ItemType>
      <ItemName>פנקו טעמי אסיה (200 גרם)</ItemName>
      <ManufactureName>טעמי אסיה בעמ</ManufactureName>
      <ManufactureCountry />
      <ManufactureItemDescription />
      <UnitQty>יח`</UnitQty>
      <Quantity>2</Quantity>
      <UnitMeasure>100 גרם</UnitMeasure>
      <BisWeighted>0</BisWeighted>
      <QtyInPackage>1</QtyInPackage>
      <ItemPrice>10.90</ItemPrice>
      <UnitOfMeasurePrice>5.45</UnitOfMeasurePrice>
      <AllowDiscount>0</AllowDiscount>
      <itemStatus>1</itemStatus>
      <LastUpdateDate />
      <LastUpdateTime />
    </Product>
    <Product>
      <PriceUpdateDate>2018/04/24 10:42</PriceUpdateDate>
      <ItemCode>7290011996802</ItemCode>
      <ItemType>1</ItemType>
      <ItemName>אבקת רוטב ווסבי 70 גר`</ItemName>
      <ManufactureName>טעמי אסיה בעמ</ManufactureName>
      <ManufactureCountry />
      <ManufactureItemDescription />
      <UnitQty>יח`</UnitQty>
      <Quantity>0.70</Quantity>
      <UnitMeasure>100 גרם</UnitMeasure>
      <BisWeighted>0</BisWeighted>
      <QtyInPackage>1</QtyInPackage>
      <ItemPrice>17.90</ItemPrice>
      <UnitOfMeasurePrice>25.57</UnitOfMeasurePrice>
      <AllowDiscount>0</AllowDiscount>
      <itemStatus>1</itemStatus>
      <LastUpdateDate />
      <LastUpdateTime />
    </Product>
    <Product>
      <PriceUpdateDate>2018/04/24 10:59</PriceUpdateDate>
      <ItemCode>7290011996819</ItemCode>
      <ItemType>1</ItemType>
      <ItemName>מקלוני שעועית טעמי אסיה (250 גרם)</ItemName>
      <ManufactureName>טעמי אסיה בעמ</ManufactureName>
      <ManufactureCountry />
      <ManufactureItemDescription />
      <UnitQty>יח`</UnitQty>
      <Quantity>2.50</Quantity>
      <UnitMeasure>100 גרם</UnitMeasure>
      <BisWeighted>0</BisWeighted>
      <QtyInPackage>1</QtyInPackage>
      <ItemPrice>5.90</ItemPrice>
      <UnitOfMeasurePrice>2.36</UnitOfMeasurePrice>
      <AllowDiscount>0</AllowDiscount>
      <itemStatus>1</itemStatus>
      <LastUpdateDate />
      <LastUpdateTime />
    </Product>
    <Product>
      <PriceUpdateDate>2018/04/24 10:59</PriceUpdateDate>
      <ItemCode>7290011996888</ItemCode>
      <ItemType>1</ItemType>
      <ItemName>רוטב טריאקי טעמי אסיה (300 מל)</ItemName>
      <ManufactureName>טעמי אסיה בעמ</ManufactureName>
      <ManufactureCountry />
      <ManufactureItemDescription />
      <UnitQty>יח`</UnitQty>
      <Quantity>3</Quantity>
      <UnitMeasure>100 מ"ל</UnitMeasure>
      <BisWeighted>0</BisWeighted>
      <QtyInPackage>1</QtyInPackage>
      <ItemPrice>10.90</ItemPrice>
      <UnitOfMeasurePrice>3.63</UnitOfMeasurePrice>
      <AllowDiscount>0</AllowDiscount>
      <itemStatus>1</itemStatus>
      <LastUpdateDate />
      <LastUpdateTime />
    </Product>
    <Product>
      <PriceUpdateDate>2019/01/07 10:57</PriceUpdateDate>
      <ItemCode>7290012001994</ItemCode>
      <ItemType>1</ItemType>
      <ItemName>חרדל דיגון גרעינים 350 גרם</ItemName>
      <ManufactureName>דיפלומט היינץ</ManufactureName>
      <ManufactureCountry />
      <ManufactureItemDescription />
      <UnitQty>יח`</UnitQty>
      <Quantity>3.40</Quantity>
      <UnitMeasure>100 גרם</UnitMeasure>
      <BisWeighted>0</BisWeighted>
      <QtyInPackage>1</QtyInPackage>
      <ItemPrice>12.90</ItemPrice>
      <UnitOfMeasurePrice>3.79</UnitOfMeasurePrice>
      <AllowDiscount>0</AllowDiscount>
      <itemStatus>1</itemStatus>
      <LastUpdateDate />
      <LastUpdateTime />
    </Product>
    <Product>
      <PriceUpdateDate>2020/01/14 08:12</PriceUpdateDate>
      <ItemCode>7290012019265</ItemCode>
      <ItemType>1</ItemType>
      <ItemName>רסק תפוע רביעייה תומר</ItemName>
      <ManufactureName>תומר יבוא ושיווק מוצרי מזון (1</ManufactureName>
      <ManufactureCountry />
      <ManufactureItemDescription />
      <UnitQty>יח`</UnitQty>
      <Quantity>4.52</Quantity>
      <UnitMeasure>100 גרם</UnitMeasure>
      <BisWeighted>0</BisWeighted>
      <QtyInPackage>1</QtyInPackage>
      <ItemPrice>9.90</ItemPrice>
      <UnitOfMeasurePrice>2.19</UnitOfMeasurePrice>
      <AllowDiscount>0</AllowDiscount>
      <itemStatus>1</itemStatus>
      <LastUpdateDate />
      <LastUpdateTime />
    </Product>
    <Product>
      <PriceUpdateDate>2020/01/14 08:12</PriceUpdateDate>
      <ItemCode>7290012019272</ItemCode>
      <ItemType>1</ItemType>
      <ItemName>רסק תפוע רביעייה קינמון תומר</ItemName>
      <ManufactureName>תומר יבוא ושיווק מוצרי מזון (1</ManufactureName>
      <ManufactureCountry />
      <ManufactureItemDescription />
      <UnitQty>יח`</UnitQty>
      <Quantity>4.52</Quantity>
      <UnitMeasure>100 גרם</UnitMeasure>
      <BisWeighted>0</BisWeighted>
      <QtyInPackage>1</QtyInPackage>
      <ItemPrice>9.90</ItemPrice>
      <UnitOfMeasurePrice>2.19</UnitOfMeasurePrice>
      <AllowDiscount>0</AllowDiscount>
      <itemStatus>1</itemStatus>
      <LastUpdateDate />
      <LastUpdateTime />
    </Product>
    <Product>
      <PriceUpdateDate>2018/07/05 11:34</PriceUpdateDate>
      <ItemCode>7290012022005</ItemCode>
      <ItemType>1</ItemType>
      <ItemName>קריספיות</ItemName>
      <ManufactureName>דילייט 2005 בעמ</ManufactureName>
      <ManufactureCountry />
      <ManufactureItemDescription />
      <UnitQty>יח`</UnitQty>
      <Quantity>0.60</Quantity>
      <UnitMeasure>100 גרם</UnitMeasure>
      <BisWeighted>0</BisWeighted>
      <QtyInPackage>1</QtyInPackage>
      <ItemPrice>11.90</ItemPrice>
      <UnitOfMeasurePrice>19.83</UnitOfMeasurePrice>
      <AllowDiscount>0</AllowDiscount>
      <itemStatus>1</itemStatus>
      <LastUpdateDate />
      <LastUpdateTime />
    </Product>
    <Product>
      <PriceUpdateDate>2018/08/01 13:48</PriceUpdateDate>
      <ItemCode>7290012022050</ItemCode>
      <ItemType>1</ItemType>
      <ItemName>קריספיות חיטה מלאה</ItemName>
      <ManufactureName>דילייט 2005 בעמ</ManufactureName>
      <ManufactureCountry />
      <ManufactureItemDescription />
      <UnitQty>יח`</UnitQty>
      <Quantity>0.75</Quantity>
      <UnitMeasure>100 גרם</UnitMeasure>
      <BisWeighted>0</BisWeighted>
      <QtyInPackage>1</QtyInPackage>
      <ItemPrice>13.90</ItemPrice>
      <UnitOfMeasurePrice>18.53</UnitOfMeasurePrice>
      <AllowDiscount>0</AllowDiscount>
      <itemStatus>1</itemStatus>
      <LastUpdateDate />
      <LastUpdateTime />
    </Product>
    <Product>
      <PriceUpdateDate>2018/04/24 12:23</PriceUpdateDate>
      <ItemCode>7290012022067</ItemCode>
      <ItemType>1</ItemType>
      <ItemName>קריספיות קידס 30 גרם</ItemName>
      <ManufactureName>דילייט 2005 בעמ</ManufactureName>
      <ManufactureCountry />
      <ManufactureItemDescription />
      <UnitQty>יח`</UnitQty>
      <Quantity>0.30</Quantity>
      <UnitMeasure>100 גרם</UnitMeasure>
      <BisWeighted>0</BisWeighted>
      <QtyInPackage>1</QtyInPackage>
      <ItemPrice>10.90</ItemPrice>
      <UnitOfMeasurePrice>36.33</UnitOfMeasurePrice>
      <AllowDiscount>0</AllowDiscount>
      <itemStatus>1</itemStatus>
      <LastUpdateDate />
      <LastUpdateTime />
    </Product>
    <Product>
      <PriceUpdateDate>2020/04/03 10:05</PriceUpdateDate>
      <ItemCode>7290012022982</ItemCode>
      <ItemType>1</ItemType>
      <ItemName>חטיפי קראנצ` פאפיה 30 גר` כשר לפסח</ItemName>
      <ManufactureName>דילייט 2005 בעמ</ManufactureName>
      <ManufactureCountry />
      <ManufactureItemDescription />
      <UnitQty>יח`</UnitQty>
      <Quantity>1</Quantity>
      <UnitMeasure>100 גרם</UnitMeasure>
      <BisWeighted>0</BisWeighted>
      <QtyInPackage>1</QtyInPackage>
      <ItemPrice>3.90</ItemPrice>
      <UnitOfMeasurePrice>3.90</UnitOfMeasurePrice>
      <AllowDiscount>1</AllowDiscount>
      <itemStatus>1</itemStatus>
      <LastUpdateDate />
      <LastUpdateTime />
    </Product>
    <Product>
      <PriceUpdateDate>2019/07/29 13:00</PriceUpdateDate>
      <ItemCode>7290012030475</ItemCode>
      <ItemType>1</ItemType>
      <ItemName>אל.אמ קצר רד לייבל חפיסה) (20</ItemName>
      <ManufactureName>פיליפ מוריס בעמ</ManufactureName>
      <ManufactureCountry />
      <ManufactureItemDescription />
      <UnitQty>יח`</UnitQty>
      <Quantity>1</Quantity>
      <UnitMeasure />
      <BisWeighted>0</BisWeighted>
      <QtyInPackage>1</QtyInPackage>
      <ItemPrice>28</ItemPrice>
      <UnitOfMeasurePrice>28</UnitOfMeasurePrice>
      <AllowDiscount>0</AllowDiscount>
      <itemStatus>1</itemStatus>
      <LastUpdateDate />
      <LastUpdateTime />
    </Product>
    <Product>
      <PriceUpdateDate>2019/07/29 13:00</PriceUpdateDate>
      <ItemCode>7290012030499</ItemCode>
      <ItemType>1</ItemType>
      <ItemName>אל.אמ בלו לייבל קצר חפיסה) (20</ItemName>
      <ManufactureName>פיליפ מוריס בעמ</ManufactureName>
      <ManufactureCountry />
      <ManufactureItemDescription />
      <UnitQty>יח`</UnitQty>
      <Quantity>1</Quantity>
      <UnitMeasure />
      <BisWeighted>0</BisWeighted>
      <QtyInPackage>1</QtyInPackage>
      <ItemPrice>28</ItemPrice>
      <UnitOfMeasurePrice>28</UnitOfMeasurePrice>
      <AllowDiscount>0</AllowDiscount>
      <itemStatus>1</itemStatus>
      <LastUpdateDate />
      <LastUpdateTime />
    </Product>
    <Product>
      <PriceUpdateDate>2019/07/29 13:00</PriceUpdateDate>
      <ItemCode>7290012030574</ItemCode>
      <ItemType>1</ItemType>
      <ItemName>ל.מ.פורוורד בודד</ItemName>
      <ManufactureName>פיליפ מוריס בעמ</ManufactureName>
      <ManufactureCountry />
      <ManufactureItemDescription />
      <UnitQty>יח`</UnitQty>
      <Quantity>1</Quantity>
      <UnitMeasure />
      <BisWeighted>0</BisWeighted>
      <QtyInPackage>1</QtyInPackage>
      <ItemPrice>28</ItemPrice>
      <UnitOfMeasurePrice>28</UnitOfMeasurePrice>
      <AllowDiscount>0</AllowDiscount>
      <itemStatus>1</itemStatus>
      <LastUpdateDate />
      <LastUpdateTime />
    </Product>
    <Product>
      <PriceUpdateDate>2019/11/22 08:57</PriceUpdateDate>
      <ItemCode>7290012040092</ItemCode>
      <ItemType>1</ItemType>
      <ItemName>מרלבורו פיין  טאצ`פאקט) (10</ItemName>
      <ManufactureName>פיליפ מוריס בעמ</ManufactureName>
      <ManufactureCountry />
      <ManufactureItemDescription />
      <UnitQty>יח`</UnitQty>
      <Quantity>1</Quantity>
      <UnitMeasure />
      <BisWeighted>0</BisWeighted>
      <QtyInPackage>1</QtyInPackage>
      <ItemPrice>285</ItemPrice>
      <UnitOfMeasurePrice>285</UnitOfMeasurePrice>
      <AllowDiscount>0</AllowDiscount>
      <itemStatus>1</itemStatus>
      <LastUpdateDate />
      <LastUpdateTime />
    </Product>
    <Product>
      <PriceUpdateDate>2019/11/22 08:57</PriceUpdateDate>
      <ItemCode>7290012040252</ItemCode>
      <ItemType>1</ItemType>
      <ItemName>מרלבורו גולד פאקט) (10 חדש</ItemName>
      <ManufactureName>פיליפ מוריס בעמ</ManufactureName>
      <ManufactureCountry />
      <ManufactureItemDescription />
      <UnitQty>יח`</UnitQty>
      <Quantity>1</Quantity>
      <UnitMeasure />
      <BisWeighted>0</BisWeighted>
      <QtyInPackage>1</QtyInPackage>
      <ItemPrice>320</ItemPrice>
      <UnitOfMeasurePrice>320</UnitOfMeasurePrice>
      <AllowDiscount>0</AllowDiscount>
      <itemStatus>1</itemStatus>
      <LastUpdateDate />
      <LastUpdateTime />
    </Product>
    <Product>
      <PriceUpdateDate>2020/02/14 07:53</PriceUpdateDate>
      <ItemCode>7290012052910</ItemCode>
      <ItemType>1</ItemType>
      <ItemName>רפאל`ס חטיף שבעה דגנים תפוח קינמון 140</ItemName>
      <ManufactureName>כרמית תעשיות ממתקים בעמ</ManufactureName>
      <ManufactureCountry />
      <ManufactureItemDescription />
      <UnitQty>יח`</UnitQty>
      <Quantity>1.40</Quantity>
      <UnitMeasure>100 גרם</UnitMeasure>
      <BisWeighted>0</BisWeighted>
      <QtyInPackage>1</QtyInPackage>
      <ItemPrice>9.90</ItemPrice>
      <UnitOfMeasurePrice>7.07</UnitOfMeasurePrice>
      <AllowDiscount>1</AllowDiscount>
      <itemStatus>1</itemStatus>
      <LastUpdateDate />
      <LastUpdateTime />
    </Product>
    <Product>
      <PriceUpdateDate>2018/07/08 11:12</PriceUpdateDate>
      <ItemCode>7290012116612</ItemCode>
      <ItemType>1</ItemType>
      <ItemName>מברשת שיניים אורביטול (4)</ItemName>
      <ManufactureName>החברה הדרומית לשיווק בעמ</ManufactureName>
      <ManufactureCountry />
      <ManufactureItemDescription />
      <UnitQty>יח`</UnitQty>
      <Quantity>1</Quantity>
      <UnitMeasure />
      <BisWeighted>0</BisWeighted>
      <QtyInPackage>1</QtyInPackage>
      <ItemPrice>11.90</ItemPrice>
      <UnitOfMeasurePrice>11.90</UnitOfMeasurePrice>
      <AllowDiscount>1</AllowDiscount>
      <itemStatus>1</itemStatus>
      <LastUpdateDate />
      <LastUpdateTime />
    </Product>
    <Product>
      <PriceUpdateDate>2019/01/07 10:57</PriceUpdateDate>
      <ItemCode>7290012117275</ItemCode>
      <ItemType>1</ItemType>
      <ItemName>סנוקליר שקית מילוי 750 מל</ItemName>
      <ManufactureName>החברה הדרומית לשיווק בעמ</ManufactureName>
      <ManufactureCountry />
      <ManufactureItemDescription />
      <UnitQty>יח`</UnitQty>
      <Quantity>7.50</Quantity>
      <UnitMeasure>100 מ"ל</UnitMeasure>
      <BisWeighted>0</BisWeighted>
      <QtyInPackage>1</QtyInPackage>
      <ItemPrice>7.90</ItemPrice>
      <UnitOfMeasurePrice>1.05</UnitOfMeasurePrice>
      <AllowDiscount>1</AllowDiscount>
      <itemStatus>1</itemStatus>
      <LastUpdateDate />
      <LastUpdateTime />
    </Product>
    <Product>
      <PriceUpdateDate>2019/04/24 11:52</PriceUpdateDate>
      <ItemCode>7290012117350</ItemCode>
      <ItemType>1</ItemType>
      <ItemName>ריצפז פרש 2 ליטר לילך</ItemName>
      <ManufactureName>החברה הדרומית לשיווק בעמ</ManufactureName>
      <ManufactureCountry />
      <ManufactureItemDescription />
      <UnitQty>יח`</UnitQty>
      <Quantity>2</Quantity>
      <UnitMeasure>1 ליטר</UnitMeasure>
      <BisWeighted>0</BisWeighted>
      <QtyInPackage>1</QtyInPackage>
      <ItemPrice>21.90</ItemPrice>
      <UnitOfMeasurePrice>10.95</UnitOfMeasurePrice>
      <AllowDiscount>1</AllowDiscount>
      <itemStatus>1</itemStatus>
      <LastUpdateDate />
      <LastUpdateTime />
    </Product>
    <Product>
      <PriceUpdateDate>2018/04/24 09:13</PriceUpdateDate>
      <ItemCode>7290012117411</ItemCode>
      <ItemType>1</ItemType>
      <ItemName>קרמה ג`ל רחצה לגבר 700 מל כתום</ItemName>
      <ManufactureName>החברה הדרומית לשיווק בעמ</ManufactureName>
      <ManufactureCountry />
      <ManufactureItemDescription />
      <UnitQty>יח`</UnitQty>
      <Quantity>7</Quantity>
      <UnitMeasure>100 מ"ל</UnitMeasure>
      <BisWeighted>0</BisWeighted>
      <QtyInPackage>1</QtyInPackage>
      <ItemPrice>20.90</ItemPrice>
      <UnitOfMeasurePrice>2.99</UnitOfMeasurePrice>
      <AllowDiscount>0</AllowDiscount>
      <itemStatus>1</itemStatus>
      <LastUpdateDate />
      <LastUpdateTime />
    </Product>
    <Product>
      <PriceUpdateDate>2018/04/24 09:13</PriceUpdateDate>
      <ItemCode>7290012117435</ItemCode>
      <ItemType>1</ItemType>
      <ItemName>קרמה ג`ל רחצה לגבר 700 מל</ItemName>
      <ManufactureName>החברה הדרומית לשיווק בעמ</ManufactureName>
      <ManufactureCountry />
      <ManufactureItemDescription />
      <UnitQty>יח`</UnitQty>
      <Quantity>7</Quantity>
      <UnitMeasure>100 מ"ל</UnitMeasure>
      <BisWeighted>0</BisWeighted>
      <QtyInPackage>1</QtyInPackage>
      <ItemPrice>20.90</ItemPrice>
      <UnitOfMeasurePrice>2.99</UnitOfMeasurePrice>
      <AllowDiscount>0</AllowDiscount>
      <itemStatus>1</itemStatus>
      <LastUpdateDate />
      <LastUpdateTime />
    </Product>
    <Product>
      <PriceUpdateDate>2018/08/02 10:17</PriceUpdateDate>
      <ItemCode>7290012117534</ItemCode>
      <ItemType>1</ItemType>
      <ItemName>סנו מקסימה מרכך 1 ליטר כחול</ItemName>
      <ManufactureName>החברה הדרומית לשיווק בעמ</ManufactureName>
      <ManufactureCountry />
      <ManufactureItemDescription />
      <UnitQty>יח`</UnitQty>
      <Quantity>10</Quantity>
      <UnitMeasure>100 מ"ל</UnitMeasure>
      <BisWeighted>0</BisWeighted>
      <QtyInPackage>1</QtyInPackage>
      <ItemPrice>17.90</ItemPrice>
      <UnitOfMeasurePrice>1.79</UnitOfMeasurePrice>
      <AllowDiscount>1</AllowDiscount>
      <itemStatus>1</itemStatus>
      <LastUpdateDate />
      <LastUpdateTime />
    </Product>
    <Product>
      <PriceUpdateDate>2018/08/02 10:17</PriceUpdateDate>
      <ItemCode>7290012117558</ItemCode>
      <ItemType>1</ItemType>
      <ItemName>סנו מקסימה מרכך 1 ליטר ורוד בהיר</ItemName>
      <ManufactureName>החברה הדרומית לשיווק בעמ</ManufactureName>
      <ManufactureCountry />
      <ManufactureItemDescription />
      <UnitQty>יח`</UnitQty>
      <Quantity>10</Quantity>
      <UnitMeasure>100 מ"ל</UnitMeasure>
      <BisWeighted>0</BisWeighted>
      <QtyInPackage>1</QtyInPackage>
      <ItemPrice>17.90</ItemPrice>
      <UnitOfMeasurePrice>1.79</UnitOfMeasurePrice>
      <AllowDiscount>0</AllowDiscount>
      <itemStatus>1</itemStatus>
      <LastUpdateDate />
      <LastUpdateTime />
    </Product>
    <Product>
      <PriceUpdateDate>2019/04/08 19:11</PriceUpdateDate>
      <ItemCode>7290012117633</ItemCode>
      <ItemType>1</ItemType>
      <ItemName>אורביטול שטיפת מי פה טעם סוכירות ג`לי</ItemName>
      <ManufactureName>החברה הדרומית לשיווק בעמ</ManufactureName>
      <ManufactureCountry />
      <ManufactureItemDescription />
      <UnitQty>יח`</UnitQty>
      <Quantity>2.50</Quantity>
      <UnitMeasure>100 מ"ל</UnitMeasure>
      <BisWeighted>0</BisWeighted>
      <QtyInPackage>1</QtyInPackage>
      <ItemPrice>9.90</ItemPrice>
      <UnitOfMeasurePrice>3.96</UnitOfMeasurePrice>
      <AllowDiscount>0</AllowDiscount>
      <itemStatus>1</itemStatus>
      <LastUpdateDate />
      <LastUpdateTime />
    </Product>
    <Product>
      <PriceUpdateDate>2019/01/30 09:36</PriceUpdateDate>
      <ItemCode>7290012117732</ItemCode>
      <ItemType>1</ItemType>
      <ItemName>סנו מקסימה 4 ליטר</ItemName>
      <ManufactureName>החברה הדרומית לשיווק בעמ</ManufactureName>
      <ManufactureCountry />
      <ManufactureItemDescription />
      <UnitQty>יח`</UnitQty>
      <Quantity>4</Quantity>
      <UnitMeasure>1 ליטר</UnitMeasure>
      <BisWeighted>0</BisWeighted>
      <QtyInPackage>1</QtyInPackage>
      <ItemPrice>19.90</ItemPrice>
      <UnitOfMeasurePrice>4.98</UnitOfMeasurePrice>
      <AllowDiscount>0</AllowDiscount>
      <itemStatus>1</itemStatus>
      <LastUpdateDate />
      <LastUpdateTime />
    </Product>
    <Product>
      <PriceUpdateDate>2018/04/24 09:13</PriceUpdateDate>
      <ItemCode>7290012117879</ItemCode>
      <ItemType>1</ItemType>
      <ItemName>סנו קליר 750 מל לחלונות</ItemName>
      <ManufactureName>החברה הדרומית לשיווק בעמ</ManufactureName>
      <ManufactureCountry />
      <ManufactureItemDescription />
      <UnitQty>יח`</UnitQty>
      <Quantity>7.50</Quantity>
      <UnitMeasure>100 מ"ל</UnitMeasure>
      <BisWeighted>0</BisWeighted>
      <QtyInPackage>1</QtyInPackage>
      <ItemPrice>13.90</ItemPrice>
      <UnitOfMeasurePrice>1.85</UnitOfMeasurePrice>
      <AllowDiscount>1</AllowDiscount>
      <itemStatus>1</itemStatus>
      <LastUpdateDate />
      <LastUpdateTime />
    </Product>
    <Product>
      <PriceUpdateDate>2018/04/24 11:30</PriceUpdateDate>
      <ItemCode>7290012117916</ItemCode>
      <ItemType>1</ItemType>
      <ItemName>סנו אינסטלטור נוזלי 1 ליטר</ItemName>
      <ManufactureName>החברה הדרומית לשיווק בעמ</ManufactureName>
      <ManufactureCountry />
      <ManufactureItemDescription />
      <UnitQty>יח`</UnitQty>
      <Quantity>1</Quantity>
      <UnitMeasure>1 ליטר</UnitMeasure>
      <BisWeighted>0</BisWeighted>
      <QtyInPackage>1</QtyInPackage>
      <ItemPrice>30.90</ItemPrice>
      <UnitOfMeasurePrice>30.90</UnitOfMeasurePrice>
      <AllowDiscount>0</AllowDiscount>
      <itemStatus>1</itemStatus>
      <LastUpdateDate />
      <LastUpdateTime />
    </Product>
    <Product>
      <PriceUpdateDate>2018/04/24 11:37</PriceUpdateDate>
      <ItemCode>7290012159275</ItemCode>
      <ItemType>1</ItemType>
      <ItemName>מיונז לינה (430 גרם)</ItemName>
      <ManufactureName>יורוסטנדרט בעמ</ManufactureName>
      <ManufactureCountry />
      <ManufactureItemDescription />
      <UnitQty>יח`</UnitQty>
      <Quantity>4.30</Quantity>
      <UnitMeasure>100 גרם</UnitMeasure>
      <BisWeighted>0</BisWeighted>
      <QtyInPackage>1</QtyInPackage>
      <ItemPrice>10</ItemPrice>
      <UnitOfMeasurePrice>2.33</UnitOfMeasurePrice>
      <AllowDiscount>1</AllowDiscount>
      <itemStatus>1</itemStatus>
      <LastUpdateDate />
      <LastUpdateTime />
    </Product>
    <Product>
      <PriceUpdateDate>2018/04/24 11:37</PriceUpdateDate>
      <ItemCode>7290012159329</ItemCode>
      <ItemType>1</ItemType>
      <ItemName>מיונז לינה 860 גר`</ItemName>
      <ManufactureName>יורוסטנדרט בעמ</ManufactureName>
      <ManufactureCountry />
      <ManufactureItemDescription />
      <UnitQty>יח`</UnitQty>
      <Quantity>8.60</Quantity>
      <UnitMeasure>100 גרם</UnitMeasure>
      <BisWeighted>0</BisWeighted>
      <QtyInPackage>1</QtyInPackage>
      <ItemPrice>18</ItemPrice>
      <UnitOfMeasurePrice>2.09</UnitOfMeasurePrice>
      <AllowDiscount>1</AllowDiscount>
      <itemStatus>1</itemStatus>
      <LastUpdateDate />
      <LastUpdateTime />
    </Product>
    <Product>
      <PriceUpdateDate>2019/10/30 10:26</PriceUpdateDate>
      <ItemCode>7290012193125</ItemCode>
      <ItemType>1</ItemType>
      <ItemName>סוכרלוז טבליות מרמולייט) (150</ItemName>
      <ManufactureName>דנשר (1963) בעמ</ManufactureName>
      <ManufactureCountry />
      <ManufactureItemDescription />
      <UnitQty>יח`</UnitQty>
      <Quantity>1.50</Quantity>
      <UnitMeasure>100 גרם</UnitMeasure>
      <BisWeighted>0</BisWeighted>
      <QtyInPackage>1</QtyInPackage>
      <ItemPrice>32.90</ItemPrice>
      <UnitOfMeasurePrice>21.93</UnitOfMeasurePrice>
      <AllowDiscount>0</AllowDiscount>
      <itemStatus>1</itemStatus>
      <LastUpdateDate />
      <LastUpdateTime />
    </Product>
    <Product>
      <PriceUpdateDate>2018/04/24 11:23</PriceUpdateDate>
      <ItemCode>7290012193163</ItemCode>
      <ItemType>1</ItemType>
      <ItemName>אל סבון פרחי בר ורוד פמילי (1 ליטר)</ItemName>
      <ManufactureName>דנשר (1963) בעמ</ManufactureName>
      <ManufactureCountry />
      <ManufactureItemDescription />
      <UnitQty>יח`</UnitQty>
      <Quantity>10</Quantity>
      <UnitMeasure>100 גרם</UnitMeasure>
      <BisWeighted>0</BisWeighted>
      <QtyInPackage>1</QtyInPackage>
      <ItemPrice>14.90</ItemPrice>
      <UnitOfMeasurePrice>1.49</UnitOfMeasurePrice>
      <AllowDiscount>1</AllowDiscount>
      <itemStatus>1</itemStatus>
      <LastUpdateDate />
      <LastUpdateTime />
    </Product>
    <Product>
      <PriceUpdateDate>2019/07/02 10:20</PriceUpdateDate>
      <ItemCode>7290012193170</ItemCode>
      <ItemType>1</ItemType>
      <ItemName>אל סבון פמילי שלישייה מעורב פרלי</ItemName>
      <ManufactureName>דנשר (1963) בעמ</ManufactureName>
      <ManufactureCountry />
      <ManufactureItemDescription />
      <UnitQty>יח`</UnitQty>
      <Quantity>1</Quantity>
      <UnitMeasure />
      <BisWeighted>0</BisWeighted>
      <QtyInPackage>1</QtyInPackage>
      <ItemPrice>15.90</ItemPrice>
      <UnitOfMeasurePrice>15.90</UnitOfMeasurePrice>
      <AllowDiscount>0</AllowDiscount>
      <itemStatus>1</itemStatus>
      <LastUpdateDate />
      <LastUpdateTime />
    </Product>
    <Product>
      <PriceUpdateDate>2018/04/24 09:21</PriceUpdateDate>
      <ItemCode>7290012226021</ItemCode>
      <ItemType>1</ItemType>
      <ItemName>נקניק סלמי מעושן פראג זוגלובק (400 גרם)</ItemName>
      <ManufactureName>זוגלובק שיווק בעמ</ManufactureName>
      <ManufactureCountry />
      <ManufactureItemDescription />
      <UnitQty>יח`</UnitQty>
      <Quantity>4</Quantity>
      <UnitMeasure>100 גרם</UnitMeasure>
      <BisWeighted>0</BisWeighted>
      <QtyInPackage>1</QtyInPackage>
      <ItemPrice>21.90</ItemPrice>
      <UnitOfMeasurePrice>5.48</UnitOfMeasurePrice>
      <AllowDiscount>0</AllowDiscount>
      <itemStatus>1</itemStatus>
      <LastUpdateDate />
      <LastUpdateTime />
    </Product>
    <Product>
      <PriceUpdateDate>2018/08/01 13:48</PriceUpdateDate>
      <ItemCode>7290012226120</ItemCode>
      <ItemType>1</ItemType>
      <ItemName>קבנוס זוגלובק (45x3 גרם)</ItemName>
      <ManufactureName>זוגלובק שיווק בעמ</ManufactureName>
      <ManufactureCountry />
      <ManufactureItemDescription />
      <UnitQty>יח`</UnitQty>
      <Quantity>1.35</Quantity>
      <UnitMeasure>100 גרם</UnitMeasure>
      <BisWeighted>0</BisWeighted>
      <QtyInPackage>1</QtyInPackage>
      <ItemPrice>11.90</ItemPrice>
      <UnitOfMeasurePrice>8.81</UnitOfMeasurePrice>
      <AllowDiscount>1</AllowDiscount>
      <itemStatus>1</itemStatus>
      <LastUpdateDate />
      <LastUpdateTime />
    </Product>
    <Product>
      <PriceUpdateDate>2020/04/26 12:41</PriceUpdateDate>
      <ItemCode>7290012226342</ItemCode>
      <ItemType>1</ItemType>
      <ItemName>נקניקיה מן הצומח עשירה בחלבון 460  גר`זו</ItemName>
      <ManufactureName>זוגלובק שיווק בעמ</ManufactureName>
      <ManufactureCountry />
      <ManufactureItemDescription />
      <UnitQty>יח`</UnitQty>
      <Quantity>4.60</Quantity>
      <UnitMeasure>100 גרם</UnitMeasure>
      <BisWeighted>0</BisWeighted>
      <QtyInPackage>1</QtyInPackage>
      <ItemPrice>27.90</ItemPrice>
      <UnitOfMeasurePrice>6.07</UnitOfMeasurePrice>
      <AllowDiscount>0</AllowDiscount>
      <itemStatus>1</itemStatus>
      <LastUpdateDate />
      <LastUpdateTime />
    </Product>
    <Product>
      <PriceUpdateDate>2020/04/26 12:41</PriceUpdateDate>
      <ItemCode>7290012226762</ItemCode>
      <ItemType>1</ItemType>
      <ItemName>בורגר פטריות עדשים וקינואה 450  גר`זוגלו</ItemName>
      <ManufactureName>זוגלובק שיווק בעמ</ManufactureName>
      <ManufactureCountry />
      <ManufactureItemDescription />
      <UnitQty>יח`</UnitQty>
      <Quantity>4.50</Quantity>
      <UnitMeasure>100 גרם</UnitMeasure>
      <BisWeighted>0</BisWeighted>
      <QtyInPackage>1</QtyInPackage>
      <ItemPrice>27.90</ItemPrice>
      <UnitOfMeasurePrice>6.20</UnitOfMeasurePrice>
      <AllowDiscount>0</AllowDiscount>
      <itemStatus>1</itemStatus>
      <LastUpdateDate />
      <LastUpdateTime />
    </Product>
    <Product>
      <PriceUpdateDate>2020/04/26 12:41</PriceUpdateDate>
      <ItemCode>7290012226816</ItemCode>
      <ItemType>1</ItemType>
      <ItemName>שניצל דק דק מן הצומח עשיר 540  גר`זוגלוב</ItemName>
      <ManufactureName>זוגלובק שיווק בעמ</ManufactureName>
      <ManufactureCountry />
      <ManufactureItemDescription />
      <UnitQty>יח`</UnitQty>
      <Quantity>5.40</Quantity>
      <UnitMeasure>100 גרם</UnitMeasure>
      <BisWeighted>0</BisWeighted>
      <QtyInPackage>1</QtyInPackage>
      <ItemPrice>27.90</ItemPrice>
      <UnitOfMeasurePrice>5.17</UnitOfMeasurePrice>
      <AllowDiscount>0</AllowDiscount>
      <itemStatus>1</itemStatus>
      <LastUpdateDate />
      <LastUpdateTime />
    </Product>
    <Product>
      <PriceUpdateDate>2018/04/24 09:21</PriceUpdateDate>
      <ItemCode>7290012226922</ItemCode>
      <ItemType>1</ItemType>
      <ItemName>קבנוס בטעם שום זוגלובק (45x3 גרם)</ItemName>
      <ManufactureName>זוגלובק שיווק בעמ</ManufactureName>
      <ManufactureCountry />
      <ManufactureItemDescription />
      <UnitQty>יח`</UnitQty>
      <Quantity>1.35</Quantity>
      <UnitMeasure>100 גרם</UnitMeasure>
      <BisWeighted>0</BisWeighted>
      <QtyInPackage>1</QtyInPackage>
      <ItemPrice>11.90</ItemPrice>
      <UnitOfMeasurePrice>8.81</UnitOfMeasurePrice>
      <AllowDiscount>1</AllowDiscount>
      <itemStatus>1</itemStatus>
      <LastUpdateDate />
      <LastUpdateTime />
    </Product>
    <Product>
      <PriceUpdateDate>2018/04/24 09:21</PriceUpdateDate>
      <ItemCode>7290012226939</ItemCode>
      <ItemType>1</ItemType>
      <ItemName>קבנוס 135 גר` עם צ`ילי חריף זוגלובק</ItemName>
      <ManufactureName>זוגלובק שיווק בעמ</ManufactureName>
      <ManufactureCountry />
      <ManufactureItemDescription />
      <UnitQty>יח`</UnitQty>
      <Quantity>1.35</Quantity>
      <UnitMeasure>100 גרם</UnitMeasure>
      <BisWeighted>0</BisWeighted>
      <QtyInPackage>1</QtyInPackage>
      <ItemPrice>11.90</ItemPrice>
      <UnitOfMeasurePrice>8.81</UnitOfMeasurePrice>
      <AllowDiscount>1</AllowDiscount>
      <itemStatus>1</itemStatus>
      <LastUpdateDate />
      <LastUpdateTime />
    </Product>
    <Product>
      <PriceUpdateDate>2018/04/24 09:21</PriceUpdateDate>
      <ItemCode>7290012226946</ItemCode>
      <ItemType>1</ItemType>
      <ItemName>קבנוס בטעם בצל זוגלובק (45x3 גרם)</ItemName>
      <ManufactureName>זוגלובק שיווק בעמ</ManufactureName>
      <ManufactureCountry />
      <ManufactureItemDescription />
      <UnitQty>יח`</UnitQty>
      <Quantity>1.35</Quantity>
      <UnitMeasure>100 גרם</UnitMeasure>
      <BisWeighted>0</BisWeighted>
      <QtyInPackage>1</QtyInPackage>
      <ItemPrice>11.90</ItemPrice>
      <UnitOfMeasurePrice>8.81</UnitOfMeasurePrice>
      <AllowDiscount>1</AllowDiscount>
      <itemStatus>1</itemStatus>
      <LastUpdateDate />
      <LastUpdateTime />
    </Product>
    <Product>
      <PriceUpdateDate>2019/10/30 10:26</PriceUpdateDate>
      <ItemCode>7290012227325</ItemCode>
      <ItemType>1</ItemType>
      <ItemName>סלמי מעושן דק דק 120 גר` זוגלובק</ItemName>
      <ManufactureName>זוגלובק שיווק בעמ</ManufactureName>
      <ManufactureCountry />
      <ManufactureItemDescription />
      <UnitQty>יח`</UnitQty>
      <Quantity>1.20</Quantity>
      <UnitMeasure>100 גרם</UnitMeasure>
      <BisWeighted>0</BisWeighted>
      <QtyInPackage>1</QtyInPackage>
      <ItemPrice>13.50</ItemPrice>
      <UnitOfMeasurePrice>11.25</UnitOfMeasurePrice>
      <AllowDiscount>1</AllowDiscount>
      <itemStatus>1</itemStatus>
      <LastUpdateDate />
      <LastUpdateTime />
    </Product>
    <Product>
      <PriceUpdateDate>2018/04/24 12:17</PriceUpdateDate>
      <ItemCode>7290012227691</ItemCode>
      <ItemType>1</ItemType>
      <ItemName>זוגלובק סלמי פפרוני 360 ג</ItemName>
      <ManufactureName>זוגלובק שיווק בעמ</ManufactureName>
      <ManufactureCountry />
      <ManufactureItemDescription />
      <UnitQty>יח`</UnitQty>
      <Quantity>3.60</Quantity>
      <UnitMeasure>100 גרם</UnitMeasure>
      <BisWeighted>0</BisWeighted>
      <QtyInPackage>1</QtyInPackage>
      <ItemPrice>19.90</ItemPrice>
      <UnitOfMeasurePrice>5.53</UnitOfMeasurePrice>
      <AllowDiscount>0</AllowDiscount>
      <itemStatus>1</itemStatus>
      <LastUpdateDate />
      <LastUpdateTime />
    </Product>
    <Product>
      <PriceUpdateDate>2018/04/24 12:41</PriceUpdateDate>
      <ItemCode>7290012227912</ItemCode>
      <ItemType>1</ItemType>
      <ItemName>קבנוס מעודן 135 גרם</ItemName>
      <ManufactureName>זוגלובק שיווק בעמ</ManufactureName>
      <ManufactureCountry />
      <ManufactureItemDescription />
      <UnitQty>יח`</UnitQty>
      <Quantity>1.35</Quantity>
      <UnitMeasure>100 גרם</UnitMeasure>
      <BisWeighted>0</BisWeighted>
      <QtyInPackage>1</QtyInPackage>
      <ItemPrice>10.90</ItemPrice>
      <UnitOfMeasurePrice>8.07</UnitOfMeasurePrice>
      <AllowDiscount>1</AllowDiscount>
      <itemStatus>1</itemStatus>
      <LastUpdateDate />
      <LastUpdateTime />
    </Product>
    <Product>
      <PriceUpdateDate>2019/10/30 10:26</PriceUpdateDate>
      <ItemCode>7290012227974</ItemCode>
      <ItemType>1</ItemType>
      <ItemName>פסטרמה בדבש 120 גר` זוגלובק</ItemName>
      <ManufactureName>זוגלובק שיווק בעמ</ManufactureName>
      <ManufactureCountry />
      <ManufactureItemDescription />
      <UnitQty>יח`</UnitQty>
      <Quantity>1.20</Quantity>
      <UnitMeasure>100 גרם</UnitMeasure>
      <BisWeighted>0</BisWeighted>
      <QtyInPackage>1</QtyInPackage>
      <ItemPrice>13.50</ItemPrice>
      <UnitOfMeasurePrice>11.25</UnitOfMeasurePrice>
      <AllowDiscount>1</AllowDiscount>
      <itemStatus>1</itemStatus>
      <LastUpdateDate />
      <LastUpdateTime />
    </Product>
    <Product>
      <PriceUpdateDate>2019/10/30 10:26</PriceUpdateDate>
      <ItemCode>7290012227981</ItemCode>
      <ItemType>1</ItemType>
      <ItemName>פסטרמה ברביקין 120 גר` זוגלובק</ItemName>
      <ManufactureName>זוגלובק שיווק בעמ</ManufactureName>
      <ManufactureCountry />
      <ManufactureItemDescription />
      <UnitQty>יח`</UnitQty>
      <Quantity>1.20</Quantity>
      <UnitMeasure>100 גרם</UnitMeasure>
      <BisWeighted>0</BisWeighted>
      <QtyInPackage>1</QtyInPackage>
      <ItemPrice>13.50</ItemPrice>
      <UnitOfMeasurePrice>11.25</UnitOfMeasurePrice>
      <AllowDiscount>1</AllowDiscount>
      <itemStatus>1</itemStatus>
      <LastUpdateDate />
      <LastUpdateTime />
    </Product>
    <Product>
      <PriceUpdateDate>2019/10/30 10:26</PriceUpdateDate>
      <ItemCode>7290012227998</ItemCode>
      <ItemType>1</ItemType>
      <ItemName>חזה בקר 120 גר` זוגלובק</ItemName>
      <ManufactureName>זוגלובק שיווק בעמ</ManufactureName>
      <ManufactureCountry />
      <ManufactureItemDescription />
      <UnitQty>יח`</UnitQty>
      <Quantity>1.20</Quantity>
      <UnitMeasure>100 גרם</UnitMeasure>
      <BisWeighted>0</BisWeighted>
      <QtyInPackage>1</QtyInPackage>
      <ItemPrice>13.50</ItemPrice>
      <UnitOfMeasurePrice>11.25</UnitOfMeasurePrice>
      <AllowDiscount>1</AllowDiscount>
      <itemStatus>1</itemStatus>
      <LastUpdateDate />
      <LastUpdateTime />
    </Product>
    <Product>
      <PriceUpdateDate>2018/04/24 13:12</PriceUpdateDate>
      <ItemCode>7290012228124</ItemCode>
      <ItemType>1</ItemType>
      <ItemName>קבנוס סטיקס 50 גר` זוגלובק</ItemName>
      <ManufactureName>זוגלובק שיווק בעמ</ManufactureName>
      <ManufactureCountry />
      <ManufactureItemDescription />
      <UnitQty>יח`</UnitQty>
      <Quantity>0.50</Quantity>
      <UnitMeasure>100 גרם</UnitMeasure>
      <BisWeighted>0</BisWeighted>
      <QtyInPackage>1</QtyInPackage>
      <ItemPrice>9.90</ItemPrice>
      <UnitOfMeasurePrice>19.80</UnitOfMeasurePrice>
      <AllowDiscount>1</AllowDiscount>
      <itemStatus>1</itemStatus>
      <LastUpdateDate />
      <LastUpdateTime />
    </Product>
    <Product>
      <PriceUpdateDate>2018/04/24 13:13</PriceUpdateDate>
      <ItemCode>7290012228193</ItemCode>
      <ItemType>1</ItemType>
      <ItemName>בורקס מיני תפוח אדמה 400 גר` זוגלובק</ItemName>
      <ManufactureName>זוגלובק שיווק בעמ</ManufactureName>
      <ManufactureCountry />
      <ManufactureItemDescription />
      <UnitQty>יח`</UnitQty>
      <Quantity>4</Quantity>
      <UnitMeasure>100 גרם</UnitMeasure>
      <BisWeighted>0</BisWeighted>
      <QtyInPackage>1</QtyInPackage>
      <ItemPrice>11.90</ItemPrice>
      <UnitOfMeasurePrice>2.98</UnitOfMeasurePrice>
      <AllowDiscount>1</AllowDiscount>
      <itemStatus>1</itemStatus>
      <LastUpdateDate />
      <LastUpdateTime />
    </Product>
    <Product>
      <PriceUpdateDate>2019/10/30 10:26</PriceUpdateDate>
      <ItemCode>7290012228230</ItemCode>
      <ItemType>1</ItemType>
      <ItemName>פטרמה חזה עוף 120 גר` זוגלובק</ItemName>
      <ManufactureName>זוגלובק שיווק בעמ</ManufactureName>
      <ManufactureCountry />
      <ManufactureItemDescription />
      <UnitQty>יח`</UnitQty>
      <Quantity>1.20</Quantity>
      <UnitMeasure>100 גרם</UnitMeasure>
      <BisWeighted>0</BisWeighted>
      <QtyInPackage>1</QtyInPackage>
      <ItemPrice>13.50</ItemPrice>
      <UnitOfMeasurePrice>11.25</UnitOfMeasurePrice>
      <AllowDiscount>1</AllowDiscount>
      <itemStatus>1</itemStatus>
      <LastUpdateDate />
      <LastUpdateTime />
    </Product>
    <Product>
      <PriceUpdateDate>2018/06/07 10:27</PriceUpdateDate>
      <ItemCode>7290012228520</ItemCode>
      <ItemType>1</ItemType>
      <ItemName>ריבועי בצק עלים 400 גר` זוגלובק מיקי שמו</ItemName>
      <ManufactureName>זוגלובק שיווק בעמ</ManufactureName>
      <ManufactureCountry />
      <ManufactureItemDescription />
      <UnitQty>יח`</UnitQty>
      <Quantity>4</Quantity>
      <UnitMeasure>100 גרם</UnitMeasure>
      <BisWeighted>0</BisWeighted>
      <QtyInPackage>1</QtyInPackage>
      <ItemPrice>14.90</ItemPrice>
      <UnitOfMeasurePrice>3.73</UnitOfMeasurePrice>
      <AllowDiscount>0</AllowDiscount>
      <itemStatus>1</itemStatus>
      <LastUpdateDate />
      <LastUpdateTime />
    </Product>
    <Product>
      <PriceUpdateDate>2019/11/26 17:51</PriceUpdateDate>
      <ItemCode>7290012228742</ItemCode>
      <ItemType>1</ItemType>
      <ItemName>נקניקיות מרגז קפואות זוגלובק (450 גרם)</ItemName>
      <ManufactureName>זוגלובק שיווק בעמ</ManufactureName>
      <ManufactureCountry />
      <ManufactureItemDescription />
      <UnitQty>יח`</UnitQty>
      <Quantity>4.50</Quantity>
      <UnitMeasure>100 גרם</UnitMeasure>
      <BisWeighted>0</BisWeighted>
      <QtyInPackage>1</QtyInPackage>
      <ItemPrice>29.90</ItemPrice>
      <UnitOfMeasurePrice>6.64</UnitOfMeasurePrice>
      <AllowDiscount>1</AllowDiscount>
      <itemStatus>1</itemStatus>
      <LastUpdateDate />
      <LastUpdateTime />
    </Product>
    <Product>
      <PriceUpdateDate>2020/01/05 14:14</PriceUpdateDate>
      <ItemCode>7290012228841</ItemCode>
      <ItemType>1</ItemType>
      <ItemName>אקטיב פסטרמה הודו בדבש 125 גר זוגלובק</ItemName>
      <ManufactureName>זוגלובק שיווק בעמ</ManufactureName>
      <ManufactureCountry />
      <ManufactureItemDescription />
      <UnitQty>יח`</UnitQty>
      <Quantity>1.25</Quantity>
      <UnitMeasure>100 גרם</UnitMeasure>
      <BisWeighted>0</BisWeighted>
      <QtyInPackage>1</QtyInPackage>
      <ItemPrice>16.90</ItemPrice>
      <UnitOfMeasurePrice>13.52</UnitOfMeasurePrice>
      <AllowDiscount>0</AllowDiscount>
      <itemStatus>1</itemStatus>
      <LastUpdateDate />
      <LastUpdateTime />
    </Product>
    <Product>
      <PriceUpdateDate>2018/04/24 09:43</PriceUpdateDate>
      <ItemCode>7290012309939</ItemCode>
      <ItemType>1</ItemType>
      <ItemName>חלבה מסולסלת</ItemName>
      <ManufactureName>דין שיווק וקליה בעמ</ManufactureName>
      <ManufactureCountry />
      <ManufactureItemDescription />
      <UnitQty>יח`</UnitQty>
      <Quantity>5</Quantity>
      <UnitMeasure>100 גרם</UnitMeasure>
      <BisWeighted>0</BisWeighted>
      <QtyInPackage>1</QtyInPackage>
      <ItemPrice>14.90</ItemPrice>
      <UnitOfMeasurePrice>2.98</UnitOfMeasurePrice>
      <AllowDiscount>0</AllowDiscount>
      <itemStatus>1</itemStatus>
      <LastUpdateDate />
      <LastUpdateTime />
    </Product>
    <Product>
      <PriceUpdateDate>2018/04/24 11:02</PriceUpdateDate>
      <ItemCode>7290012313141</ItemCode>
      <ItemType>1</ItemType>
      <ItemName>מלפפון פרוסות במלח</ItemName>
      <ManufactureName>קבוצת יבנה מוצרי מזון אגודה שי</ManufactureName>
      <ManufactureCountry />
      <ManufactureItemDescription />
      <UnitQty>יח`</UnitQty>
      <Quantity>5.40</Quantity>
      <UnitMeasure>100 גרם</UnitMeasure>
      <BisWeighted>0</BisWeighted>
      <QtyInPackage>1</QtyInPackage>
      <ItemPrice>6.90</ItemPrice>
      <UnitOfMeasurePrice>1.28</UnitOfMeasurePrice>
      <AllowDiscount>1</AllowDiscount>
      <itemStatus>1</itemStatus>
      <LastUpdateDate />
      <LastUpdateTime />
    </Product>
    <Product>
      <PriceUpdateDate>2018/04/24 12:24</PriceUpdateDate>
      <ItemCode>7290012313547</ItemCode>
      <ItemType>1</ItemType>
      <ItemName>זיתים קלמטה בחומץ יין</ItemName>
      <ManufactureName>קבוצת יבנה מוצרי מזון אגודה שי</ManufactureName>
      <ManufactureCountry />
      <ManufactureItemDescription />
      <UnitQty>יח`</UnitQty>
      <Quantity>5.60</Quantity>
      <UnitMeasure>100 גרם</UnitMeasure>
      <BisWeighted>0</BisWeighted>
      <QtyInPackage>1</QtyInPackage>
      <ItemPrice>9.90</ItemPrice>
      <UnitOfMeasurePrice>1.77</UnitOfMeasurePrice>
      <AllowDiscount>0</AllowDiscount>
      <itemStatus>1</itemStatus>
      <LastUpdateDate />
      <LastUpdateTime />
    </Product>
    <Product>
      <PriceUpdateDate>2018/04/24 10:37</PriceUpdateDate>
      <ItemCode>7290012367700</ItemCode>
      <ItemType>1</ItemType>
      <ItemName>אפקטיב קר קרם גוף 700 מל</ItemName>
      <ManufactureName>פישר תעשיות פרמצבטיות בעמ</ManufactureName>
      <ManufactureCountry />
      <ManufactureItemDescription />
      <UnitQty>יח`</UnitQty>
      <Quantity>7</Quantity>
      <UnitMeasure>100 מ"ל</UnitMeasure>
      <BisWeighted>0</BisWeighted>
      <QtyInPackage>1</QtyInPackage>
      <ItemPrice>29.90</ItemPrice>
      <UnitOfMeasurePrice>4.27</UnitOfMeasurePrice>
      <AllowDiscount>0</AllowDiscount>
      <itemStatus>1</itemStatus>
      <LastUpdateDate />
      <LastUpdateTime />
    </Product>
    <Product>
      <PriceUpdateDate>2019/01/14 09:58</PriceUpdateDate>
      <ItemCode>7290012404160</ItemCode>
      <ItemType>1</ItemType>
      <ItemName>שוופס מוגז פירות אשכולית אדומה 1.5 ליטר</ItemName>
      <ManufactureName>יפאורה</ManufactureName>
      <ManufactureCountry />
      <ManufactureItemDescription />
      <UnitQty>יח`</UnitQty>
      <Quantity>1.50</Quantity>
      <UnitMeasure>1 ליטר</UnitMeasure>
      <BisWeighted>0</BisWeighted>
      <QtyInPackage>1</QtyInPackage>
      <ItemPrice>6.90</ItemPrice>
      <UnitOfMeasurePrice>4.60</UnitOfMeasurePrice>
      <AllowDiscount>1</AllowDiscount>
      <itemStatus>1</itemStatus>
      <LastUpdateDate />
      <LastUpdateTime />
    </Product>
    <Product>
      <PriceUpdateDate>2018/04/24 10:20</PriceUpdateDate>
      <ItemCode>7290012404238</ItemCode>
      <ItemType>1</ItemType>
      <ItemName>משקה ראשן שוופס (1.5 ליטר)</ItemName>
      <ManufactureName>יפאורה</ManufactureName>
      <ManufactureCountry />
      <ManufactureItemDescription />
      <UnitQty>יח`</UnitQty>
      <Quantity>15</Quantity>
      <UnitMeasure>100 מ"ל</UnitMeasure>
      <BisWeighted>0</BisWeighted>
      <QtyInPackage>1</QtyInPackage>
      <ItemPrice>9.90</ItemPrice>
      <UnitOfMeasurePrice>0.66</UnitOfMeasurePrice>
      <AllowDiscount>0</AllowDiscount>
      <itemStatus>1</itemStatus>
      <LastUpdateDate />
      <LastUpdateTime />
    </Product>
    <Product>
      <PriceUpdateDate>2019/03/24 20:17</PriceUpdateDate>
      <ItemCode>7290012404283</ItemCode>
      <ItemType>1</ItemType>
      <ItemName>משקה קל מנגו עסיסי תפוזינה (1.5 ליטר)</ItemName>
      <ManufactureName>יפאורה</ManufactureName>
      <ManufactureCountry />
      <ManufactureItemDescription />
      <UnitQty>יח`</UnitQty>
      <Quantity>15</Quantity>
      <UnitMeasure>100 מ"ל</UnitMeasure>
      <BisWeighted>0</BisWeighted>
      <QtyInPackage>1</QtyInPackage>
      <ItemPrice>6.50</ItemPrice>
      <UnitOfMeasurePrice>0.43</UnitOfMeasurePrice>
      <AllowDiscount>1</AllowDiscount>
      <itemStatus>1</itemStatus>
      <LastUpdateDate />
      <LastUpdateTime />
    </Product>
    <Product>
      <PriceUpdateDate>2019/01/14 09:58</PriceUpdateDate>
      <ItemCode>7290012404320</ItemCode>
      <ItemType>1</ItemType>
      <ItemName>משקה קל ענבים ספרינג (1.5 ליטר)</ItemName>
      <ManufactureName>יפאורה</ManufactureName>
      <ManufactureCountry />
      <ManufactureItemDescription />
      <UnitQty>יח`</UnitQty>
      <Quantity>15</Quantity>
      <UnitMeasure>100 מ"ל</UnitMeasure>
      <BisWeighted>0</BisWeighted>
      <QtyInPackage>1</QtyInPackage>
      <ItemPrice>6.40</ItemPrice>
      <UnitOfMeasurePrice>0.43</UnitOfMeasurePrice>
      <AllowDiscount>1</AllowDiscount>
      <itemStatus>1</itemStatus>
      <LastUpdateDate />
      <LastUpdateTime />
    </Product>
    <Product>
      <PriceUpdateDate>2019/01/14 09:58</PriceUpdateDate>
      <ItemCode>7290012404863</ItemCode>
      <ItemType>1</ItemType>
      <ItemName>תה קר מנגו אפרסק ספרינג (1.5 ליטר)</ItemName>
      <ManufactureName>יפאורה</ManufactureName>
      <ManufactureCountry />
      <ManufactureItemDescription />
      <UnitQty>יח`</UnitQty>
      <Quantity>1.50</Quantity>
      <UnitMeasure>1 ליטר</UnitMeasure>
      <BisWeighted>0</BisWeighted>
      <QtyInPackage>1</QtyInPackage>
      <ItemPrice>6.40</ItemPrice>
      <UnitOfMeasurePrice>4.27</UnitOfMeasurePrice>
      <AllowDiscount>1</AllowDiscount>
      <itemStatus>1</itemStatus>
      <LastUpdateDate />
      <LastUpdateTime />
    </Product>
    <Product>
      <PriceUpdateDate>2019/01/30 09:36</PriceUpdateDate>
      <ItemCode>7290012413612</ItemCode>
      <ItemType>1</ItemType>
      <ItemName>תה ירוק חמוציות ויסוצקי) (25</ItemName>
      <ManufactureName>תה ויסוצקי (ישראל) בעמ</ManufactureName>
      <ManufactureCountry />
      <ManufactureItemDescription />
      <UnitQty>יח`</UnitQty>
      <Quantity>0.3750</Quantity>
      <UnitMeasure>100 גרם</UnitMeasure>
      <BisWeighted>0</BisWeighted>
      <QtyInPackage>1</QtyInPackage>
      <ItemPrice>24.90</ItemPrice>
      <UnitOfMeasurePrice>66.40</UnitOfMeasurePrice>
      <AllowDiscount>0</AllowDiscount>
      <itemStatus>1</itemStatus>
      <LastUpdateDate />
      <LastUpdateTime />
    </Product>
    <Product>
      <PriceUpdateDate>2018/04/24 10:11</PriceUpdateDate>
      <ItemCode>7290012454172</ItemCode>
      <ItemType>1</ItemType>
      <ItemName>סוכריות ללא סוכר בטעם תות 80 גר`</ItemName>
      <ManufactureName>מיה תעשיות מזון מ.ת.מ. בעמ</ManufactureName>
      <ManufactureCountry />
      <ManufactureItemDescription />
      <UnitQty>יח`</UnitQty>
      <Quantity>0.80</Quantity>
      <UnitMeasure>100 גרם</UnitMeasure>
      <BisWeighted>0</BisWeighted>
      <QtyInPackage>1</QtyInPackage>
      <ItemPrice>8.90</ItemPrice>
      <UnitOfMeasurePrice>11.13</UnitOfMeasurePrice>
      <AllowDiscount>0</AllowDiscount>
      <itemStatus>1</itemStatus>
      <LastUpdateDate />
      <LastUpdateTime />
    </Product>
    <Product>
      <PriceUpdateDate>2018/04/24 10:11</PriceUpdateDate>
      <ItemCode>7290012454578</ItemCode>
      <ItemType>1</ItemType>
      <ItemName>קישוטי עוגה 70 גר`</ItemName>
      <ManufactureName>מיה תעשיות מזון מ.ת.מ. בעמ</ManufactureName>
      <ManufactureCountry />
      <ManufactureItemDescription />
      <UnitQty>יח`</UnitQty>
      <Quantity>0.70</Quantity>
      <UnitMeasure>100 גרם</UnitMeasure>
      <BisWeighted>0</BisWeighted>
      <QtyInPackage>1</QtyInPackage>
      <ItemPrice>5.90</ItemPrice>
      <UnitOfMeasurePrice>8.43</UnitOfMeasurePrice>
      <AllowDiscount>1</AllowDiscount>
      <itemStatus>1</itemStatus>
      <LastUpdateDate />
      <LastUpdateTime />
    </Product>
    <Product>
      <PriceUpdateDate>2018/08/05 11:28</PriceUpdateDate>
      <ItemCode>7290012483608</ItemCode>
      <ItemType>1</ItemType>
      <ItemName>אורז בסמטי דאווט וילי פוד (5 קג)</ItemName>
      <ManufactureName>ג.וילי-פוד אינטרנשיונל בעמ</ManufactureName>
      <ManufactureCountry />
      <ManufactureItemDescription />
      <UnitQty>יח`</UnitQty>
      <Quantity>5</Quantity>
      <UnitMeasure>ק"ג</UnitMeasure>
      <BisWeighted>0</BisWeighted>
      <QtyInPackage>1</QtyInPackage>
      <ItemPrice>49.90</ItemPrice>
      <UnitOfMeasurePrice>9.98</UnitOfMeasurePrice>
      <AllowDiscount>0</AllowDiscount>
      <itemStatus>1</itemStatus>
      <LastUpdateDate />
      <LastUpdateTime />
    </Product>
    <Product>
      <PriceUpdateDate>2018/05/18 09:20</PriceUpdateDate>
      <ItemCode>7290012483899</ItemCode>
      <ItemType>1</ItemType>
      <ItemName>קצפת מתוקה מוכנה בספריי 200 מל פרווה וי</ItemName>
      <ManufactureName>ג.וילי-פוד אינטרנשיונל בעמ</ManufactureName>
      <ManufactureCountry />
      <ManufactureItemDescription />
      <UnitQty>יח`</UnitQty>
      <Quantity>2</Quantity>
      <UnitMeasure>100 מ"ל</UnitMeasure>
      <BisWeighted>0</BisWeighted>
      <QtyInPackage>1</QtyInPackage>
      <ItemPrice>13.90</ItemPrice>
      <UnitOfMeasurePrice>6.95</UnitOfMeasurePrice>
      <AllowDiscount>0</AllowDiscount>
      <itemStatus>1</itemStatus>
      <LastUpdateDate />
      <LastUpdateTime />
    </Product>
    <Product>
      <PriceUpdateDate>2018/04/24 10:59</PriceUpdateDate>
      <ItemCode>7290012522581</ItemCode>
      <ItemType>1</ItemType>
      <ItemName>שניצל תירס ללא גלוטן טבעול (664 גרם)</ItemName>
      <ManufactureName>קבוצת אסם סחר שות. מוגבלת</ManufactureName>
      <ManufactureCountry />
      <ManufactureItemDescription />
      <UnitQty>יח`</UnitQty>
      <Quantity>7.50</Quantity>
      <UnitMeasure>100 גרם</UnitMeasure>
      <BisWeighted>0</BisWeighted>
      <QtyInPackage>1</QtyInPackage>
      <ItemPrice>19.90</ItemPrice>
      <UnitOfMeasurePrice>2.65</UnitOfMeasurePrice>
      <AllowDiscount>0</AllowDiscount>
      <itemStatus>1</itemStatus>
      <LastUpdateDate />
      <LastUpdateTime />
    </Product>
    <Product>
      <PriceUpdateDate>2018/07/25 13:24</PriceUpdateDate>
      <ItemCode>7290012576591</ItemCode>
      <ItemType>1</ItemType>
      <ItemName>רזרב גוורצטרמינר 750 מל יקבי ברקן</ItemName>
      <ManufactureName>טמפו משקאות בעמ</ManufactureName>
      <ManufactureCountry />
      <ManufactureItemDescription />
      <UnitQty>יח`</UnitQty>
      <Quantity>7.50</Quantity>
      <UnitMeasure>100 מ"ל</UnitMeasure>
      <BisWeighted>0</BisWeighted>
      <QtyInPackage>1</QtyInPackage>
      <ItemPrice>49.90</ItemPrice>
      <UnitOfMeasurePrice>6.61</UnitOfMeasurePrice>
      <AllowDiscount>1</AllowDiscount>
      <itemStatus>1</itemStatus>
      <LastUpdateDate />
      <LastUpdateTime />
    </Product>
    <Product>
      <PriceUpdateDate>2018/07/25 13:24</PriceUpdateDate>
      <ItemCode>7290012576607</ItemCode>
      <ItemType>1</ItemType>
      <ItemName>יין פרימייר אדום -קברנה סובניון ומלבק</ItemName>
      <ManufactureName>טמפו משקאות בעמ</ManufactureName>
      <ManufactureCountry />
      <ManufactureItemDescription />
      <UnitQty>יח`</UnitQty>
      <Quantity>7.50</Quantity>
      <UnitMeasure>100 מ"ל</UnitMeasure>
      <BisWeighted>0</BisWeighted>
      <QtyInPackage>1</QtyInPackage>
      <ItemPrice>24.90</ItemPrice>
      <UnitOfMeasurePrice>3.28</UnitOfMeasurePrice>
      <AllowDiscount>1</AllowDiscount>
      <itemStatus>1</itemStatus>
      <LastUpdateDate />
      <LastUpdateTime />
    </Product>
    <Product>
      <PriceUpdateDate>2018/04/24 11:51</PriceUpdateDate>
      <ItemCode>7290012576614</ItemCode>
      <ItemType>1</ItemType>
      <ItemName>פרמייר אמרלד ריזלינג יקבי ברקן (750 מל)</ItemName>
      <ManufactureName>טמפו משקאות בעמ</ManufactureName>
      <ManufactureCountry />
      <ManufactureItemDescription />
      <UnitQty>יח`</UnitQty>
      <Quantity>7.50</Quantity>
      <UnitMeasure>100 מ"ל</UnitMeasure>
      <BisWeighted>0</BisWeighted>
      <QtyInPackage>1</QtyInPackage>
      <ItemPrice>24.90</ItemPrice>
      <UnitOfMeasurePrice>3.28</UnitOfMeasurePrice>
      <AllowDiscount>1</AllowDiscount>
      <itemStatus>1</itemStatus>
      <LastUpdateDate />
      <LastUpdateTime />
    </Product>
    <Product>
      <PriceUpdateDate>2020/01/14 08:12</PriceUpdateDate>
      <ItemCode>7290012642869</ItemCode>
      <ItemType>1</ItemType>
      <ItemName>פלפלונים אדום בחומץ חריף 540 מ`ל תומר</ItemName>
      <ManufactureName>תומר יבוא ושיווק מוצרי מזון (1</ManufactureName>
      <ManufactureCountry />
      <ManufactureItemDescription />
      <UnitQty>יח`</UnitQty>
      <Quantity>5.40</Quantity>
      <UnitMeasure>100 מ"ל</UnitMeasure>
      <BisWeighted>0</BisWeighted>
      <QtyInPackage>1</QtyInPackage>
      <ItemPrice>9.90</ItemPrice>
      <UnitOfMeasurePrice>1.83</UnitOfMeasurePrice>
      <AllowDiscount>0</AllowDiscount>
      <itemStatus>1</itemStatus>
      <LastUpdateDate />
      <LastUpdateTime />
    </Product>
    <Product>
      <PriceUpdateDate>2020/01/14 08:12</PriceUpdateDate>
      <ItemCode>7290012642883</ItemCode>
      <ItemType>1</ItemType>
      <ItemName>פלפלונים צהוב בחומץ חריף 530 מ`ל תומר</ItemName>
      <ManufactureName>תומר יבוא ושיווק מוצרי מזון (1</ManufactureName>
      <ManufactureCountry />
      <ManufactureItemDescription />
      <UnitQty>יח`</UnitQty>
      <Quantity>5.30</Quantity>
      <UnitMeasure>100 מ"ל</UnitMeasure>
      <BisWeighted>0</BisWeighted>
      <QtyInPackage>1</QtyInPackage>
      <ItemPrice>9.90</ItemPrice>
      <UnitOfMeasurePrice>1.87</UnitOfMeasurePrice>
      <AllowDiscount>0</AllowDiscount>
      <itemStatus>1</itemStatus>
      <LastUpdateDate />
      <LastUpdateTime />
    </Product>
    <Product>
      <PriceUpdateDate>2019/06/13 13:08</PriceUpdateDate>
      <ItemCode>7290012645006</ItemCode>
      <ItemType>1</ItemType>
      <ItemName>יגורט חצי חצי 375 גר`</ItemName>
      <ManufactureName>שטראוס גרופ בעמ/מצונן</ManufactureName>
      <ManufactureCountry />
      <ManufactureItemDescription />
      <UnitQty>יח`</UnitQty>
      <Quantity>3.75</Quantity>
      <UnitMeasure>100 גרם</UnitMeasure>
      <BisWeighted>0</BisWeighted>
      <QtyInPackage>1</QtyInPackage>
      <ItemPrice>11.90</ItemPrice>
      <UnitOfMeasurePrice>3.17</UnitOfMeasurePrice>
      <AllowDiscount>0</AllowDiscount>
      <itemStatus>1</itemStatus>
      <LastUpdateDate />
      <LastUpdateTime />
    </Product>
    <Product>
      <PriceUpdateDate>2019/06/13 13:07</PriceUpdateDate>
      <ItemCode>7290012645044</ItemCode>
      <ItemType>1</ItemType>
      <ItemName>יוגורט עיזים עם תות בננה 2% שומן ( 250</ItemName>
      <ManufactureName>שטראוס גרופ בעמ/מצונן</ManufactureName>
      <ManufactureCountry />
      <ManufactureItemDescription />
      <UnitQty>יח`</UnitQty>
      <Quantity>2.50</Quantity>
      <UnitMeasure>100 גרם</UnitMeasure>
      <BisWeighted>0</BisWeighted>
      <QtyInPackage>1</QtyInPackage>
      <ItemPrice>7.90</ItemPrice>
      <UnitOfMeasurePrice>3.16</UnitOfMeasurePrice>
      <AllowDiscount>0</AllowDiscount>
      <itemStatus>1</itemStatus>
      <LastUpdateDate />
      <LastUpdateTime />
    </Product>
    <Product>
      <PriceUpdateDate>2018/04/24 12:49</PriceUpdateDate>
      <ItemCode>7290012645112</ItemCode>
      <ItemType>1</ItemType>
      <ItemName>יוגורט עיזים 750 מל בדלי</ItemName>
      <ManufactureName>שטראוס גרופ בעמ/מצונן</ManufactureName>
      <ManufactureCountry />
      <ManufactureItemDescription />
      <UnitQty>יח`</UnitQty>
      <Quantity>7.50</Quantity>
      <UnitMeasure>100 מ"ל</UnitMeasure>
      <BisWeighted>0</BisWeighted>
      <QtyInPackage>1</QtyInPackage>
      <ItemPrice>19.90</ItemPrice>
      <UnitOfMeasurePrice>2.65</UnitOfMeasurePrice>
      <AllowDiscount>0</AllowDiscount>
      <itemStatus>1</itemStatus>
      <LastUpdateDate />
      <LastUpdateTime />
    </Product>
    <Product>
      <PriceUpdateDate>2018/04/24 12:27</PriceUpdateDate>
      <ItemCode>7290012645297</ItemCode>
      <ItemType>1</ItemType>
      <ItemName>יוגורט עיזים בטעם טיבעי 150 גר` חלב האר</ItemName>
      <ManufactureName>שטראוס גרופ בעמ/מצונן</ManufactureName>
      <ManufactureCountry />
      <ManufactureItemDescription />
      <UnitQty>יח`</UnitQty>
      <Quantity>1.50</Quantity>
      <UnitMeasure>100 גרם</UnitMeasure>
      <BisWeighted>0</BisWeighted>
      <QtyInPackage>1</QtyInPackage>
      <ItemPrice>5.90</ItemPrice>
      <UnitOfMeasurePrice>3.93</UnitOfMeasurePrice>
      <AllowDiscount>1</AllowDiscount>
      <itemStatus>1</itemStatus>
      <LastUpdateDate />
      <LastUpdateTime />
    </Product>
    <Product>
      <PriceUpdateDate>2020/04/30 08:21</PriceUpdateDate>
      <ItemCode>7290012665059</ItemCode>
      <ItemType>1</ItemType>
      <ItemName>קובה מרק 400 גר</ItemName>
      <ManufactureName>חמים וטעים בעמ</ManufactureName>
      <ManufactureCountry />
      <ManufactureItemDescription />
      <UnitQty>יח`</UnitQty>
      <Quantity>4</Quantity>
      <UnitMeasure>100 גרם</UnitMeasure>
      <BisWeighted>0</BisWeighted>
      <QtyInPackage>1</QtyInPackage>
      <ItemPrice>11.90</ItemPrice>
      <UnitOfMeasurePrice>2.98</UnitOfMeasurePrice>
      <AllowDiscount>0</AllowDiscount>
      <itemStatus>1</itemStatus>
      <LastUpdateDate />
      <LastUpdateTime />
    </Product>
    <Product>
      <PriceUpdateDate>2020/04/30 08:21</PriceUpdateDate>
      <ItemCode>7290012665073</ItemCode>
      <ItemType>1</ItemType>
      <ItemName>רביולי בטטה</ItemName>
      <ManufactureName>חמים וטעים בעמ</ManufactureName>
      <ManufactureCountry />
      <ManufactureItemDescription />
      <UnitQty>יח`</UnitQty>
      <Quantity>4</Quantity>
      <UnitMeasure>100 גרם</UnitMeasure>
      <BisWeighted>0</BisWeighted>
      <QtyInPackage>1</QtyInPackage>
      <ItemPrice>11.90</ItemPrice>
      <UnitOfMeasurePrice>2.98</UnitOfMeasurePrice>
      <AllowDiscount>0</AllowDiscount>
      <itemStatus>1</itemStatus>
      <LastUpdateDate />
      <LastUpdateTime />
    </Product>
    <Product>
      <PriceUpdateDate>2020/04/30 08:21</PriceUpdateDate>
      <ItemCode>7290012665363</ItemCode>
      <ItemType>1</ItemType>
      <ItemName>רביולי פטריות</ItemName>
      <ManufactureName>חמים וטעים בעמ</ManufactureName>
      <ManufactureCountry />
      <ManufactureItemDescription />
      <UnitQty>יח`</UnitQty>
      <Quantity>4</Quantity>
      <UnitMeasure>100 גרם</UnitMeasure>
      <BisWeighted>0</BisWeighted>
      <QtyInPackage>1</QtyInPackage>
      <ItemPrice>11.90</ItemPrice>
      <UnitOfMeasurePrice>2.98</UnitOfMeasurePrice>
      <AllowDiscount>0</AllowDiscount>
      <itemStatus>1</itemStatus>
      <LastUpdateDate />
      <LastUpdateTime />
    </Product>
    <Product>
      <PriceUpdateDate>2018/04/24 10:31</PriceUpdateDate>
      <ItemCode>7290012696831</ItemCode>
      <ItemType>1</ItemType>
      <ItemName>שקיות אוכל המותג) (200</ItemName>
      <ManufactureName>דין שיווק - עטרת</ManufactureName>
      <ManufactureCountry />
      <ManufactureItemDescription />
      <UnitQty>יח`</UnitQty>
      <Quantity>200</Quantity>
      <UnitMeasure>יח`</UnitMeasure>
      <BisWeighted>0</BisWeighted>
      <QtyInPackage>1</QtyInPackage>
      <ItemPrice>7.90</ItemPrice>
      <UnitOfMeasurePrice>0.04</UnitOfMeasurePrice>
      <AllowDiscount>0</AllowDiscount>
      <itemStatus>1</itemStatus>
      <LastUpdateDate />
      <LastUpdateTime />
    </Product>
    <Product>
      <PriceUpdateDate>2018/04/24 13:24</PriceUpdateDate>
      <ItemCode>7290012697081</ItemCode>
      <ItemType>1</ItemType>
      <ItemName>סטיוויה שקיות סוכרזית (100)</ItemName>
      <ManufactureName>שטראוס גרופ בעמ</ManufactureName>
      <ManufactureCountry />
      <ManufactureItemDescription />
      <UnitQty>יח`</UnitQty>
      <Quantity>1</Quantity>
      <UnitMeasure>100 גרם</UnitMeasure>
      <BisWeighted>0</BisWeighted>
      <QtyInPackage>1</QtyInPackage>
      <ItemPrice>29.90</ItemPrice>
      <UnitOfMeasurePrice>29.90</UnitOfMeasurePrice>
      <AllowDiscount>0</AllowDiscount>
      <itemStatus>1</itemStatus>
      <LastUpdateDate />
      <LastUpdateTime />
    </Product>
    <Product>
      <PriceUpdateDate>2019/10/30 10:26</PriceUpdateDate>
      <ItemCode>7290012803321</ItemCode>
      <ItemType>1</ItemType>
      <ItemName>סוכרלוז מרמולייט) (200</ItemName>
      <ManufactureName>דנשר (1963) בעמ</ManufactureName>
      <ManufactureCountry />
      <ManufactureItemDescription />
      <UnitQty>יח`</UnitQty>
      <Quantity>2</Quantity>
      <UnitMeasure>100 גרם</UnitMeasure>
      <BisWeighted>0</BisWeighted>
      <QtyInPackage>1</QtyInPackage>
      <ItemPrice>45.90</ItemPrice>
      <UnitOfMeasurePrice>22.95</UnitOfMeasurePrice>
      <AllowDiscount>0</AllowDiscount>
      <itemStatus>1</itemStatus>
      <LastUpdateDate />
      <LastUpdateTime />
    </Product>
    <Product>
      <PriceUpdateDate>2018/04/24 11:49</PriceUpdateDate>
      <ItemCode>7290012803451</ItemCode>
      <ItemType>1</ItemType>
      <ItemName>שוקולד טוסו 100  גר`מריר 62%</ItemName>
      <ManufactureName>דנשר (1963) בעמ</ManufactureName>
      <ManufactureCountry />
      <ManufactureItemDescription />
      <UnitQty>יח`</UnitQty>
      <Quantity>1</Quantity>
      <UnitMeasure>100 גרם</UnitMeasure>
      <BisWeighted>0</BisWeighted>
      <QtyInPackage>1</QtyInPackage>
      <ItemPrice>12.90</ItemPrice>
      <UnitOfMeasurePrice>12.90</UnitOfMeasurePrice>
      <AllowDiscount>0</AllowDiscount>
      <itemStatus>1</itemStatus>
      <LastUpdateDate />
      <LastUpdateTime />
    </Product>
    <Product>
      <PriceUpdateDate>2018/04/24 11:12</PriceUpdateDate>
      <ItemCode>7290012803765</ItemCode>
      <ItemType>1</ItemType>
      <ItemName>שוקולד טוסו 100  גר`מריר</ItemName>
      <ManufactureName>דנשר (1963) בעמ</ManufactureName>
      <ManufactureCountry />
      <ManufactureItemDescription />
      <UnitQty>יח`</UnitQty>
      <Quantity>1</Quantity>
      <UnitMeasure>100 גרם</UnitMeasure>
      <BisWeighted>0</BisWeighted>
      <QtyInPackage>1</QtyInPackage>
      <ItemPrice>12.90</ItemPrice>
      <UnitOfMeasurePrice>12.90</UnitOfMeasurePrice>
      <AllowDiscount>0</AllowDiscount>
      <itemStatus>1</itemStatus>
      <LastUpdateDate />
      <LastUpdateTime />
    </Product>
    <Product>
      <PriceUpdateDate>2018/04/24 11:12</PriceUpdateDate>
      <ItemCode>7290012803796</ItemCode>
      <ItemType>1</ItemType>
      <ItemName>שוקולד טוסו 100  גר`חלבי+אגזוים</ItemName>
      <ManufactureName>דנשר (1963) בעמ</ManufactureName>
      <ManufactureCountry />
      <ManufactureItemDescription />
      <UnitQty>יח`</UnitQty>
      <Quantity>1</Quantity>
      <UnitMeasure>100 גרם</UnitMeasure>
      <BisWeighted>0</BisWeighted>
      <QtyInPackage>1</QtyInPackage>
      <ItemPrice>12.90</ItemPrice>
      <UnitOfMeasurePrice>12.90</UnitOfMeasurePrice>
      <AllowDiscount>0</AllowDiscount>
      <itemStatus>1</itemStatus>
      <LastUpdateDate />
      <LastUpdateTime />
    </Product>
    <Product>
      <PriceUpdateDate>2018/04/24 11:43</PriceUpdateDate>
      <ItemCode>7290012803987</ItemCode>
      <ItemType>1</ItemType>
      <ItemName>פמילי אל סבון 500 מל+משאבה</ItemName>
      <ManufactureName>דנשר (1963) בעמ</ManufactureName>
      <ManufactureCountry />
      <ManufactureItemDescription />
      <UnitQty>יח`</UnitQty>
      <Quantity>5</Quantity>
      <UnitMeasure>100 מ"ל</UnitMeasure>
      <BisWeighted>0</BisWeighted>
      <QtyInPackage>1</QtyInPackage>
      <ItemPrice>6.90</ItemPrice>
      <UnitOfMeasurePrice>1.38</UnitOfMeasurePrice>
      <AllowDiscount>0</AllowDiscount>
      <itemStatus>1</itemStatus>
      <LastUpdateDate />
      <LastUpdateTime />
    </Product>
    <Product>
      <PriceUpdateDate>2018/07/08 11:12</PriceUpdateDate>
      <ItemCode>7290012823251</ItemCode>
      <ItemType>1</ItemType>
      <ItemName>אל סבון נוזלי יסמין ולבנדר כיף (1 ליטר)</ItemName>
      <ManufactureName>החברה הדרומית לשיווק בעמ</ManufactureName>
      <ManufactureCountry />
      <ManufactureItemDescription />
      <UnitQty>יח`</UnitQty>
      <Quantity>10</Quantity>
      <UnitMeasure>100 מ"ל</UnitMeasure>
      <BisWeighted>0</BisWeighted>
      <QtyInPackage>1</QtyInPackage>
      <ItemPrice>13.90</ItemPrice>
      <UnitOfMeasurePrice>1.39</UnitOfMeasurePrice>
      <AllowDiscount>1</AllowDiscount>
      <itemStatus>1</itemStatus>
      <LastUpdateDate />
      <LastUpdateTime />
    </Product>
    <Product>
      <PriceUpdateDate>2018/08/02 10:17</PriceUpdateDate>
      <ItemCode>7290012823381</ItemCode>
      <ItemType>1</ItemType>
      <ItemName>סנו מקסימה מרכך 1 ליטר ורוד פסים</ItemName>
      <ManufactureName>החברה הדרומית לשיווק בעמ</ManufactureName>
      <ManufactureCountry />
      <ManufactureItemDescription />
      <UnitQty>יח`</UnitQty>
      <Quantity>10</Quantity>
      <UnitMeasure>100 מ"ל</UnitMeasure>
      <BisWeighted>0</BisWeighted>
      <QtyInPackage>1</QtyInPackage>
      <ItemPrice>17.90</ItemPrice>
      <UnitOfMeasurePrice>1.79</UnitOfMeasurePrice>
      <AllowDiscount>1</AllowDiscount>
      <itemStatus>1</itemStatus>
      <LastUpdateDate />
      <LastUpdateTime />
    </Product>
    <Product>
      <PriceUpdateDate>2019/01/14 09:58</PriceUpdateDate>
      <ItemCode>7290012823398</ItemCode>
      <ItemType>1</ItemType>
      <ItemName>ריצפז פרש מטליות חד פעמיות 10 יח`</ItemName>
      <ManufactureName>החברה הדרומית לשיווק בעמ</ManufactureName>
      <ManufactureCountry />
      <ManufactureItemDescription />
      <UnitQty>יח`</UnitQty>
      <Quantity>1</Quantity>
      <UnitMeasure />
      <BisWeighted>0</BisWeighted>
      <QtyInPackage>1</QtyInPackage>
      <ItemPrice>12.90</ItemPrice>
      <UnitOfMeasurePrice>12.90</UnitOfMeasurePrice>
      <AllowDiscount>0</AllowDiscount>
      <itemStatus>1</itemStatus>
      <LastUpdateDate />
      <LastUpdateTime />
    </Product>
    <Product>
      <PriceUpdateDate>2020/01/19 10:33</PriceUpdateDate>
      <ItemCode>7290012823558</ItemCode>
      <ItemType>1</ItemType>
      <ItemName>מטליות לחות לריצפה סנו סושי (10)</ItemName>
      <ManufactureName>החברה הדרומית לשיווק בעמ</ManufactureName>
      <ManufactureCountry />
      <ManufactureItemDescription />
      <UnitQty>יח`</UnitQty>
      <Quantity>1</Quantity>
      <UnitMeasure />
      <BisWeighted>0</BisWeighted>
      <QtyInPackage>1</QtyInPackage>
      <ItemPrice>9.90</ItemPrice>
      <UnitOfMeasurePrice>9.90</UnitOfMeasurePrice>
      <AllowDiscount>1</AllowDiscount>
      <itemStatus>1</itemStatus>
      <LastUpdateDate />
      <LastUpdateTime />
    </Product>
    <Product>
      <PriceUpdateDate>2019/04/24 11:52</PriceUpdateDate>
      <ItemCode>7290012823589</ItemCode>
      <ItemType>1</ItemType>
      <ItemName>ריצפז פרש 2 ליטר</ItemName>
      <ManufactureName>החברה הדרומית לשיווק בעמ</ManufactureName>
      <ManufactureCountry />
      <ManufactureItemDescription />
      <UnitQty>יח`</UnitQty>
      <Quantity>2000</Quantity>
      <UnitMeasure>1 ליטר</UnitMeasure>
      <BisWeighted>0</BisWeighted>
      <QtyInPackage>1</QtyInPackage>
      <ItemPrice>21.90</ItemPrice>
      <UnitOfMeasurePrice>0.01</UnitOfMeasurePrice>
      <AllowDiscount>1</AllowDiscount>
      <itemStatus>1</itemStatus>
      <LastUpdateDate />
      <LastUpdateTime />
    </Product>
    <Product>
      <PriceUpdateDate>2018/04/24 09:14</PriceUpdateDate>
      <ItemCode>7290012823602</ItemCode>
      <ItemType>1</ItemType>
      <ItemName>נייר טואלט סופט 32 גלגלים</ItemName>
      <ManufactureName>החברה הדרומית לשיווק בעמ</ManufactureName>
      <ManufactureCountry />
      <ManufactureItemDescription />
      <UnitQty>יח`</UnitQty>
      <Quantity>1</Quantity>
      <UnitMeasure />
      <BisWeighted>0</BisWeighted>
      <QtyInPackage>1</QtyInPackage>
      <ItemPrice>42.90</ItemPrice>
      <UnitOfMeasurePrice>42.90</UnitOfMeasurePrice>
      <AllowDiscount>0</AllowDiscount>
      <itemStatus>1</itemStatus>
      <LastUpdateDate />
      <LastUpdateTime />
    </Product>
    <Product>
      <PriceUpdateDate>2018/04/24 11:36</PriceUpdateDate>
      <ItemCode>7290012864001</ItemCode>
      <ItemType>1</ItemType>
      <ItemName>נבטי חמניה</ItemName>
      <ManufactureName>א.אדמה (2007) בעמ</ManufactureName>
      <ManufactureCountry />
      <ManufactureItemDescription />
      <UnitQty>יח`</UnitQty>
      <Quantity>1</Quantity>
      <UnitMeasure />
      <BisWeighted>0</BisWeighted>
      <QtyInPackage>1</QtyInPackage>
      <ItemPrice>9.90</ItemPrice>
      <UnitOfMeasurePrice>9.90</UnitOfMeasurePrice>
      <AllowDiscount>1</AllowDiscount>
      <itemStatus>1</itemStatus>
      <LastUpdateDate />
      <LastUpdateTime />
    </Product>
    <Product>
      <PriceUpdateDate>2018/08/13 09:39</PriceUpdateDate>
      <ItemCode>7290012864025</ItemCode>
      <ItemType>1</ItemType>
      <ItemName>אלפלפא</ItemName>
      <ManufactureName>א.אדמה (2007) בעמ</ManufactureName>
      <ManufactureCountry />
      <ManufactureItemDescription />
      <UnitQty>יח`</UnitQty>
      <Quantity>1</Quantity>
      <UnitMeasure />
      <BisWeighted>0</BisWeighted>
      <QtyInPackage>1</QtyInPackage>
      <ItemPrice>7.90</ItemPrice>
      <UnitOfMeasurePrice>7.90</UnitOfMeasurePrice>
      <AllowDiscount>1</AllowDiscount>
      <itemStatus>1</itemStatus>
      <LastUpdateDate />
      <LastUpdateTime />
    </Product>
    <Product>
      <PriceUpdateDate>2018/12/03 08:10</PriceUpdateDate>
      <ItemCode>7290012901256</ItemCode>
      <ItemType>1</ItemType>
      <ItemName>חומץ תפוחים 946 מל גאלה</ItemName>
      <ManufactureName>מור-ים מרקטינג בעמ</ManufactureName>
      <ManufactureCountry />
      <ManufactureItemDescription />
      <UnitQty>יח`</UnitQty>
      <Quantity>9.46</Quantity>
      <UnitMeasure>100 מ"ל</UnitMeasure>
      <BisWeighted>0</BisWeighted>
      <QtyInPackage>1</QtyInPackage>
      <ItemPrice>13.90</ItemPrice>
      <UnitOfMeasurePrice>1.47</UnitOfMeasurePrice>
      <AllowDiscount>0</AllowDiscount>
      <itemStatus>1</itemStatus>
      <LastUpdateDate />
      <LastUpdateTime />
    </Product>
    <Product>
      <PriceUpdateDate>2018/12/03 08:10</PriceUpdateDate>
      <ItemCode>7290012901355</ItemCode>
      <ItemType>1</ItemType>
      <ItemName>ארוחת אטריות עם גבינה 206  גר`Doodles</ItemName>
      <ManufactureName>מור-ים מרקטינג בעמ</ManufactureName>
      <ManufactureCountry />
      <ManufactureItemDescription />
      <UnitQty>יח`</UnitQty>
      <Quantity>2.06</Quantity>
      <UnitMeasure>100 גרם</UnitMeasure>
      <BisWeighted>0</BisWeighted>
      <QtyInPackage>1</QtyInPackage>
      <ItemPrice>10.90</ItemPrice>
      <UnitOfMeasurePrice>5.29</UnitOfMeasurePrice>
      <AllowDiscount>0</AllowDiscount>
      <itemStatus>1</itemStatus>
      <LastUpdateDate />
      <LastUpdateTime />
    </Product>
    <Product>
      <PriceUpdateDate>2019/04/03 10:06</PriceUpdateDate>
      <ItemCode>7290012901867</ItemCode>
      <ItemType>1</ItemType>
      <ItemName>דיניקולה רוטב פסטה בזיליקום 737  גר`כשר</ItemName>
      <ManufactureName>מור-ים מרקטינג בעמ</ManufactureName>
      <ManufactureCountry />
      <ManufactureItemDescription />
      <UnitQty>יח`</UnitQty>
      <Quantity>7.37</Quantity>
      <UnitMeasure>100 גרם</UnitMeasure>
      <BisWeighted>0</BisWeighted>
      <QtyInPackage>1</QtyInPackage>
      <ItemPrice>14.90</ItemPrice>
      <UnitOfMeasurePrice>2.02</UnitOfMeasurePrice>
      <AllowDiscount>0</AllowDiscount>
      <itemStatus>1</itemStatus>
      <LastUpdateDate />
      <LastUpdateTime />
    </Product>
    <Product>
      <PriceUpdateDate>2020/02/23 17:39</PriceUpdateDate>
      <ItemCode>7290012901959</ItemCode>
      <ItemType>1</ItemType>
      <ItemName>ארוחת אטריות עם גבינה מסולסלים 156 גר`</ItemName>
      <ManufactureName>מור-ים מרקטינג בעמ</ManufactureName>
      <ManufactureCountry />
      <ManufactureItemDescription />
      <UnitQty>יח`</UnitQty>
      <Quantity>2.06</Quantity>
      <UnitMeasure>100 גרם</UnitMeasure>
      <BisWeighted>0</BisWeighted>
      <QtyInPackage>1</QtyInPackage>
      <ItemPrice>10.90</ItemPrice>
      <UnitOfMeasurePrice>5.29</UnitOfMeasurePrice>
      <AllowDiscount>0</AllowDiscount>
      <itemStatus>1</itemStatus>
      <LastUpdateDate />
      <LastUpdateTime />
    </Product>
    <Product>
      <PriceUpdateDate>2018/04/24 10:42</PriceUpdateDate>
      <ItemCode>7290012911088</ItemCode>
      <ItemType>1</ItemType>
      <ItemName>רוטב סויה בהירה 500 מל</ItemName>
      <ManufactureName>טעמי אסיה בעמ</ManufactureName>
      <ManufactureCountry />
      <ManufactureItemDescription />
      <UnitQty>יח`</UnitQty>
      <Quantity>5</Quantity>
      <UnitMeasure>100 מ"ל</UnitMeasure>
      <BisWeighted>0</BisWeighted>
      <QtyInPackage>1</QtyInPackage>
      <ItemPrice>14.90</ItemPrice>
      <UnitOfMeasurePrice>2.98</UnitOfMeasurePrice>
      <AllowDiscount>0</AllowDiscount>
      <itemStatus>1</itemStatus>
      <LastUpdateDate />
      <LastUpdateTime />
    </Product>
    <Product>
      <PriceUpdateDate>2019/01/01 11:13</PriceUpdateDate>
      <ItemCode>7290012911095</ItemCode>
      <ItemType>1</ItemType>
      <ItemName>רוטב סויה כהה 500 מל טעמי אסיה</ItemName>
      <ManufactureName>טעמי אסיה בעמ</ManufactureName>
      <ManufactureCountry />
      <ManufactureItemDescription />
      <UnitQty>יח`</UnitQty>
      <Quantity>5</Quantity>
      <UnitMeasure>100 מ"ל</UnitMeasure>
      <BisWeighted>0</BisWeighted>
      <QtyInPackage>1</QtyInPackage>
      <ItemPrice>10.90</ItemPrice>
      <UnitOfMeasurePrice>2.18</UnitOfMeasurePrice>
      <AllowDiscount>0</AllowDiscount>
      <itemStatus>1</itemStatus>
      <LastUpdateDate />
      <LastUpdateTime />
    </Product>
    <Product>
      <PriceUpdateDate>2018/04/24 10:59</PriceUpdateDate>
      <ItemCode>7290012911156</ItemCode>
      <ItemType>1</ItemType>
      <ItemName>רוטב טריאקי שומשום 300 מל</ItemName>
      <ManufactureName>טעמי אסיה בעמ</ManufactureName>
      <ManufactureCountry />
      <ManufactureItemDescription />
      <UnitQty>יח`</UnitQty>
      <Quantity>3</Quantity>
      <UnitMeasure>100 מ"ל</UnitMeasure>
      <BisWeighted>0</BisWeighted>
      <QtyInPackage>1</QtyInPackage>
      <ItemPrice>13.90</ItemPrice>
      <UnitOfMeasurePrice>4.63</UnitOfMeasurePrice>
      <AllowDiscount>0</AllowDiscount>
      <itemStatus>1</itemStatus>
      <LastUpdateDate />
      <LastUpdateTime />
    </Product>
    <Product>
      <PriceUpdateDate>2018/04/24 10:42</PriceUpdateDate>
      <ItemCode>7290012911293</ItemCode>
      <ItemType>1</ItemType>
      <ItemName>דפי אורז 22 סמ טעמי אסיה (300 גרם)</ItemName>
      <ManufactureName>טעמי אסיה בעמ</ManufactureName>
      <ManufactureCountry />
      <ManufactureItemDescription />
      <UnitQty>יח`</UnitQty>
      <Quantity>3</Quantity>
      <UnitMeasure>100 גרם</UnitMeasure>
      <BisWeighted>0</BisWeighted>
      <QtyInPackage>1</QtyInPackage>
      <ItemPrice>10.90</ItemPrice>
      <UnitOfMeasurePrice>3.63</UnitOfMeasurePrice>
      <AllowDiscount>0</AllowDiscount>
      <itemStatus>1</itemStatus>
      <LastUpdateDate />
      <LastUpdateTime />
    </Product>
    <Product>
      <PriceUpdateDate>2018/10/24 11:45</PriceUpdateDate>
      <ItemCode>7290012911415</ItemCode>
      <ItemType>1</ItemType>
      <ItemName>ממרח קארי ירוק טעמי אסיה (400 גרם)</ItemName>
      <ManufactureName>טעמי אסיה בעמ</ManufactureName>
      <ManufactureCountry />
      <ManufactureItemDescription />
      <UnitQty>יח`</UnitQty>
      <Quantity>4</Quantity>
      <UnitMeasure>100 גרם</UnitMeasure>
      <BisWeighted>0</BisWeighted>
      <QtyInPackage>1</QtyInPackage>
      <ItemPrice>18.50</ItemPrice>
      <UnitOfMeasurePrice>4.63</UnitOfMeasurePrice>
      <AllowDiscount>0</AllowDiscount>
      <itemStatus>1</itemStatus>
      <LastUpdateDate />
      <LastUpdateTime />
    </Product>
    <Product>
      <PriceUpdateDate>2018/10/24 11:45</PriceUpdateDate>
      <ItemCode>7290012911422</ItemCode>
      <ItemType>1</ItemType>
      <ItemName>ממרח קארי אדום טעמי אסיה (400 גרם)</ItemName>
      <ManufactureName>טעמי אסיה בעמ</ManufactureName>
      <ManufactureCountry />
      <ManufactureItemDescription />
      <UnitQty>יח`</UnitQty>
      <Quantity>4</Quantity>
      <UnitMeasure>100 גרם</UnitMeasure>
      <BisWeighted>0</BisWeighted>
      <QtyInPackage>1</QtyInPackage>
      <ItemPrice>18.50</ItemPrice>
      <UnitOfMeasurePrice>4.63</UnitOfMeasurePrice>
      <AllowDiscount>0</AllowDiscount>
      <itemStatus>1</itemStatus>
      <LastUpdateDate />
      <LastUpdateTime />
    </Product>
    <Product>
      <PriceUpdateDate>2018/04/24 11:12</PriceUpdateDate>
      <ItemCode>7290012911477</ItemCode>
      <ItemType>1</ItemType>
      <ItemName>קרם קוקוס טעמי אסיה (400 מל)</ItemName>
      <ManufactureName>טעמי אסיה בעמ</ManufactureName>
      <ManufactureCountry />
      <ManufactureItemDescription />
      <UnitQty>יח`</UnitQty>
      <Quantity>4</Quantity>
      <UnitMeasure>100 גרם</UnitMeasure>
      <BisWeighted>0</BisWeighted>
      <QtyInPackage>1</QtyInPackage>
      <ItemPrice>9.90</ItemPrice>
      <UnitOfMeasurePrice>2.48</UnitOfMeasurePrice>
      <AllowDiscount>1</AllowDiscount>
      <itemStatus>1</itemStatus>
      <LastUpdateDate />
      <LastUpdateTime />
    </Product>
    <Product>
      <PriceUpdateDate>2018/04/24 10:59</PriceUpdateDate>
      <ItemCode>7290012911583</ItemCode>
      <ItemType>1</ItemType>
      <ItemName>רצועות דלעת כבושה 100 גר`</ItemName>
      <ManufactureName>טעמי אסיה בעמ</ManufactureName>
      <ManufactureCountry />
      <ManufactureItemDescription />
      <UnitQty>יח`</UnitQty>
      <Quantity>1</Quantity>
      <UnitMeasure>100 גרם</UnitMeasure>
      <BisWeighted>0</BisWeighted>
      <QtyInPackage>1</QtyInPackage>
      <ItemPrice>10.90</ItemPrice>
      <UnitOfMeasurePrice>10.90</UnitOfMeasurePrice>
      <AllowDiscount>0</AllowDiscount>
      <itemStatus>1</itemStatus>
      <LastUpdateDate />
      <LastUpdateTime />
    </Product>
    <Product>
      <PriceUpdateDate>2018/04/24 11:48</PriceUpdateDate>
      <ItemCode>7290012911729</ItemCode>
      <ItemType>1</ItemType>
      <ItemName>ג`ינג`ר לסושי ורוד 250 גר</ItemName>
      <ManufactureName>טעמי אסיה בעמ</ManufactureName>
      <ManufactureCountry />
      <ManufactureItemDescription />
      <UnitQty>יח`</UnitQty>
      <Quantity>2.50</Quantity>
      <UnitMeasure>100 גרם</UnitMeasure>
      <BisWeighted>0</BisWeighted>
      <QtyInPackage>1</QtyInPackage>
      <ItemPrice>8.90</ItemPrice>
      <UnitOfMeasurePrice>3.56</UnitOfMeasurePrice>
      <AllowDiscount>0</AllowDiscount>
      <itemStatus>1</itemStatus>
      <LastUpdateDate />
      <LastUpdateTime />
    </Product>
    <Product>
      <PriceUpdateDate>2018/04/24 11:48</PriceUpdateDate>
      <ItemCode>7290012911804</ItemCode>
      <ItemType>1</ItemType>
      <ItemName>שמן שומשום טעמי אסיה (150 מל)</ItemName>
      <ManufactureName>טעמי אסיה בעמ</ManufactureName>
      <ManufactureCountry />
      <ManufactureItemDescription />
      <UnitQty>יח`</UnitQty>
      <Quantity>1.50</Quantity>
      <UnitMeasure>100 מ"ל</UnitMeasure>
      <BisWeighted>0</BisWeighted>
      <QtyInPackage>1</QtyInPackage>
      <ItemPrice>14.90</ItemPrice>
      <UnitOfMeasurePrice>9.93</UnitOfMeasurePrice>
      <AllowDiscount>0</AllowDiscount>
      <itemStatus>1</itemStatus>
      <LastUpdateDate />
      <LastUpdateTime />
    </Product>
    <Product>
      <PriceUpdateDate>2018/04/24 11:48</PriceUpdateDate>
      <ItemCode>7290012911859</ItemCode>
      <ItemType>1</ItemType>
      <ItemName>דפי אורז עגולים 16 סמ</ItemName>
      <ManufactureName>טעמי אסיה בעמ</ManufactureName>
      <ManufactureCountry />
      <ManufactureItemDescription />
      <UnitQty>יח`</UnitQty>
      <Quantity>2</Quantity>
      <UnitMeasure>100 גרם</UnitMeasure>
      <BisWeighted>0</BisWeighted>
      <QtyInPackage>1</QtyInPackage>
      <ItemPrice>10.90</ItemPrice>
      <UnitOfMeasurePrice>5.45</UnitOfMeasurePrice>
      <AllowDiscount>0</AllowDiscount>
      <itemStatus>1</itemStatus>
      <LastUpdateDate />
      <LastUpdateTime />
    </Product>
    <Product>
      <PriceUpdateDate>2018/04/24 11:48</PriceUpdateDate>
      <ItemCode>7290012911866</ItemCode>
      <ItemType>1</ItemType>
      <ItemName>דפי אורז מרובעים 22 סמ</ItemName>
      <ManufactureName>טעמי אסיה בעמ</ManufactureName>
      <ManufactureCountry />
      <ManufactureItemDescription />
      <UnitQty>יח`</UnitQty>
      <Quantity>3</Quantity>
      <UnitMeasure>100 גרם</UnitMeasure>
      <BisWeighted>0</BisWeighted>
      <QtyInPackage>1</QtyInPackage>
      <ItemPrice>10.90</ItemPrice>
      <UnitOfMeasurePrice>3.63</UnitOfMeasurePrice>
      <AllowDiscount>0</AllowDiscount>
      <itemStatus>1</itemStatus>
      <LastUpdateDate />
      <LastUpdateTime />
    </Product>
    <Product>
      <PriceUpdateDate>2018/10/24 11:45</PriceUpdateDate>
      <ItemCode>7290012911941</ItemCode>
      <ItemType>1</ItemType>
      <ItemName>רוטב צילי מתוק 700 מל</ItemName>
      <ManufactureName>טעמי אסיה בעמ</ManufactureName>
      <ManufactureCountry />
      <ManufactureItemDescription />
      <UnitQty>יח`</UnitQty>
      <Quantity>7</Quantity>
      <UnitMeasure>100 מ"ל</UnitMeasure>
      <BisWeighted>0</BisWeighted>
      <QtyInPackage>1</QtyInPackage>
      <ItemPrice>13.50</ItemPrice>
      <UnitOfMeasurePrice>1.93</UnitOfMeasurePrice>
      <AllowDiscount>0</AllowDiscount>
      <itemStatus>1</itemStatus>
      <LastUpdateDate />
      <LastUpdateTime />
    </Product>
    <Product>
      <PriceUpdateDate>2018/04/24 11:48</PriceUpdateDate>
      <ItemCode>7290012921025</ItemCode>
      <ItemType>1</ItemType>
      <ItemName>בירה בהירה בירה מלכה (330 מל)</ItemName>
      <ManufactureName>הכרם - משקאות חריפים בעמ</ManufactureName>
      <ManufactureCountry />
      <ManufactureItemDescription />
      <UnitQty>יח`</UnitQty>
      <Quantity>3.30</Quantity>
      <UnitMeasure>100 מ"ל</UnitMeasure>
      <BisWeighted>0</BisWeighted>
      <QtyInPackage>1</QtyInPackage>
      <ItemPrice>13.90</ItemPrice>
      <UnitOfMeasurePrice>4.12</UnitOfMeasurePrice>
      <AllowDiscount>1</AllowDiscount>
      <itemStatus>1</itemStatus>
      <LastUpdateDate />
      <LastUpdateTime />
    </Product>
    <Product>
      <PriceUpdateDate>2018/04/24 11:48</PriceUpdateDate>
      <ItemCode>7290012921032</ItemCode>
      <ItemType>1</ItemType>
      <ItemName>בירה אדמונית בירה מלכה (330 מל)</ItemName>
      <ManufactureName>הכרם - משקאות חריפים בעמ</ManufactureName>
      <ManufactureCountry />
      <ManufactureItemDescription />
      <UnitQty>יח`</UnitQty>
      <Quantity>3.30</Quantity>
      <UnitMeasure>100 מ"ל</UnitMeasure>
      <BisWeighted>0</BisWeighted>
      <QtyInPackage>1</QtyInPackage>
      <ItemPrice>13.90</ItemPrice>
      <UnitOfMeasurePrice>4.12</UnitOfMeasurePrice>
      <AllowDiscount>1</AllowDiscount>
      <itemStatus>1</itemStatus>
      <LastUpdateDate />
      <LastUpdateTime />
    </Product>
    <Product>
      <PriceUpdateDate>2019/07/21 09:03</PriceUpdateDate>
      <ItemCode>7290012936838</ItemCode>
      <ItemType>1</ItemType>
      <ItemName>הל טחון 35 גר`</ItemName>
      <ManufactureName>א.ל.ייצור ושיווק תבלינים בעמ</ManufactureName>
      <ManufactureCountry />
      <ManufactureItemDescription />
      <UnitQty>יח`</UnitQty>
      <Quantity>0.35</Quantity>
      <UnitMeasure>100 גרם</UnitMeasure>
      <BisWeighted>0</BisWeighted>
      <QtyInPackage>1</QtyInPackage>
      <ItemPrice>14.90</ItemPrice>
      <UnitOfMeasurePrice>42.57</UnitOfMeasurePrice>
      <AllowDiscount>0</AllowDiscount>
      <itemStatus>1</itemStatus>
      <LastUpdateDate />
      <LastUpdateTime />
    </Product>
    <Product>
      <PriceUpdateDate>2018/04/24 09:43</PriceUpdateDate>
      <ItemCode>7290012936906</ItemCode>
      <ItemType>1</ItemType>
      <ItemName>ציפורן שלם 25 גר`</ItemName>
      <ManufactureName>א.ל.ייצור ושיווק תבלינים בעמ</ManufactureName>
      <ManufactureCountry />
      <ManufactureItemDescription />
      <UnitQty>יח`</UnitQty>
      <Quantity>0.25</Quantity>
      <UnitMeasure>100 גרם</UnitMeasure>
      <BisWeighted>0</BisWeighted>
      <QtyInPackage>1</QtyInPackage>
      <ItemPrice>11.90</ItemPrice>
      <UnitOfMeasurePrice>47.60</UnitOfMeasurePrice>
      <AllowDiscount>0</AllowDiscount>
      <itemStatus>1</itemStatus>
      <LastUpdateDate />
      <LastUpdateTime />
    </Product>
    <Product>
      <PriceUpdateDate>2018/04/24 09:43</PriceUpdateDate>
      <ItemCode>7290012936913</ItemCode>
      <ItemType>1</ItemType>
      <ItemName>סומק תבליני מימון (40 גרם)</ItemName>
      <ManufactureName>א.ל.ייצור ושיווק תבלינים בעמ</ManufactureName>
      <ManufactureCountry />
      <ManufactureItemDescription />
      <UnitQty>יח`</UnitQty>
      <Quantity>0.40</Quantity>
      <UnitMeasure>100 גרם</UnitMeasure>
      <BisWeighted>0</BisWeighted>
      <QtyInPackage>1</QtyInPackage>
      <ItemPrice>11.90</ItemPrice>
      <UnitOfMeasurePrice>29.75</UnitOfMeasurePrice>
      <AllowDiscount>0</AllowDiscount>
      <itemStatus>1</itemStatus>
      <LastUpdateDate />
      <LastUpdateTime />
    </Product>
    <Product>
      <PriceUpdateDate>2018/04/24 11:09</PriceUpdateDate>
      <ItemCode>7290012938405</ItemCode>
      <ItemType>1</ItemType>
      <ItemName>דיימונד עבה 087</ItemName>
      <ManufactureName>גורי ע.ע.ע בעמ</ManufactureName>
      <ManufactureCountry />
      <ManufactureItemDescription />
      <UnitQty>יח`</UnitQty>
      <Quantity>1</Quantity>
      <UnitMeasure />
      <BisWeighted>0</BisWeighted>
      <QtyInPackage>1</QtyInPackage>
      <ItemPrice>14.90</ItemPrice>
      <UnitOfMeasurePrice>14.90</UnitOfMeasurePrice>
      <AllowDiscount>0</AllowDiscount>
      <itemStatus>1</itemStatus>
      <LastUpdateDate />
      <LastUpdateTime />
    </Product>
    <Product>
      <PriceUpdateDate>2019/04/11 10:04</PriceUpdateDate>
      <ItemCode>7290012938580</ItemCode>
      <ItemType>1</ItemType>
      <ItemName>הלבנה עדינה סנסודיין (75 מל)</ItemName>
      <ManufactureName>גורי ע.ע.ע בעמ</ManufactureName>
      <ManufactureCountry />
      <ManufactureItemDescription />
      <UnitQty>יח`</UnitQty>
      <Quantity>0.75</Quantity>
      <UnitMeasure>100 מ"ל</UnitMeasure>
      <BisWeighted>0</BisWeighted>
      <QtyInPackage>1</QtyInPackage>
      <ItemPrice>20</ItemPrice>
      <UnitOfMeasurePrice>26.67</UnitOfMeasurePrice>
      <AllowDiscount>1</AllowDiscount>
      <itemStatus>1</itemStatus>
      <LastUpdateDate />
      <LastUpdateTime />
    </Product>
    <Product>
      <PriceUpdateDate>2018/04/24 11:25</PriceUpdateDate>
      <ItemCode>7290012938740</ItemCode>
      <ItemType>1</ItemType>
      <ItemName>משחת שיניים בטעם מנטה סנסודיין (75 מל)</ItemName>
      <ManufactureName>גורי ע.ע.ע בעמ</ManufactureName>
      <ManufactureCountry />
      <ManufactureItemDescription />
      <UnitQty>יח`</UnitQty>
      <Quantity>0.75</Quantity>
      <UnitMeasure>100 גרם</UnitMeasure>
      <BisWeighted>0</BisWeighted>
      <QtyInPackage>1</QtyInPackage>
      <ItemPrice>20</ItemPrice>
      <UnitOfMeasurePrice>26.67</UnitOfMeasurePrice>
      <AllowDiscount>1</AllowDiscount>
      <itemStatus>1</itemStatus>
      <LastUpdateDate />
      <LastUpdateTime />
    </Product>
    <Product>
      <PriceUpdateDate>2018/04/24 11:53</PriceUpdateDate>
      <ItemCode>7290012962448</ItemCode>
      <ItemType>1</ItemType>
      <ItemName>מדליק פחם נוזלי 250 מל</ItemName>
      <ManufactureName>אינטרסן 1996 בעמ</ManufactureName>
      <ManufactureCountry />
      <ManufactureItemDescription />
      <UnitQty>יח`</UnitQty>
      <Quantity>2.50</Quantity>
      <UnitMeasure>100 מ"ל</UnitMeasure>
      <BisWeighted>0</BisWeighted>
      <QtyInPackage>1</QtyInPackage>
      <ItemPrice>9.90</ItemPrice>
      <UnitOfMeasurePrice>3.96</UnitOfMeasurePrice>
      <AllowDiscount>0</AllowDiscount>
      <itemStatus>1</itemStatus>
      <LastUpdateDate />
      <LastUpdateTime />
    </Product>
    <Product>
      <PriceUpdateDate>2018/04/24 12:12</PriceUpdateDate>
      <ItemCode>7290012962561</ItemCode>
      <ItemType>1</ItemType>
      <ItemName>קיסמי שיניים במבוק הוסטס (500)</ItemName>
      <ManufactureName>אינטרסן 1996 בעמ</ManufactureName>
      <ManufactureCountry />
      <ManufactureItemDescription />
      <UnitQty>יח`</UnitQty>
      <Quantity>1</Quantity>
      <UnitMeasure />
      <BisWeighted>0</BisWeighted>
      <QtyInPackage>1</QtyInPackage>
      <ItemPrice>3.90</ItemPrice>
      <UnitOfMeasurePrice>3.90</UnitOfMeasurePrice>
      <AllowDiscount>0</AllowDiscount>
      <itemStatus>1</itemStatus>
      <LastUpdateDate />
      <LastUpdateTime />
    </Product>
    <Product>
      <PriceUpdateDate>2018/04/24 12:13</PriceUpdateDate>
      <ItemCode>7290012962592</ItemCode>
      <ItemType>1</ItemType>
      <ItemName>מדליק פחם מוצק אקולוגי 32 יח</ItemName>
      <ManufactureName>אינטרסן 1996 בעמ</ManufactureName>
      <ManufactureCountry />
      <ManufactureItemDescription />
      <UnitQty>יח`</UnitQty>
      <Quantity>1</Quantity>
      <UnitMeasure />
      <BisWeighted>0</BisWeighted>
      <QtyInPackage>1</QtyInPackage>
      <ItemPrice>6.90</ItemPrice>
      <UnitOfMeasurePrice>6.90</UnitOfMeasurePrice>
      <AllowDiscount>0</AllowDiscount>
      <itemStatus>1</itemStatus>
      <LastUpdateDate />
      <LastUpdateTime />
    </Product>
    <Product>
      <PriceUpdateDate>2018/04/24 12:11</PriceUpdateDate>
      <ItemCode>7290012962684</ItemCode>
      <ItemType>1</ItemType>
      <ItemName>שקיות צליה ג`מבו הוסטס 5 יח` בקופסא</ItemName>
      <ManufactureName>אינטרסן 1996 בעמ</ManufactureName>
      <ManufactureCountry />
      <ManufactureItemDescription />
      <UnitQty>יח`</UnitQty>
      <Quantity>1</Quantity>
      <UnitMeasure />
      <BisWeighted>0</BisWeighted>
      <QtyInPackage>1</QtyInPackage>
      <ItemPrice>4.90</ItemPrice>
      <UnitOfMeasurePrice>4.90</UnitOfMeasurePrice>
      <AllowDiscount>0</AllowDiscount>
      <itemStatus>1</itemStatus>
      <LastUpdateDate />
      <LastUpdateTime />
    </Product>
    <Product>
      <PriceUpdateDate>2020/02/21 09:08</PriceUpdateDate>
      <ItemCode>7290012983276</ItemCode>
      <ItemType>1</ItemType>
      <ItemName>סילאן 900ג - חתם סופר</ItemName>
      <ManufactureName>דנשר (1963) בעמ</ManufactureName>
      <ManufactureCountry />
      <ManufactureItemDescription />
      <UnitQty>יח`</UnitQty>
      <Quantity>9</Quantity>
      <UnitMeasure>100 גרם</UnitMeasure>
      <BisWeighted>0</BisWeighted>
      <QtyInPackage>1</QtyInPackage>
      <ItemPrice>12.90</ItemPrice>
      <UnitOfMeasurePrice>1.43</UnitOfMeasurePrice>
      <AllowDiscount>0</AllowDiscount>
      <itemStatus>1</itemStatus>
      <LastUpdateDate />
      <LastUpdateTime />
    </Product>
    <Product>
      <PriceUpdateDate>2020/02/21 09:08</PriceUpdateDate>
      <ItemCode>7290012983610</ItemCode>
      <ItemType>1</ItemType>
      <ItemName>תמר כבוש 500 גר`</ItemName>
      <ManufactureName>דנשר (1963) בעמ</ManufactureName>
      <ManufactureCountry />
      <ManufactureItemDescription />
      <UnitQty>יח`</UnitQty>
      <Quantity>5</Quantity>
      <UnitMeasure>100 גרם</UnitMeasure>
      <BisWeighted>0</BisWeighted>
      <QtyInPackage>1</QtyInPackage>
      <ItemPrice>10.90</ItemPrice>
      <UnitOfMeasurePrice>2.18</UnitOfMeasurePrice>
      <AllowDiscount>0</AllowDiscount>
      <itemStatus>1</itemStatus>
      <LastUpdateDate />
      <LastUpdateTime />
    </Product>
    <Product>
      <PriceUpdateDate>2018/04/24 10:08</PriceUpdateDate>
      <ItemCode>7290012996610</ItemCode>
      <ItemType>1</ItemType>
      <ItemName>טבליות אסלה-קופסא</ItemName>
      <ManufactureName>יעקב יעקבי ובניו בעמ</ManufactureName>
      <ManufactureCountry />
      <ManufactureItemDescription />
      <UnitQty>יח`</UnitQty>
      <Quantity>4</Quantity>
      <UnitMeasure>100 גרם</UnitMeasure>
      <BisWeighted>0</BisWeighted>
      <QtyInPackage>1</QtyInPackage>
      <ItemPrice>14.90</ItemPrice>
      <UnitOfMeasurePrice>3.73</UnitOfMeasurePrice>
      <AllowDiscount>0</AllowDiscount>
      <itemStatus>1</itemStatus>
      <LastUpdateDate />
      <LastUpdateTime />
    </Product>
    <Product>
      <PriceUpdateDate>2018/04/24 10:09</PriceUpdateDate>
      <ItemCode>7290012996672</ItemCode>
      <ItemType>1</ItemType>
      <ItemName>סבון אסלה זוגי הפי</ItemName>
      <ManufactureName>יעקב יעקבי ובניו בעמ</ManufactureName>
      <ManufactureCountry />
      <ManufactureItemDescription />
      <UnitQty>יח`</UnitQty>
      <Quantity>0.88</Quantity>
      <UnitMeasure>100 מ"ל</UnitMeasure>
      <BisWeighted>0</BisWeighted>
      <QtyInPackage>1</QtyInPackage>
      <ItemPrice>9.90</ItemPrice>
      <UnitOfMeasurePrice>11.25</UnitOfMeasurePrice>
      <AllowDiscount>0</AllowDiscount>
      <itemStatus>1</itemStatus>
      <LastUpdateDate />
      <LastUpdateTime />
    </Product>
    <Product>
      <PriceUpdateDate>2019/10/23 09:40</PriceUpdateDate>
      <ItemCode>7290013027399</ItemCode>
      <ItemType>1</ItemType>
      <ItemName>לחם אנג`ל 100 בתוספת שיפון-קל 750גר</ItemName>
      <ManufactureName>שלמה א. אנג`ל בעמ</ManufactureName>
      <ManufactureCountry />
      <ManufactureItemDescription />
      <UnitQty>יח`</UnitQty>
      <Quantity>7.50</Quantity>
      <UnitMeasure>100 גרם</UnitMeasure>
      <BisWeighted>0</BisWeighted>
      <QtyInPackage>1</QtyInPackage>
      <ItemPrice>12.90</ItemPrice>
      <UnitOfMeasurePrice>1.72</UnitOfMeasurePrice>
      <AllowDiscount>0</AllowDiscount>
      <itemStatus>1</itemStatus>
      <LastUpdateDate />
      <LastUpdateTime />
    </Product>
    <Product>
      <PriceUpdateDate>2020/01/03 08:42</PriceUpdateDate>
      <ItemCode>7290013031044</ItemCode>
      <ItemType>1</ItemType>
      <ItemName>שמן קנולה ליטר פלוס</ItemName>
      <ManufactureName>בני פאוזי שמשום (2009) בעמ</ManufactureName>
      <ManufactureCountry />
      <ManufactureItemDescription />
      <UnitQty>יח`</UnitQty>
      <Quantity>1</Quantity>
      <UnitMeasure>1 ליטר</UnitMeasure>
      <BisWeighted>0</BisWeighted>
      <QtyInPackage>1</QtyInPackage>
      <ItemPrice>5.90</ItemPrice>
      <UnitOfMeasurePrice>5.90</UnitOfMeasurePrice>
      <AllowDiscount>0</AllowDiscount>
      <itemStatus>1</itemStatus>
      <LastUpdateDate />
      <LastUpdateTime />
    </Product>
    <Product>
      <PriceUpdateDate>2019/02/20 15:05</PriceUpdateDate>
      <ItemCode>7290013038234</ItemCode>
      <ItemType>1</ItemType>
      <ItemName>אקווה נובה 2 ליטר שישיה</ItemName>
      <ManufactureName>טמפו משקאות בעמ</ManufactureName>
      <ManufactureCountry />
      <ManufactureItemDescription />
      <UnitQty>יח`</UnitQty>
      <Quantity>12</Quantity>
      <UnitMeasure>1 ליטר</UnitMeasure>
      <BisWeighted>0</BisWeighted>
      <QtyInPackage>1</QtyInPackage>
      <ItemPrice>10.90</ItemPrice>
      <UnitOfMeasurePrice>0.91</UnitOfMeasurePrice>
      <AllowDiscount>0</AllowDiscount>
      <itemStatus>1</itemStatus>
      <LastUpdateDate />
      <LastUpdateTime />
    </Product>
    <Product>
      <PriceUpdateDate>2018/04/24 09:25</PriceUpdateDate>
      <ItemCode>7290013038432</ItemCode>
      <ItemType>1</ItemType>
      <ItemName>אקווה נובה 2 ליטר בודד</ItemName>
      <ManufactureName>טמפו משקאות בעמ</ManufactureName>
      <ManufactureCountry />
      <ManufactureItemDescription />
      <UnitQty>יח`</UnitQty>
      <Quantity>2</Quantity>
      <UnitMeasure>1 ליטר</UnitMeasure>
      <BisWeighted>0</BisWeighted>
      <QtyInPackage>1</QtyInPackage>
      <ItemPrice>4</ItemPrice>
      <UnitOfMeasurePrice>2</UnitOfMeasurePrice>
      <AllowDiscount>0</AllowDiscount>
      <itemStatus>1</itemStatus>
      <LastUpdateDate />
      <LastUpdateTime />
    </Product>
    <Product>
      <PriceUpdateDate>2019/02/24 12:04</PriceUpdateDate>
      <ItemCode>7290013083661</ItemCode>
      <ItemType>1</ItemType>
      <ItemName>מטרנה אקסטרא קייר 700 גר` שלב 1</ItemName>
      <ManufactureName>קבוצת אסם סחר שות. מוגבלת</ManufactureName>
      <ManufactureCountry />
      <ManufactureItemDescription />
      <UnitQty>יח`</UnitQty>
      <Quantity>7</Quantity>
      <UnitMeasure>100 גרם</UnitMeasure>
      <BisWeighted>0</BisWeighted>
      <QtyInPackage>1</QtyInPackage>
      <ItemPrice>59.90</ItemPrice>
      <UnitOfMeasurePrice>8.56</UnitOfMeasurePrice>
      <AllowDiscount>1</AllowDiscount>
      <itemStatus>1</itemStatus>
      <LastUpdateDate />
      <LastUpdateTime />
    </Product>
    <Product>
      <PriceUpdateDate>2019/02/24 12:04</PriceUpdateDate>
      <ItemCode>7290013083678</ItemCode>
      <ItemType>1</ItemType>
      <ItemName>מטרנה אקסטרא קייר 700 גר` שלב 2</ItemName>
      <ManufactureName>קבוצת אסם סחר שות. מוגבלת</ManufactureName>
      <ManufactureCountry />
      <ManufactureItemDescription />
      <UnitQty>יח`</UnitQty>
      <Quantity>7</Quantity>
      <UnitMeasure>100 גרם</UnitMeasure>
      <BisWeighted>0</BisWeighted>
      <QtyInPackage>1</QtyInPackage>
      <ItemPrice>59.90</ItemPrice>
      <UnitOfMeasurePrice>8.56</UnitOfMeasurePrice>
      <AllowDiscount>1</AllowDiscount>
      <itemStatus>1</itemStatus>
      <LastUpdateDate />
      <LastUpdateTime />
    </Product>
    <Product>
      <PriceUpdateDate>2018/07/08 11:12</PriceUpdateDate>
      <ItemCode>7290013117212</ItemCode>
      <ItemType>1</ItemType>
      <ItemName>בורקס פילו גבינה מעדנות</ItemName>
      <ManufactureName>תנובה קפואים</ManufactureName>
      <ManufactureCountry />
      <ManufactureItemDescription />
      <UnitQty>יח`</UnitQty>
      <Quantity>6</Quantity>
      <UnitMeasure>100 גרם</UnitMeasure>
      <BisWeighted>0</BisWeighted>
      <QtyInPackage>1</QtyInPackage>
      <ItemPrice>21.90</ItemPrice>
      <UnitOfMeasurePrice>3.65</UnitOfMeasurePrice>
      <AllowDiscount>1</AllowDiscount>
      <itemStatus>1</itemStatus>
      <LastUpdateDate />
      <LastUpdateTime />
    </Product>
    <Product>
      <PriceUpdateDate>2018/07/25 10:20</PriceUpdateDate>
      <ItemCode>7290013117229</ItemCode>
      <ItemType>1</ItemType>
      <ItemName>בורקס פילו תפוא מעדנות</ItemName>
      <ManufactureName>תנובה קפואים</ManufactureName>
      <ManufactureCountry />
      <ManufactureItemDescription />
      <UnitQty>יח`</UnitQty>
      <Quantity>6</Quantity>
      <UnitMeasure>100 גרם</UnitMeasure>
      <BisWeighted>0</BisWeighted>
      <QtyInPackage>1</QtyInPackage>
      <ItemPrice>21.90</ItemPrice>
      <UnitOfMeasurePrice>3.65</UnitOfMeasurePrice>
      <AllowDiscount>1</AllowDiscount>
      <itemStatus>1</itemStatus>
      <LastUpdateDate />
      <LastUpdateTime />
    </Product>
    <Product>
      <PriceUpdateDate>2018/04/24 09:43</PriceUpdateDate>
      <ItemCode>7290013117236</ItemCode>
      <ItemType>1</ItemType>
      <ItemName>בורקס פילו פיצה מעדנות</ItemName>
      <ManufactureName>תנובה קפואים</ManufactureName>
      <ManufactureCountry />
      <ManufactureItemDescription />
      <UnitQty>יח`</UnitQty>
      <Quantity>6</Quantity>
      <UnitMeasure>100 גרם</UnitMeasure>
      <BisWeighted>0</BisWeighted>
      <QtyInPackage>1</QtyInPackage>
      <ItemPrice>21.90</ItemPrice>
      <UnitOfMeasurePrice>3.65</UnitOfMeasurePrice>
      <AllowDiscount>1</AllowDiscount>
      <itemStatus>1</itemStatus>
      <LastUpdateDate />
      <LastUpdateTime />
    </Product>
    <Product>
      <PriceUpdateDate>2018/04/24 09:43</PriceUpdateDate>
      <ItemCode>7290013117243</ItemCode>
      <ItemType>1</ItemType>
      <ItemName>בורקס פילו בולגרית מעדנות</ItemName>
      <ManufactureName>תנובה קפואים</ManufactureName>
      <ManufactureCountry />
      <ManufactureItemDescription />
      <UnitQty>יח`</UnitQty>
      <Quantity>6</Quantity>
      <UnitMeasure>100 גרם</UnitMeasure>
      <BisWeighted>0</BisWeighted>
      <QtyInPackage>1</QtyInPackage>
      <ItemPrice>21.90</ItemPrice>
      <UnitOfMeasurePrice>3.65</UnitOfMeasurePrice>
      <AllowDiscount>1</AllowDiscount>
      <itemStatus>1</itemStatus>
      <LastUpdateDate />
      <LastUpdateTime />
    </Product>
    <Product>
      <PriceUpdateDate>2018/04/24 09:45</PriceUpdateDate>
      <ItemCode>7290013117526</ItemCode>
      <ItemType>1</ItemType>
      <ItemName>בצק שמרים מתוק מעדנות</ItemName>
      <ManufactureName>תנובה קפואים</ManufactureName>
      <ManufactureCountry />
      <ManufactureItemDescription />
      <UnitQty>יח`</UnitQty>
      <Quantity>9</Quantity>
      <UnitMeasure>100 גרם</UnitMeasure>
      <BisWeighted>0</BisWeighted>
      <QtyInPackage>1</QtyInPackage>
      <ItemPrice>22.90</ItemPrice>
      <UnitOfMeasurePrice>2.54</UnitOfMeasurePrice>
      <AllowDiscount>1</AllowDiscount>
      <itemStatus>1</itemStatus>
      <LastUpdateDate />
      <LastUpdateTime />
    </Product>
    <Product>
      <PriceUpdateDate>2018/04/24 11:32</PriceUpdateDate>
      <ItemCode>7290013121028</ItemCode>
      <ItemType>1</ItemType>
      <ItemName>לחם לבן גרין לייט (500 גרם)</ItemName>
      <ManufactureName>זוגלובק-גרין לייט</ManufactureName>
      <ManufactureCountry />
      <ManufactureItemDescription />
      <UnitQty>יח`</UnitQty>
      <Quantity>5</Quantity>
      <UnitMeasure>100 גרם</UnitMeasure>
      <BisWeighted>0</BisWeighted>
      <QtyInPackage>1</QtyInPackage>
      <ItemPrice>15.90</ItemPrice>
      <UnitOfMeasurePrice>3.18</UnitOfMeasurePrice>
      <AllowDiscount>0</AllowDiscount>
      <itemStatus>1</itemStatus>
      <LastUpdateDate />
      <LastUpdateTime />
    </Product>
    <Product>
      <PriceUpdateDate>2018/04/24 11:32</PriceUpdateDate>
      <ItemCode>7290013121110</ItemCode>
      <ItemType>1</ItemType>
      <ItemName>לחמניות בורגר 350  גר`ללא גלוטן</ItemName>
      <ManufactureName>זוגלובק-גרין לייט</ManufactureName>
      <ManufactureCountry />
      <ManufactureItemDescription />
      <UnitQty>יח`</UnitQty>
      <Quantity>3.50</Quantity>
      <UnitMeasure>100 גרם</UnitMeasure>
      <BisWeighted>0</BisWeighted>
      <QtyInPackage>1</QtyInPackage>
      <ItemPrice>13.90</ItemPrice>
      <UnitOfMeasurePrice>3.97</UnitOfMeasurePrice>
      <AllowDiscount>0</AllowDiscount>
      <itemStatus>1</itemStatus>
      <LastUpdateDate />
      <LastUpdateTime />
    </Product>
    <Product>
      <PriceUpdateDate>2018/04/24 11:33</PriceUpdateDate>
      <ItemCode>7290013121127</ItemCode>
      <ItemType>1</ItemType>
      <ItemName>לחמיני`ס גרין לייט (420 גרם)</ItemName>
      <ManufactureName>זוגלובק-גרין לייט</ManufactureName>
      <ManufactureCountry />
      <ManufactureItemDescription />
      <UnitQty>יח`</UnitQty>
      <Quantity>4.80</Quantity>
      <UnitMeasure>100 גרם</UnitMeasure>
      <BisWeighted>0</BisWeighted>
      <QtyInPackage>1</QtyInPackage>
      <ItemPrice>15.90</ItemPrice>
      <UnitOfMeasurePrice>3.31</UnitOfMeasurePrice>
      <AllowDiscount>0</AllowDiscount>
      <itemStatus>1</itemStatus>
      <LastUpdateDate />
      <LastUpdateTime />
    </Product>
    <Product>
      <PriceUpdateDate>2018/04/24 11:32</PriceUpdateDate>
      <ItemCode>7290013121158</ItemCode>
      <ItemType>1</ItemType>
      <ItemName>לחמניות  סנדוויץ`גרין לייט (115x4 גרם)</ItemName>
      <ManufactureName>זוגלובק-גרין לייט</ManufactureName>
      <ManufactureCountry />
      <ManufactureItemDescription />
      <UnitQty>יח`</UnitQty>
      <Quantity>1</Quantity>
      <UnitMeasure />
      <BisWeighted>0</BisWeighted>
      <QtyInPackage>1</QtyInPackage>
      <ItemPrice>15.90</ItemPrice>
      <UnitOfMeasurePrice>15.90</UnitOfMeasurePrice>
      <AllowDiscount>0</AllowDiscount>
      <itemStatus>1</itemStatus>
      <LastUpdateDate />
      <LastUpdateTime />
    </Product>
    <Product>
      <PriceUpdateDate>2018/04/24 12:26</PriceUpdateDate>
      <ItemCode>7290013121165</ItemCode>
      <ItemType>1</ItemType>
      <ItemName>לחמניות נקנקיה ללא גלוטן</ItemName>
      <ManufactureName>זוגלובק-גרין לייט</ManufactureName>
      <ManufactureCountry />
      <ManufactureItemDescription />
      <UnitQty>יח`</UnitQty>
      <Quantity>4.60</Quantity>
      <UnitMeasure>100 גרם</UnitMeasure>
      <BisWeighted>0</BisWeighted>
      <QtyInPackage>1</QtyInPackage>
      <ItemPrice>15.90</ItemPrice>
      <UnitOfMeasurePrice>3.46</UnitOfMeasurePrice>
      <AllowDiscount>0</AllowDiscount>
      <itemStatus>1</itemStatus>
      <LastUpdateDate />
      <LastUpdateTime />
    </Product>
    <Product>
      <PriceUpdateDate>2018/04/24 12:26</PriceUpdateDate>
      <ItemCode>7290013121752</ItemCode>
      <ItemType>1</ItemType>
      <ItemName>לחם לבן ביתי ללא גלוטן</ItemName>
      <ManufactureName>זוגלובק-גרין לייט</ManufactureName>
      <ManufactureCountry />
      <ManufactureItemDescription />
      <UnitQty>יח`</UnitQty>
      <Quantity>7</Quantity>
      <UnitMeasure>100 גרם</UnitMeasure>
      <BisWeighted>0</BisWeighted>
      <QtyInPackage>1</QtyInPackage>
      <ItemPrice>15.90</ItemPrice>
      <UnitOfMeasurePrice>2.27</UnitOfMeasurePrice>
      <AllowDiscount>0</AllowDiscount>
      <itemStatus>1</itemStatus>
      <LastUpdateDate />
      <LastUpdateTime />
    </Product>
    <Product>
      <PriceUpdateDate>2019/07/21 09:03</PriceUpdateDate>
      <ItemCode>7290013144225</ItemCode>
      <ItemType>1</ItemType>
      <ItemName>תערובת עוגת שיש 560 גר`</ItemName>
      <ManufactureName>מימונס אפיה בעמ</ManufactureName>
      <ManufactureCountry />
      <ManufactureItemDescription />
      <UnitQty>יח`</UnitQty>
      <Quantity>5.60</Quantity>
      <UnitMeasure>100 גרם</UnitMeasure>
      <BisWeighted>0</BisWeighted>
      <QtyInPackage>1</QtyInPackage>
      <ItemPrice>15.90</ItemPrice>
      <UnitOfMeasurePrice>2.84</UnitOfMeasurePrice>
      <AllowDiscount>1</AllowDiscount>
      <itemStatus>1</itemStatus>
      <LastUpdateDate />
      <LastUpdateTime />
    </Product>
    <Product>
      <PriceUpdateDate>2018/04/24 10:49</PriceUpdateDate>
      <ItemCode>7290013144249</ItemCode>
      <ItemType>1</ItemType>
      <ItemName>פודינג בטעם שוקולד 95 גר` מימונס</ItemName>
      <ManufactureName>מימונס אפיה בעמ</ManufactureName>
      <ManufactureCountry />
      <ManufactureItemDescription />
      <UnitQty>יח`</UnitQty>
      <Quantity>0.95</Quantity>
      <UnitMeasure>100 גרם</UnitMeasure>
      <BisWeighted>0</BisWeighted>
      <QtyInPackage>1</QtyInPackage>
      <ItemPrice>5.90</ItemPrice>
      <UnitOfMeasurePrice>6.21</UnitOfMeasurePrice>
      <AllowDiscount>1</AllowDiscount>
      <itemStatus>1</itemStatus>
      <LastUpdateDate />
      <LastUpdateTime />
    </Product>
    <Product>
      <PriceUpdateDate>2018/04/24 10:49</PriceUpdateDate>
      <ItemCode>7290013144263</ItemCode>
      <ItemType>1</ItemType>
      <ItemName>מלבי 112 גר`</ItemName>
      <ManufactureName>מימונס אפיה בעמ</ManufactureName>
      <ManufactureCountry />
      <ManufactureItemDescription />
      <UnitQty>יח`</UnitQty>
      <Quantity>1</Quantity>
      <UnitMeasure>100 גרם</UnitMeasure>
      <BisWeighted>0</BisWeighted>
      <QtyInPackage>1</QtyInPackage>
      <ItemPrice>10.90</ItemPrice>
      <UnitOfMeasurePrice>10.90</UnitOfMeasurePrice>
      <AllowDiscount>0</AllowDiscount>
      <itemStatus>1</itemStatus>
      <LastUpdateDate />
      <LastUpdateTime />
    </Product>
    <Product>
      <PriceUpdateDate>2018/04/24 10:49</PriceUpdateDate>
      <ItemCode>7290013144270</ItemCode>
      <ItemType>1</ItemType>
      <ItemName>קרם פטיסייר 100 גר`</ItemName>
      <ManufactureName>מימונס אפיה בעמ</ManufactureName>
      <ManufactureCountry />
      <ManufactureItemDescription />
      <UnitQty>יח`</UnitQty>
      <Quantity>1</Quantity>
      <UnitMeasure>100 גרם</UnitMeasure>
      <BisWeighted>0</BisWeighted>
      <QtyInPackage>1</QtyInPackage>
      <ItemPrice>10.90</ItemPrice>
      <UnitOfMeasurePrice>10.90</UnitOfMeasurePrice>
      <AllowDiscount>0</AllowDiscount>
      <itemStatus>1</itemStatus>
      <LastUpdateDate />
      <LastUpdateTime />
    </Product>
    <Product>
      <PriceUpdateDate>2019/07/21 09:03</PriceUpdateDate>
      <ItemCode>7290013144287</ItemCode>
      <ItemType>1</ItemType>
      <ItemName>ג`לי בטעם תות 85 גר` מימונס</ItemName>
      <ManufactureName>מימונס אפיה בעמ</ManufactureName>
      <ManufactureCountry />
      <ManufactureItemDescription />
      <UnitQty>יח`</UnitQty>
      <Quantity>0.85</Quantity>
      <UnitMeasure>100 גרם</UnitMeasure>
      <BisWeighted>0</BisWeighted>
      <QtyInPackage>1</QtyInPackage>
      <ItemPrice>5.90</ItemPrice>
      <UnitOfMeasurePrice>6.94</UnitOfMeasurePrice>
      <AllowDiscount>1</AllowDiscount>
      <itemStatus>1</itemStatus>
      <LastUpdateDate />
      <LastUpdateTime />
    </Product>
    <Product>
      <PriceUpdateDate>2018/04/24 10:49</PriceUpdateDate>
      <ItemCode>7290013144317</ItemCode>
      <ItemType>1</ItemType>
      <ItemName>גלילית וופל למילוי ג`וני</ItemName>
      <ManufactureName>מימונס אפיה בעמ</ManufactureName>
      <ManufactureCountry />
      <ManufactureItemDescription />
      <UnitQty>יח`</UnitQty>
      <Quantity>4</Quantity>
      <UnitMeasure>100 גרם</UnitMeasure>
      <BisWeighted>0</BisWeighted>
      <QtyInPackage>1</QtyInPackage>
      <ItemPrice>22.90</ItemPrice>
      <UnitOfMeasurePrice>5.73</UnitOfMeasurePrice>
      <AllowDiscount>1</AllowDiscount>
      <itemStatus>1</itemStatus>
      <LastUpdateDate />
      <LastUpdateTime />
    </Product>
    <Product>
      <PriceUpdateDate>2019/07/21 09:03</PriceUpdateDate>
      <ItemCode>7290013144416</ItemCode>
      <ItemType>1</ItemType>
      <ItemName>תמצית אפיה בטעם שקדים 50 מל מימונס</ItemName>
      <ManufactureName>מימונס אפיה בעמ</ManufactureName>
      <ManufactureCountry />
      <ManufactureItemDescription />
      <UnitQty>יח`</UnitQty>
      <Quantity>0.50</Quantity>
      <UnitMeasure>100 גרם</UnitMeasure>
      <BisWeighted>0</BisWeighted>
      <QtyInPackage>1</QtyInPackage>
      <ItemPrice>4.50</ItemPrice>
      <UnitOfMeasurePrice>9</UnitOfMeasurePrice>
      <AllowDiscount>0</AllowDiscount>
      <itemStatus>1</itemStatus>
      <LastUpdateDate />
      <LastUpdateTime />
    </Product>
    <Product>
      <PriceUpdateDate>2018/04/24 10:51</PriceUpdateDate>
      <ItemCode>7290013144508</ItemCode>
      <ItemType>1</ItemType>
      <ItemName>תמצית אפיה בטעם ורדים 50 מל מימונס</ItemName>
      <ManufactureName>מימונס אפיה בעמ</ManufactureName>
      <ManufactureCountry />
      <ManufactureItemDescription />
      <UnitQty>יח`</UnitQty>
      <Quantity>0.50</Quantity>
      <UnitMeasure>100 גרם</UnitMeasure>
      <BisWeighted>0</BisWeighted>
      <QtyInPackage>1</QtyInPackage>
      <ItemPrice>9.90</ItemPrice>
      <UnitOfMeasurePrice>19.80</UnitOfMeasurePrice>
      <AllowDiscount>0</AllowDiscount>
      <itemStatus>1</itemStatus>
      <LastUpdateDate />
      <LastUpdateTime />
    </Product>
    <Product>
      <PriceUpdateDate>2018/04/24 10:51</PriceUpdateDate>
      <ItemCode>7290013144539</ItemCode>
      <ItemType>1</ItemType>
      <ItemName>צבע מאכל אדום מימונס (50 מל)</ItemName>
      <ManufactureName>מימונס אפיה בעמ</ManufactureName>
      <ManufactureCountry />
      <ManufactureItemDescription />
      <UnitQty>יח`</UnitQty>
      <Quantity>0.50</Quantity>
      <UnitMeasure>100 גרם</UnitMeasure>
      <BisWeighted>0</BisWeighted>
      <QtyInPackage>1</QtyInPackage>
      <ItemPrice>4.90</ItemPrice>
      <UnitOfMeasurePrice>9.80</UnitOfMeasurePrice>
      <AllowDiscount>0</AllowDiscount>
      <itemStatus>1</itemStatus>
      <LastUpdateDate />
      <LastUpdateTime />
    </Product>
    <Product>
      <PriceUpdateDate>2018/07/08 11:12</PriceUpdateDate>
      <ItemCode>7290013144614</ItemCode>
      <ItemType>1</ItemType>
      <ItemName>סירופ מייפל אמיתי מימונס (236 מל)</ItemName>
      <ManufactureName>מימונס אפיה בעמ</ManufactureName>
      <ManufactureCountry />
      <ManufactureItemDescription />
      <UnitQty>יח`</UnitQty>
      <Quantity>2.36</Quantity>
      <UnitMeasure>100 מ"ל</UnitMeasure>
      <BisWeighted>0</BisWeighted>
      <QtyInPackage>1</QtyInPackage>
      <ItemPrice>38.90</ItemPrice>
      <UnitOfMeasurePrice>16.48</UnitOfMeasurePrice>
      <AllowDiscount>1</AllowDiscount>
      <itemStatus>1</itemStatus>
      <LastUpdateDate />
      <LastUpdateTime />
    </Product>
    <Product>
      <PriceUpdateDate>2018/04/24 12:14</PriceUpdateDate>
      <ItemCode>7290013144751</ItemCode>
      <ItemType>1</ItemType>
      <ItemName>סירופ מייפל מימונס (500 גרם)</ItemName>
      <ManufactureName>מימונס אפיה בעמ</ManufactureName>
      <ManufactureCountry />
      <ManufactureItemDescription />
      <UnitQty>יח`</UnitQty>
      <Quantity>5</Quantity>
      <UnitMeasure>100 מ"ל</UnitMeasure>
      <BisWeighted>0</BisWeighted>
      <QtyInPackage>1</QtyInPackage>
      <ItemPrice>14.90</ItemPrice>
      <UnitOfMeasurePrice>2.98</UnitOfMeasurePrice>
      <AllowDiscount>0</AllowDiscount>
      <itemStatus>1</itemStatus>
      <LastUpdateDate />
      <LastUpdateTime />
    </Product>
    <Product>
      <PriceUpdateDate>2018/04/24 12:14</PriceUpdateDate>
      <ItemCode>7290013144768</ItemCode>
      <ItemType>1</ItemType>
      <ItemName>סירופ שוקולד מימונס (500 גרם)</ItemName>
      <ManufactureName>מימונס אפיה בעמ</ManufactureName>
      <ManufactureCountry />
      <ManufactureItemDescription />
      <UnitQty>יח`</UnitQty>
      <Quantity>5</Quantity>
      <UnitMeasure>100 מ"ל</UnitMeasure>
      <BisWeighted>0</BisWeighted>
      <QtyInPackage>1</QtyInPackage>
      <ItemPrice>14.90</ItemPrice>
      <UnitOfMeasurePrice>2.98</UnitOfMeasurePrice>
      <AllowDiscount>0</AllowDiscount>
      <itemStatus>1</itemStatus>
      <LastUpdateDate />
      <LastUpdateTime />
    </Product>
    <Product>
      <PriceUpdateDate>2018/04/24 12:58</PriceUpdateDate>
      <ItemCode>7290013145062</ItemCode>
      <ItemType>1</ItemType>
      <ItemName>100%סירופ מייפל אמיתי 187 מל</ItemName>
      <ManufactureName>מימונס אפיה בעמ</ManufactureName>
      <ManufactureCountry />
      <ManufactureItemDescription />
      <UnitQty>יח`</UnitQty>
      <Quantity>1.87</Quantity>
      <UnitMeasure>100 מ"ל</UnitMeasure>
      <BisWeighted>0</BisWeighted>
      <QtyInPackage>1</QtyInPackage>
      <ItemPrice>29.90</ItemPrice>
      <UnitOfMeasurePrice>15.99</UnitOfMeasurePrice>
      <AllowDiscount>1</AllowDiscount>
      <itemStatus>1</itemStatus>
      <LastUpdateDate />
      <LastUpdateTime />
    </Product>
    <Product>
      <PriceUpdateDate>2019/07/23 17:07</PriceUpdateDate>
      <ItemCode>7290013145079</ItemCode>
      <ItemType>1</ItemType>
      <ItemName>שקד טבעי גרוס מימונס (100 גרם)</ItemName>
      <ManufactureName>מימונס אפיה בעמ</ManufactureName>
      <ManufactureCountry />
      <ManufactureItemDescription />
      <UnitQty>יח`</UnitQty>
      <Quantity>1</Quantity>
      <UnitMeasure>100 גרם</UnitMeasure>
      <BisWeighted>0</BisWeighted>
      <QtyInPackage>1</QtyInPackage>
      <ItemPrice>11.90</ItemPrice>
      <UnitOfMeasurePrice>11.90</UnitOfMeasurePrice>
      <AllowDiscount>0</AllowDiscount>
      <itemStatus>1</itemStatus>
      <LastUpdateDate />
      <LastUpdateTime />
    </Product>
    <Product>
      <PriceUpdateDate>2019/07/23 17:07</PriceUpdateDate>
      <ItemCode>7290013145093</ItemCode>
      <ItemType>1</ItemType>
      <ItemName>שקד מולבן גרוס מימונס (100 גרם)</ItemName>
      <ManufactureName>מימונס אפיה בעמ</ManufactureName>
      <ManufactureCountry />
      <ManufactureItemDescription />
      <UnitQty>יח`</UnitQty>
      <Quantity>1</Quantity>
      <UnitMeasure>100 גרם</UnitMeasure>
      <BisWeighted>0</BisWeighted>
      <QtyInPackage>1</QtyInPackage>
      <ItemPrice>11.90</ItemPrice>
      <UnitOfMeasurePrice>11.90</UnitOfMeasurePrice>
      <AllowDiscount>0</AllowDiscount>
      <itemStatus>1</itemStatus>
      <LastUpdateDate />
      <LastUpdateTime />
    </Product>
    <Product>
      <PriceUpdateDate>2019/07/23 17:07</PriceUpdateDate>
      <ItemCode>7290013145123</ItemCode>
      <ItemType>1</ItemType>
      <ItemName>שקד מולבן פרוס 100 גר`</ItemName>
      <ManufactureName>מימונס אפיה בעמ</ManufactureName>
      <ManufactureCountry />
      <ManufactureItemDescription />
      <UnitQty>יח`</UnitQty>
      <Quantity>1</Quantity>
      <UnitMeasure>100 גרם</UnitMeasure>
      <BisWeighted>0</BisWeighted>
      <QtyInPackage>1</QtyInPackage>
      <ItemPrice>11.90</ItemPrice>
      <UnitOfMeasurePrice>11.90</UnitOfMeasurePrice>
      <AllowDiscount>0</AllowDiscount>
      <itemStatus>1</itemStatus>
      <LastUpdateDate />
      <LastUpdateTime />
    </Product>
    <Product>
      <PriceUpdateDate>2019/07/23 17:07</PriceUpdateDate>
      <ItemCode>7290013145130</ItemCode>
      <ItemType>1</ItemType>
      <ItemName>שקד מולבן חצוי מימונס (100 גרם)</ItemName>
      <ManufactureName>מימונס אפיה בעמ</ManufactureName>
      <ManufactureCountry />
      <ManufactureItemDescription />
      <UnitQty>יח`</UnitQty>
      <Quantity>1</Quantity>
      <UnitMeasure>100 גרם</UnitMeasure>
      <BisWeighted>0</BisWeighted>
      <QtyInPackage>1</QtyInPackage>
      <ItemPrice>11.90</ItemPrice>
      <UnitOfMeasurePrice>11.90</UnitOfMeasurePrice>
      <AllowDiscount>0</AllowDiscount>
      <itemStatus>1</itemStatus>
      <LastUpdateDate />
      <LastUpdateTime />
    </Product>
    <Product>
      <PriceUpdateDate>2019/07/21 09:03</PriceUpdateDate>
      <ItemCode>7290013145161</ItemCode>
      <ItemType>1</ItemType>
      <ItemName>פקאן מסוכר מימונס (100 גרם)</ItemName>
      <ManufactureName>מימונס אפיה בעמ</ManufactureName>
      <ManufactureCountry />
      <ManufactureItemDescription />
      <UnitQty>יח`</UnitQty>
      <Quantity>1</Quantity>
      <UnitMeasure>100 גרם</UnitMeasure>
      <BisWeighted>0</BisWeighted>
      <QtyInPackage>1</QtyInPackage>
      <ItemPrice>15.90</ItemPrice>
      <UnitOfMeasurePrice>15.90</UnitOfMeasurePrice>
      <AllowDiscount>0</AllowDiscount>
      <itemStatus>1</itemStatus>
      <LastUpdateDate />
      <LastUpdateTime />
    </Product>
    <Product>
      <PriceUpdateDate>2018/04/24 10:42</PriceUpdateDate>
      <ItemCode>7290013145178</ItemCode>
      <ItemType>1</ItemType>
      <ItemName>קוקוס לבן טחון מימונס (100 גרם)</ItemName>
      <ManufactureName>מימונס אפיה בעמ</ManufactureName>
      <ManufactureCountry />
      <ManufactureItemDescription />
      <UnitQty>יח`</UnitQty>
      <Quantity>1</Quantity>
      <UnitMeasure>100 גרם</UnitMeasure>
      <BisWeighted>0</BisWeighted>
      <QtyInPackage>1</QtyInPackage>
      <ItemPrice>4.90</ItemPrice>
      <UnitOfMeasurePrice>4.90</UnitOfMeasurePrice>
      <AllowDiscount>0</AllowDiscount>
      <itemStatus>1</itemStatus>
      <LastUpdateDate />
      <LastUpdateTime />
    </Product>
    <Product>
      <PriceUpdateDate>2018/04/24 10:42</PriceUpdateDate>
      <ItemCode>7290013145192</ItemCode>
      <ItemType>1</ItemType>
      <ItemName>שומשום מימונס (100 גרם)</ItemName>
      <ManufactureName>מימונס אפיה בעמ</ManufactureName>
      <ManufactureCountry />
      <ManufactureItemDescription />
      <UnitQty>יח`</UnitQty>
      <Quantity>1</Quantity>
      <UnitMeasure>100 גרם</UnitMeasure>
      <BisWeighted>0</BisWeighted>
      <QtyInPackage>1</QtyInPackage>
      <ItemPrice>4.90</ItemPrice>
      <UnitOfMeasurePrice>4.90</UnitOfMeasurePrice>
      <AllowDiscount>0</AllowDiscount>
      <itemStatus>1</itemStatus>
      <LastUpdateDate />
      <LastUpdateTime />
    </Product>
    <Product>
      <PriceUpdateDate>2018/10/15 10:11</PriceUpdateDate>
      <ItemCode>7290013145215</ItemCode>
      <ItemType>1</ItemType>
      <ItemName>שומשום מימונס (400 גרם)</ItemName>
      <ManufactureName>מימונס אפיה בעמ</ManufactureName>
      <ManufactureCountry />
      <ManufactureItemDescription />
      <UnitQty>יח`</UnitQty>
      <Quantity>4</Quantity>
      <UnitMeasure>100 גרם</UnitMeasure>
      <BisWeighted>0</BisWeighted>
      <QtyInPackage>1</QtyInPackage>
      <ItemPrice>14.90</ItemPrice>
      <UnitOfMeasurePrice>3.73</UnitOfMeasurePrice>
      <AllowDiscount>0</AllowDiscount>
      <itemStatus>1</itemStatus>
      <LastUpdateDate />
      <LastUpdateTime />
    </Product>
    <Product>
      <PriceUpdateDate>2018/04/24 11:28</PriceUpdateDate>
      <ItemCode>7290013145246</ItemCode>
      <ItemType>1</ItemType>
      <ItemName>גרעין חמנייה מקולף</ItemName>
      <ManufactureName>מימונס אפיה בעמ</ManufactureName>
      <ManufactureCountry />
      <ManufactureItemDescription />
      <UnitQty>יח`</UnitQty>
      <Quantity>1</Quantity>
      <UnitMeasure>100 גרם</UnitMeasure>
      <BisWeighted>0</BisWeighted>
      <QtyInPackage>1</QtyInPackage>
      <ItemPrice>5.90</ItemPrice>
      <UnitOfMeasurePrice>5.90</UnitOfMeasurePrice>
      <AllowDiscount>0</AllowDiscount>
      <itemStatus>1</itemStatus>
      <LastUpdateDate />
      <LastUpdateTime />
    </Product>
    <Product>
      <PriceUpdateDate>2018/04/24 13:13</PriceUpdateDate>
      <ItemCode>7290013145277</ItemCode>
      <ItemType>1</ItemType>
      <ItemName>עלים לקרמשניט 300 גר</ItemName>
      <ManufactureName>מימונס אפיה בעמ</ManufactureName>
      <ManufactureCountry />
      <ManufactureItemDescription />
      <UnitQty>יח`</UnitQty>
      <Quantity>3</Quantity>
      <UnitMeasure>100 גרם</UnitMeasure>
      <BisWeighted>0</BisWeighted>
      <QtyInPackage>1</QtyInPackage>
      <ItemPrice>15.90</ItemPrice>
      <UnitOfMeasurePrice>5.30</UnitOfMeasurePrice>
      <AllowDiscount>1</AllowDiscount>
      <itemStatus>1</itemStatus>
      <LastUpdateDate />
      <LastUpdateTime />
    </Product>
    <Product>
      <PriceUpdateDate>2018/04/24 10:43</PriceUpdateDate>
      <ItemCode>7290013145598</ItemCode>
      <ItemType>1</ItemType>
      <ItemName>טיפות לקישוט עוגה מימונס (60 גרם)</ItemName>
      <ManufactureName>מימונס אפיה בעמ</ManufactureName>
      <ManufactureCountry />
      <ManufactureItemDescription />
      <UnitQty>יח`</UnitQty>
      <Quantity>0.60</Quantity>
      <UnitMeasure>100 גרם</UnitMeasure>
      <BisWeighted>0</BisWeighted>
      <QtyInPackage>1</QtyInPackage>
      <ItemPrice>15.90</ItemPrice>
      <UnitOfMeasurePrice>26.50</UnitOfMeasurePrice>
      <AllowDiscount>0</AllowDiscount>
      <itemStatus>1</itemStatus>
      <LastUpdateDate />
      <LastUpdateTime />
    </Product>
    <Product>
      <PriceUpdateDate>2018/04/24 10:44</PriceUpdateDate>
      <ItemCode>7290013145840</ItemCode>
      <ItemType>1</ItemType>
      <ItemName>סוכר וניל מימונס (10x10 גרם)</ItemName>
      <ManufactureName>מימונס אפיה בעמ</ManufactureName>
      <ManufactureCountry />
      <ManufactureItemDescription />
      <UnitQty>יח`</UnitQty>
      <Quantity>10</Quantity>
      <UnitMeasure>יח`</UnitMeasure>
      <BisWeighted>0</BisWeighted>
      <QtyInPackage>1</QtyInPackage>
      <ItemPrice>2.90</ItemPrice>
      <UnitOfMeasurePrice>0.29</UnitOfMeasurePrice>
      <AllowDiscount>0</AllowDiscount>
      <itemStatus>1</itemStatus>
      <LastUpdateDate />
      <LastUpdateTime />
    </Product>
    <Product>
      <PriceUpdateDate>2019/01/04 07:45</PriceUpdateDate>
      <ItemCode>7290013145857</ItemCode>
      <ItemType>1</ItemType>
      <ItemName>אבקת אפיה מימונס (10x10 גרם)</ItemName>
      <ManufactureName>מימונס אפיה בעמ</ManufactureName>
      <ManufactureCountry />
      <ManufactureItemDescription />
      <UnitQty>יח`</UnitQty>
      <Quantity>10</Quantity>
      <UnitMeasure>יח`</UnitMeasure>
      <BisWeighted>0</BisWeighted>
      <QtyInPackage>1</QtyInPackage>
      <ItemPrice>2.90</ItemPrice>
      <UnitOfMeasurePrice>0.29</UnitOfMeasurePrice>
      <AllowDiscount>0</AllowDiscount>
      <itemStatus>1</itemStatus>
      <LastUpdateDate />
      <LastUpdateTime />
    </Product>
    <Product>
      <PriceUpdateDate>2018/04/24 10:44</PriceUpdateDate>
      <ItemCode>7290013145901</ItemCode>
      <ItemType>1</ItemType>
      <ItemName>סודה לשתיה מימונס (100 גרם)</ItemName>
      <ManufactureName>מימונס אפיה בעמ</ManufactureName>
      <ManufactureCountry />
      <ManufactureItemDescription />
      <UnitQty>יח`</UnitQty>
      <Quantity>0.50</Quantity>
      <UnitMeasure>100 גרם</UnitMeasure>
      <BisWeighted>0</BisWeighted>
      <QtyInPackage>1</QtyInPackage>
      <ItemPrice>2.90</ItemPrice>
      <UnitOfMeasurePrice>5.80</UnitOfMeasurePrice>
      <AllowDiscount>0</AllowDiscount>
      <itemStatus>1</itemStatus>
      <LastUpdateDate />
      <LastUpdateTime />
    </Product>
    <Product>
      <PriceUpdateDate>2019/07/21 09:03</PriceUpdateDate>
      <ItemCode>7290013146298</ItemCode>
      <ItemType>1</ItemType>
      <ItemName>תחתיות בצק פריך לאפייה ומילוי -טארטלטים</ItemName>
      <ManufactureName>מימונס אפיה בעמ</ManufactureName>
      <ManufactureCountry />
      <ManufactureItemDescription />
      <UnitQty>יח`</UnitQty>
      <Quantity>1</Quantity>
      <UnitMeasure />
      <BisWeighted>0</BisWeighted>
      <QtyInPackage>1</QtyInPackage>
      <ItemPrice>18.90</ItemPrice>
      <UnitOfMeasurePrice>18.90</UnitOfMeasurePrice>
      <AllowDiscount>1</AllowDiscount>
      <itemStatus>1</itemStatus>
      <LastUpdateDate />
      <LastUpdateTime />
    </Product>
    <Product>
      <PriceUpdateDate>2018/04/24 10:34</PriceUpdateDate>
      <ItemCode>7290013146304</ItemCode>
      <ItemType>1</ItemType>
      <ItemName>קורנפלור 400 גר`</ItemName>
      <ManufactureName>מימונס אפיה בעמ</ManufactureName>
      <ManufactureCountry />
      <ManufactureItemDescription />
      <UnitQty>יח`</UnitQty>
      <Quantity>4</Quantity>
      <UnitMeasure>100 גרם</UnitMeasure>
      <BisWeighted>0</BisWeighted>
      <QtyInPackage>1</QtyInPackage>
      <ItemPrice>5.90</ItemPrice>
      <UnitOfMeasurePrice>1.48</UnitOfMeasurePrice>
      <AllowDiscount>0</AllowDiscount>
      <itemStatus>1</itemStatus>
      <LastUpdateDate />
      <LastUpdateTime />
    </Product>
    <Product>
      <PriceUpdateDate>2018/04/24 12:16</PriceUpdateDate>
      <ItemCode>7290013153425</ItemCode>
      <ItemType>1</ItemType>
      <ItemName>סחוט 2 ליטר פריגת פריגת לימונענע</ItemName>
      <ManufactureName>החב` המרכזית - טרה</ManufactureName>
      <ManufactureCountry />
      <ManufactureItemDescription />
      <UnitQty>יח`</UnitQty>
      <Quantity>20</Quantity>
      <UnitMeasure>100 מ"ל</UnitMeasure>
      <BisWeighted>0</BisWeighted>
      <QtyInPackage>1</QtyInPackage>
      <ItemPrice>27.90</ItemPrice>
      <UnitOfMeasurePrice>1.40</UnitOfMeasurePrice>
      <AllowDiscount>1</AllowDiscount>
      <itemStatus>1</itemStatus>
      <LastUpdateDate />
      <LastUpdateTime />
    </Product>
    <Product>
      <PriceUpdateDate>2019/11/24 15:18</PriceUpdateDate>
      <ItemCode>7290013153562</ItemCode>
      <ItemType>1</ItemType>
      <ItemName>מיץ הדרים מתקתק 100% ( 2 ליטר)</ItemName>
      <ManufactureName>החב` המרכזית - טרה</ManufactureName>
      <ManufactureCountry />
      <ManufactureItemDescription />
      <UnitQty>יח`</UnitQty>
      <Quantity>1</Quantity>
      <UnitMeasure />
      <BisWeighted>0</BisWeighted>
      <QtyInPackage>1</QtyInPackage>
      <ItemPrice>22.90</ItemPrice>
      <UnitOfMeasurePrice>22.90</UnitOfMeasurePrice>
      <AllowDiscount>0</AllowDiscount>
      <itemStatus>1</itemStatus>
      <LastUpdateDate />
      <LastUpdateTime />
    </Product>
    <Product>
      <PriceUpdateDate>2019/11/24 15:18</PriceUpdateDate>
      <ItemCode>7290013153647</ItemCode>
      <ItemType>1</ItemType>
      <ItemName>מיץ הדרים חמצמץ  (100% 2 ליטר)</ItemName>
      <ManufactureName>החב` המרכזית - טרה</ManufactureName>
      <ManufactureCountry />
      <ManufactureItemDescription />
      <UnitQty>יח`</UnitQty>
      <Quantity>1</Quantity>
      <UnitMeasure />
      <BisWeighted>0</BisWeighted>
      <QtyInPackage>1</QtyInPackage>
      <ItemPrice>22.90</ItemPrice>
      <UnitOfMeasurePrice>22.90</UnitOfMeasurePrice>
      <AllowDiscount>0</AllowDiscount>
      <itemStatus>1</itemStatus>
      <LastUpdateDate />
      <LastUpdateTime />
    </Product>
    <Product>
      <PriceUpdateDate>2018/04/24 09:48</PriceUpdateDate>
      <ItemCode>7290013170583</ItemCode>
      <ItemType>1</ItemType>
      <ItemName>פירורית כשר לפסח 350 גר`</ItemName>
      <ManufactureName>קבוצת אסם סחר שות. מוגבלת</ManufactureName>
      <ManufactureCountry />
      <ManufactureItemDescription />
      <UnitQty>יח`</UnitQty>
      <Quantity>3.50</Quantity>
      <UnitMeasure>100 גרם</UnitMeasure>
      <BisWeighted>0</BisWeighted>
      <QtyInPackage>1</QtyInPackage>
      <ItemPrice>10.90</ItemPrice>
      <UnitOfMeasurePrice>3.11</UnitOfMeasurePrice>
      <AllowDiscount>0</AllowDiscount>
      <itemStatus>1</itemStatus>
      <LastUpdateDate />
      <LastUpdateTime />
    </Product>
    <Product>
      <PriceUpdateDate>2018/04/24 12:41</PriceUpdateDate>
      <ItemCode>7290013220042</ItemCode>
      <ItemType>1</ItemType>
      <ItemName>מיקס טרופי א.מ שרון (500 גרם)</ItemName>
      <ManufactureName>א.מ. שרון שיווק (2014) בעמ</ManufactureName>
      <ManufactureCountry />
      <ManufactureItemDescription />
      <UnitQty>יח`</UnitQty>
      <Quantity>5</Quantity>
      <UnitMeasure>100 גרם</UnitMeasure>
      <BisWeighted>0</BisWeighted>
      <QtyInPackage>1</QtyInPackage>
      <ItemPrice>24.90</ItemPrice>
      <UnitOfMeasurePrice>4.98</UnitOfMeasurePrice>
      <AllowDiscount>1</AllowDiscount>
      <itemStatus>1</itemStatus>
      <LastUpdateDate />
      <LastUpdateTime />
    </Product>
    <Product>
      <PriceUpdateDate>2019/11/18 09:47</PriceUpdateDate>
      <ItemCode>7290013220110</ItemCode>
      <ItemType>1</ItemType>
      <ItemName>פטל אדום א.מ שרון (500 גרם)</ItemName>
      <ManufactureName>א.מ. שרון שיווק (2014) בעמ</ManufactureName>
      <ManufactureCountry />
      <ManufactureItemDescription />
      <UnitQty>יח`</UnitQty>
      <Quantity>5</Quantity>
      <UnitMeasure>100 גרם</UnitMeasure>
      <BisWeighted>0</BisWeighted>
      <QtyInPackage>1</QtyInPackage>
      <ItemPrice>24.90</ItemPrice>
      <UnitOfMeasurePrice>4.98</UnitOfMeasurePrice>
      <AllowDiscount>1</AllowDiscount>
      <itemStatus>1</itemStatus>
      <LastUpdateDate />
      <LastUpdateTime />
    </Product>
    <Product>
      <PriceUpdateDate>2019/11/20 11:18</PriceUpdateDate>
      <ItemCode>7290013220127</ItemCode>
      <ItemType>1</ItemType>
      <ItemName>דומדמנית שחורה א.מ שרון (500 גרם)</ItemName>
      <ManufactureName>א.מ. שרון שיווק (2014) בעמ</ManufactureName>
      <ManufactureCountry />
      <ManufactureItemDescription />
      <UnitQty>יח`</UnitQty>
      <Quantity>5</Quantity>
      <UnitMeasure>100 גרם</UnitMeasure>
      <BisWeighted>0</BisWeighted>
      <QtyInPackage>1</QtyInPackage>
      <ItemPrice>24.90</ItemPrice>
      <UnitOfMeasurePrice>4.98</UnitOfMeasurePrice>
      <AllowDiscount>1</AllowDiscount>
      <itemStatus>1</itemStatus>
      <LastUpdateDate />
      <LastUpdateTime />
    </Product>
    <Product>
      <PriceUpdateDate>2019/11/20 11:18</PriceUpdateDate>
      <ItemCode>7290013220134</ItemCode>
      <ItemType>1</ItemType>
      <ItemName>מיקס פירות שדה א.מ שרון (500 גרם)</ItemName>
      <ManufactureName>א.מ. שרון שיווק (2014) בעמ</ManufactureName>
      <ManufactureCountry />
      <ManufactureItemDescription />
      <UnitQty>יח`</UnitQty>
      <Quantity>5</Quantity>
      <UnitMeasure>100 גרם</UnitMeasure>
      <BisWeighted>0</BisWeighted>
      <QtyInPackage>1</QtyInPackage>
      <ItemPrice>24.90</ItemPrice>
      <UnitOfMeasurePrice>4.98</UnitOfMeasurePrice>
      <AllowDiscount>1</AllowDiscount>
      <itemStatus>1</itemStatus>
      <LastUpdateDate />
      <LastUpdateTime />
    </Product>
    <Product>
      <PriceUpdateDate>2019/11/18 09:47</PriceUpdateDate>
      <ItemCode>7290013220301</ItemCode>
      <ItemType>1</ItemType>
      <ItemName>פטל שחור א.מ שרון (500 גרם)</ItemName>
      <ManufactureName>א.מ. שרון שיווק (2014) בעמ</ManufactureName>
      <ManufactureCountry />
      <ManufactureItemDescription />
      <UnitQty>יח`</UnitQty>
      <Quantity>5</Quantity>
      <UnitMeasure>100 גרם</UnitMeasure>
      <BisWeighted>0</BisWeighted>
      <QtyInPackage>1</QtyInPackage>
      <ItemPrice>24.90</ItemPrice>
      <UnitOfMeasurePrice>4.98</UnitOfMeasurePrice>
      <AllowDiscount>1</AllowDiscount>
      <itemStatus>1</itemStatus>
      <LastUpdateDate />
      <LastUpdateTime />
    </Product>
    <Product>
      <PriceUpdateDate>2018/04/24 12:41</PriceUpdateDate>
      <ItemCode>7290013220318</ItemCode>
      <ItemType>1</ItemType>
      <ItemName>חמוצית גן א.מ שרון (400 גרם)</ItemName>
      <ManufactureName>א.מ. שרון שיווק (2014) בעמ</ManufactureName>
      <ManufactureCountry />
      <ManufactureItemDescription />
      <UnitQty>יח`</UnitQty>
      <Quantity>4</Quantity>
      <UnitMeasure>100 גרם</UnitMeasure>
      <BisWeighted>0</BisWeighted>
      <QtyInPackage>1</QtyInPackage>
      <ItemPrice>24.90</ItemPrice>
      <UnitOfMeasurePrice>6.23</UnitOfMeasurePrice>
      <AllowDiscount>1</AllowDiscount>
      <itemStatus>1</itemStatus>
      <LastUpdateDate />
      <LastUpdateTime />
    </Product>
    <Product>
      <PriceUpdateDate>2019/11/18 09:47</PriceUpdateDate>
      <ItemCode>7290013220400</ItemCode>
      <ItemType>1</ItemType>
      <ItemName>מיקס פירות יער א.מ שרון (500 גרם)</ItemName>
      <ManufactureName>א.מ. שרון שיווק (2014) בעמ</ManufactureName>
      <ManufactureCountry />
      <ManufactureItemDescription />
      <UnitQty>יח`</UnitQty>
      <Quantity>5</Quantity>
      <UnitMeasure>100 גרם</UnitMeasure>
      <BisWeighted>0</BisWeighted>
      <QtyInPackage>1</QtyInPackage>
      <ItemPrice>24.90</ItemPrice>
      <UnitOfMeasurePrice>4.98</UnitOfMeasurePrice>
      <AllowDiscount>1</AllowDiscount>
      <itemStatus>1</itemStatus>
      <LastUpdateDate />
      <LastUpdateTime />
    </Product>
    <Product>
      <PriceUpdateDate>2018/04/24 12:41</PriceUpdateDate>
      <ItemCode>7290013220899</ItemCode>
      <ItemType>1</ItemType>
      <ItemName>תות שדה א.מ שרון (500 גרם)</ItemName>
      <ManufactureName>א.מ. שרון שיווק (2014) בעמ</ManufactureName>
      <ManufactureCountry />
      <ManufactureItemDescription />
      <UnitQty>יח`</UnitQty>
      <Quantity>5</Quantity>
      <UnitMeasure>100 גרם</UnitMeasure>
      <BisWeighted>0</BisWeighted>
      <QtyInPackage>1</QtyInPackage>
      <ItemPrice>24.90</ItemPrice>
      <UnitOfMeasurePrice>4.98</UnitOfMeasurePrice>
      <AllowDiscount>1</AllowDiscount>
      <itemStatus>1</itemStatus>
      <LastUpdateDate />
      <LastUpdateTime />
    </Product>
    <Product>
      <PriceUpdateDate>2019/11/18 09:47</PriceUpdateDate>
      <ItemCode>7290013220929</ItemCode>
      <ItemType>1</ItemType>
      <ItemName>אוכמנית א.מ שרון (400 גרם)</ItemName>
      <ManufactureName>א.מ. שרון שיווק (2014) בעמ</ManufactureName>
      <ManufactureCountry />
      <ManufactureItemDescription />
      <UnitQty>יח`</UnitQty>
      <Quantity>4</Quantity>
      <UnitMeasure>100 גרם</UnitMeasure>
      <BisWeighted>0</BisWeighted>
      <QtyInPackage>1</QtyInPackage>
      <ItemPrice>24.90</ItemPrice>
      <UnitOfMeasurePrice>6.23</UnitOfMeasurePrice>
      <AllowDiscount>1</AllowDiscount>
      <itemStatus>1</itemStatus>
      <LastUpdateDate />
      <LastUpdateTime />
    </Product>
    <Product>
      <PriceUpdateDate>2019/11/18 09:47</PriceUpdateDate>
      <ItemCode>7290013221001</ItemCode>
      <ItemType>1</ItemType>
      <ItemName>אננס קפוא 500 גר`</ItemName>
      <ManufactureName>א.מ. שרון שיווק (2014) בעמ</ManufactureName>
      <ManufactureCountry />
      <ManufactureItemDescription />
      <UnitQty>יח`</UnitQty>
      <Quantity>5</Quantity>
      <UnitMeasure>100 גרם</UnitMeasure>
      <BisWeighted>0</BisWeighted>
      <QtyInPackage>1</QtyInPackage>
      <ItemPrice>24.90</ItemPrice>
      <UnitOfMeasurePrice>4.98</UnitOfMeasurePrice>
      <AllowDiscount>1</AllowDiscount>
      <itemStatus>1</itemStatus>
      <LastUpdateDate />
      <LastUpdateTime />
    </Product>
    <Product>
      <PriceUpdateDate>2019/11/18 09:47</PriceUpdateDate>
      <ItemCode>7290013221018</ItemCode>
      <ItemType>1</ItemType>
      <ItemName>מנגו קפוא 500 גר`</ItemName>
      <ManufactureName>א.מ. שרון שיווק (2014) בעמ</ManufactureName>
      <ManufactureCountry />
      <ManufactureItemDescription />
      <UnitQty>יח`</UnitQty>
      <Quantity>5</Quantity>
      <UnitMeasure>100 גרם</UnitMeasure>
      <BisWeighted>0</BisWeighted>
      <QtyInPackage>1</QtyInPackage>
      <ItemPrice>24.90</ItemPrice>
      <UnitOfMeasurePrice>4.98</UnitOfMeasurePrice>
      <AllowDiscount>1</AllowDiscount>
      <itemStatus>1</itemStatus>
      <LastUpdateDate />
      <LastUpdateTime />
    </Product>
    <Product>
      <PriceUpdateDate>2019/11/18 09:48</PriceUpdateDate>
      <ItemCode>7290013221032</ItemCode>
      <ItemType>1</ItemType>
      <ItemName>מלון קפוא 500 גר`</ItemName>
      <ManufactureName>א.מ. שרון שיווק (2014) בעמ</ManufactureName>
      <ManufactureCountry />
      <ManufactureItemDescription />
      <UnitQty>יח`</UnitQty>
      <Quantity>5</Quantity>
      <UnitMeasure>100 גרם</UnitMeasure>
      <BisWeighted>0</BisWeighted>
      <QtyInPackage>1</QtyInPackage>
      <ItemPrice>24.90</ItemPrice>
      <UnitOfMeasurePrice>4.98</UnitOfMeasurePrice>
      <AllowDiscount>1</AllowDiscount>
      <itemStatus>1</itemStatus>
      <LastUpdateDate />
      <LastUpdateTime />
    </Product>
    <Product>
      <PriceUpdateDate>2018/07/08 11:12</PriceUpdateDate>
      <ItemCode>7290013267665</ItemCode>
      <ItemType>1</ItemType>
      <ItemName>מאגדת מיני סולרו פירות טרופי</ItemName>
      <ManufactureName>גלידות שטראוס בעמ</ManufactureName>
      <ManufactureCountry />
      <ManufactureItemDescription />
      <UnitQty>יח`</UnitQty>
      <Quantity>4.80</Quantity>
      <UnitMeasure>100 גרם</UnitMeasure>
      <BisWeighted>0</BisWeighted>
      <QtyInPackage>1</QtyInPackage>
      <ItemPrice>21.90</ItemPrice>
      <UnitOfMeasurePrice>4.56</UnitOfMeasurePrice>
      <AllowDiscount>1</AllowDiscount>
      <itemStatus>1</itemStatus>
      <LastUpdateDate />
      <LastUpdateTime />
    </Product>
    <Product>
      <PriceUpdateDate>2018/08/02 10:17</PriceUpdateDate>
      <ItemCode>7290013268020</ItemCode>
      <ItemType>1</ItemType>
      <ItemName>סנו מקסימה מרכך 1 ליטר כחול פסים</ItemName>
      <ManufactureName>החברה הדרומית לשיווק בעמ</ManufactureName>
      <ManufactureCountry />
      <ManufactureItemDescription />
      <UnitQty>יח`</UnitQty>
      <Quantity>10</Quantity>
      <UnitMeasure>100 מ"ל</UnitMeasure>
      <BisWeighted>0</BisWeighted>
      <QtyInPackage>1</QtyInPackage>
      <ItemPrice>17.90</ItemPrice>
      <UnitOfMeasurePrice>1.79</UnitOfMeasurePrice>
      <AllowDiscount>1</AllowDiscount>
      <itemStatus>1</itemStatus>
      <LastUpdateDate />
      <LastUpdateTime />
    </Product>
    <Product>
      <PriceUpdateDate>2019/12/19 11:35</PriceUpdateDate>
      <ItemCode>7290013268242</ItemCode>
      <ItemType>1</ItemType>
      <ItemName>ריצפז פרש הום בניחוח מלון מפנק 2 ליטר</ItemName>
      <ManufactureName>החברה הדרומית לשיווק בעמ</ManufactureName>
      <ManufactureCountry />
      <ManufactureItemDescription />
      <UnitQty>יח`</UnitQty>
      <Quantity>1</Quantity>
      <UnitMeasure />
      <BisWeighted>0</BisWeighted>
      <QtyInPackage>1</QtyInPackage>
      <ItemPrice>19.90</ItemPrice>
      <UnitOfMeasurePrice>19.90</UnitOfMeasurePrice>
      <AllowDiscount>0</AllowDiscount>
      <itemStatus>1</itemStatus>
      <LastUpdateDate />
      <LastUpdateTime />
    </Product>
    <Product>
      <PriceUpdateDate>2020/05/01 10:50</PriceUpdateDate>
      <ItemCode>7290013268372</ItemCode>
      <ItemType>1</ItemType>
      <ItemName>פוליוויקס פרקט סנו בתוספת שמן ארגן (2 לי</ItemName>
      <ManufactureName>החברה הדרומית לשיווק בעמ</ManufactureName>
      <ManufactureCountry />
      <ManufactureItemDescription />
      <UnitQty>יח`</UnitQty>
      <Quantity>1</Quantity>
      <UnitMeasure />
      <BisWeighted>0</BisWeighted>
      <QtyInPackage>1</QtyInPackage>
      <ItemPrice>21.90</ItemPrice>
      <UnitOfMeasurePrice>21.90</UnitOfMeasurePrice>
      <AllowDiscount>0</AllowDiscount>
      <itemStatus>1</itemStatus>
      <LastUpdateDate />
      <LastUpdateTime />
    </Product>
    <Product>
      <PriceUpdateDate>2018/04/24 11:30</PriceUpdateDate>
      <ItemCode>7290013268464</ItemCode>
      <ItemType>1</ItemType>
      <ItemName>קרם גוף מאסק קרמה (500 מל)</ItemName>
      <ManufactureName>החברה הדרומית לשיווק בעמ</ManufactureName>
      <ManufactureCountry />
      <ManufactureItemDescription />
      <UnitQty>יח`</UnitQty>
      <Quantity>5</Quantity>
      <UnitMeasure>100 מ"ל</UnitMeasure>
      <BisWeighted>0</BisWeighted>
      <QtyInPackage>1</QtyInPackage>
      <ItemPrice>21.90</ItemPrice>
      <UnitOfMeasurePrice>4.38</UnitOfMeasurePrice>
      <AllowDiscount>0</AllowDiscount>
      <itemStatus>1</itemStatus>
      <LastUpdateDate />
      <LastUpdateTime />
    </Product>
    <Product>
      <PriceUpdateDate>2018/06/26 08:27</PriceUpdateDate>
      <ItemCode>7290013268839</ItemCode>
      <ItemType>1</ItemType>
      <ItemName>פוליוויקס פרקט סנו (2 ליטר)</ItemName>
      <ManufactureName>החברה הדרומית לשיווק בעמ</ManufactureName>
      <ManufactureCountry />
      <ManufactureItemDescription />
      <UnitQty>יח`</UnitQty>
      <Quantity>1</Quantity>
      <UnitMeasure />
      <BisWeighted>0</BisWeighted>
      <QtyInPackage>1</QtyInPackage>
      <ItemPrice>21.90</ItemPrice>
      <UnitOfMeasurePrice>21.90</UnitOfMeasurePrice>
      <AllowDiscount>0</AllowDiscount>
      <itemStatus>1</itemStatus>
      <LastUpdateDate />
      <LastUpdateTime />
    </Product>
    <Product>
      <PriceUpdateDate>2019/04/24 11:52</PriceUpdateDate>
      <ItemCode>7290013268884</ItemCode>
      <ItemType>1</ItemType>
      <ItemName>ריצפז פרש 2 ליטר מאסק</ItemName>
      <ManufactureName>החברה הדרומית לשיווק בעמ</ManufactureName>
      <ManufactureCountry />
      <ManufactureItemDescription />
      <UnitQty>יח`</UnitQty>
      <Quantity>2</Quantity>
      <UnitMeasure>1 ליטר</UnitMeasure>
      <BisWeighted>0</BisWeighted>
      <QtyInPackage>1</QtyInPackage>
      <ItemPrice>21.90</ItemPrice>
      <UnitOfMeasurePrice>10.95</UnitOfMeasurePrice>
      <AllowDiscount>1</AllowDiscount>
      <itemStatus>1</itemStatus>
      <LastUpdateDate />
      <LastUpdateTime />
    </Product>
    <Product>
      <PriceUpdateDate>2018/08/02 10:17</PriceUpdateDate>
      <ItemCode>7290013268891</ItemCode>
      <ItemType>1</ItemType>
      <ItemName>אוקסיג`ן ג`ל 3 ליטר</ItemName>
      <ManufactureName>החברה הדרומית לשיווק בעמ</ManufactureName>
      <ManufactureCountry />
      <ManufactureItemDescription />
      <UnitQty>יח`</UnitQty>
      <Quantity>3</Quantity>
      <UnitMeasure>1 ליטר</UnitMeasure>
      <BisWeighted>0</BisWeighted>
      <QtyInPackage>1</QtyInPackage>
      <ItemPrice>29.90</ItemPrice>
      <UnitOfMeasurePrice>9.97</UnitOfMeasurePrice>
      <AllowDiscount>1</AllowDiscount>
      <itemStatus>1</itemStatus>
      <LastUpdateDate />
      <LastUpdateTime />
    </Product>
    <Product>
      <PriceUpdateDate>2019/01/30 09:36</PriceUpdateDate>
      <ItemCode>7290013268907</ItemCode>
      <ItemType>1</ItemType>
      <ItemName>מקסימה ג`ל כביסה 3 ליטר</ItemName>
      <ManufactureName>החברה הדרומית לשיווק בעמ</ManufactureName>
      <ManufactureCountry />
      <ManufactureItemDescription />
      <UnitQty>יח`</UnitQty>
      <Quantity>3</Quantity>
      <UnitMeasure>1 ליטר</UnitMeasure>
      <BisWeighted>0</BisWeighted>
      <QtyInPackage>1</QtyInPackage>
      <ItemPrice>29.60</ItemPrice>
      <UnitOfMeasurePrice>9.87</UnitOfMeasurePrice>
      <AllowDiscount>1</AllowDiscount>
      <itemStatus>1</itemStatus>
      <LastUpdateDate />
      <LastUpdateTime />
    </Product>
    <Product>
      <PriceUpdateDate>2018/04/24 09:14</PriceUpdateDate>
      <ItemCode>7290013268938</ItemCode>
      <ItemType>1</ItemType>
      <ItemName>סנובון שלישיה מאסק</ItemName>
      <ManufactureName>החברה הדרומית לשיווק בעמ</ManufactureName>
      <ManufactureCountry />
      <ManufactureItemDescription />
      <UnitQty>יח`</UnitQty>
      <Quantity>1.95</Quantity>
      <UnitMeasure>100 גרם</UnitMeasure>
      <BisWeighted>0</BisWeighted>
      <QtyInPackage>1</QtyInPackage>
      <ItemPrice>11.90</ItemPrice>
      <UnitOfMeasurePrice>6.10</UnitOfMeasurePrice>
      <AllowDiscount>1</AllowDiscount>
      <itemStatus>1</itemStatus>
      <LastUpdateDate />
      <LastUpdateTime />
    </Product>
    <Product>
      <PriceUpdateDate>2018/08/02 10:17</PriceUpdateDate>
      <ItemCode>7290013268990</ItemCode>
      <ItemType>1</ItemType>
      <ItemName>מקסימה מרכך סופר מרוכז ביו סנו (1 ליטר)</ItemName>
      <ManufactureName>החברה הדרומית לשיווק בעמ</ManufactureName>
      <ManufactureCountry />
      <ManufactureItemDescription />
      <UnitQty>יח`</UnitQty>
      <Quantity>10</Quantity>
      <UnitMeasure>100 מ"ל</UnitMeasure>
      <BisWeighted>0</BisWeighted>
      <QtyInPackage>1</QtyInPackage>
      <ItemPrice>17.90</ItemPrice>
      <UnitOfMeasurePrice>1.79</UnitOfMeasurePrice>
      <AllowDiscount>1</AllowDiscount>
      <itemStatus>1</itemStatus>
      <LastUpdateDate />
      <LastUpdateTime />
    </Product>
    <Product>
      <PriceUpdateDate>2018/08/02 10:17</PriceUpdateDate>
      <ItemCode>7290013269003</ItemCode>
      <ItemType>1</ItemType>
      <ItemName>סנו מקסימה מרכך 1 ליטר כחול בייבי</ItemName>
      <ManufactureName>החברה הדרומית לשיווק בעמ</ManufactureName>
      <ManufactureCountry />
      <ManufactureItemDescription />
      <UnitQty>יח`</UnitQty>
      <Quantity>10</Quantity>
      <UnitMeasure>100 מ"ל</UnitMeasure>
      <BisWeighted>0</BisWeighted>
      <QtyInPackage>1</QtyInPackage>
      <ItemPrice>17.90</ItemPrice>
      <UnitOfMeasurePrice>1.79</UnitOfMeasurePrice>
      <AllowDiscount>0</AllowDiscount>
      <itemStatus>1</itemStatus>
      <LastUpdateDate />
      <LastUpdateTime />
    </Product>
    <Product>
      <PriceUpdateDate>2019/01/30 09:36</PriceUpdateDate>
      <ItemCode>7290013269263</ItemCode>
      <ItemType>1</ItemType>
      <ItemName>מקסימה ג`ל כביסה 3 ליטר</ItemName>
      <ManufactureName>החברה הדרומית לשיווק בעמ</ManufactureName>
      <ManufactureCountry />
      <ManufactureItemDescription />
      <UnitQty>יח`</UnitQty>
      <Quantity>3</Quantity>
      <UnitMeasure>1 ליטר</UnitMeasure>
      <BisWeighted>0</BisWeighted>
      <QtyInPackage>1</QtyInPackage>
      <ItemPrice>29.60</ItemPrice>
      <UnitOfMeasurePrice>9.87</UnitOfMeasurePrice>
      <AllowDiscount>1</AllowDiscount>
      <itemStatus>1</itemStatus>
      <LastUpdateDate />
      <LastUpdateTime />
    </Product>
    <Product>
      <PriceUpdateDate>2019/01/30 09:36</PriceUpdateDate>
      <ItemCode>7290013269287</ItemCode>
      <ItemType>1</ItemType>
      <ItemName>מקסימה ג`ל כביסה 3 ליטר</ItemName>
      <ManufactureName>החברה הדרומית לשיווק בעמ</ManufactureName>
      <ManufactureCountry />
      <ManufactureItemDescription />
      <UnitQty>יח`</UnitQty>
      <Quantity>3000</Quantity>
      <UnitMeasure>1 ליטר</UnitMeasure>
      <BisWeighted>0</BisWeighted>
      <QtyInPackage>1</QtyInPackage>
      <ItemPrice>29.60</ItemPrice>
      <UnitOfMeasurePrice>0.01</UnitOfMeasurePrice>
      <AllowDiscount>1</AllowDiscount>
      <itemStatus>1</itemStatus>
      <LastUpdateDate />
      <LastUpdateTime />
    </Product>
    <Product>
      <PriceUpdateDate>2019/07/10 07:16</PriceUpdateDate>
      <ItemCode>7290013269348</ItemCode>
      <ItemType>1</ItemType>
      <ItemName>סנו K3 תחנת פיתיון 4 יח</ItemName>
      <ManufactureName>החברה הדרומית לשיווק בעמ</ManufactureName>
      <ManufactureCountry />
      <ManufactureItemDescription />
      <UnitQty>יח`</UnitQty>
      <Quantity>1</Quantity>
      <UnitMeasure />
      <BisWeighted>0</BisWeighted>
      <QtyInPackage>1</QtyInPackage>
      <ItemPrice>49.90</ItemPrice>
      <UnitOfMeasurePrice>49.90</UnitOfMeasurePrice>
      <AllowDiscount>0</AllowDiscount>
      <itemStatus>1</itemStatus>
      <LastUpdateDate />
      <LastUpdateTime />
    </Product>
    <Product>
      <PriceUpdateDate>2019/01/30 09:36</PriceUpdateDate>
      <ItemCode>7290013269621</ItemCode>
      <ItemType>1</ItemType>
      <ItemName>ריצפז פרש הום בניחוח מלון בוטיק 2 ליטר</ItemName>
      <ManufactureName>החברה הדרומית לשיווק בעמ</ManufactureName>
      <ManufactureCountry />
      <ManufactureItemDescription />
      <UnitQty>יח`</UnitQty>
      <Quantity>1</Quantity>
      <UnitMeasure />
      <BisWeighted>0</BisWeighted>
      <QtyInPackage>1</QtyInPackage>
      <ItemPrice>19.90</ItemPrice>
      <UnitOfMeasurePrice>19.90</UnitOfMeasurePrice>
      <AllowDiscount>0</AllowDiscount>
      <itemStatus>1</itemStatus>
      <LastUpdateDate />
      <LastUpdateTime />
    </Product>
    <Product>
      <PriceUpdateDate>2019/01/07 10:57</PriceUpdateDate>
      <ItemCode>7290013269638</ItemCode>
      <ItemType>1</ItemType>
      <ItemName>סושי ספוג הפלא אקסטרה סנו) (6</ItemName>
      <ManufactureName>החברה הדרומית לשיווק בעמ</ManufactureName>
      <ManufactureCountry />
      <ManufactureItemDescription />
      <UnitQty>יח`</UnitQty>
      <Quantity>1</Quantity>
      <UnitMeasure />
      <BisWeighted>0</BisWeighted>
      <QtyInPackage>1</QtyInPackage>
      <ItemPrice>14.90</ItemPrice>
      <UnitOfMeasurePrice>14.90</UnitOfMeasurePrice>
      <AllowDiscount>0</AllowDiscount>
      <itemStatus>1</itemStatus>
      <LastUpdateDate />
      <LastUpdateTime />
    </Product>
    <Product>
      <PriceUpdateDate>2018/04/24 11:00</PriceUpdateDate>
      <ItemCode>7290013269652</ItemCode>
      <ItemType>1</ItemType>
      <ItemName>פוליויקס גרניט פורצלן 2 ליטר</ItemName>
      <ManufactureName>החברה הדרומית לשיווק בעמ</ManufactureName>
      <ManufactureCountry />
      <ManufactureItemDescription />
      <UnitQty>יח`</UnitQty>
      <Quantity>2</Quantity>
      <UnitMeasure>1 ליטר</UnitMeasure>
      <BisWeighted>0</BisWeighted>
      <QtyInPackage>1</QtyInPackage>
      <ItemPrice>23.90</ItemPrice>
      <UnitOfMeasurePrice>11.95</UnitOfMeasurePrice>
      <AllowDiscount>0</AllowDiscount>
      <itemStatus>1</itemStatus>
      <LastUpdateDate />
      <LastUpdateTime />
    </Product>
    <Product>
      <PriceUpdateDate>2018/08/02 10:17</PriceUpdateDate>
      <ItemCode>7290013269669</ItemCode>
      <ItemType>1</ItemType>
      <ItemName>ריצפז 3 ליטר פנטזיה</ItemName>
      <ManufactureName>החברה הדרומית לשיווק בעמ</ManufactureName>
      <ManufactureCountry />
      <ManufactureItemDescription />
      <UnitQty>יח`</UnitQty>
      <Quantity>3</Quantity>
      <UnitMeasure>1 ליטר</UnitMeasure>
      <BisWeighted>0</BisWeighted>
      <QtyInPackage>1</QtyInPackage>
      <ItemPrice>17.90</ItemPrice>
      <UnitOfMeasurePrice>5.97</UnitOfMeasurePrice>
      <AllowDiscount>1</AllowDiscount>
      <itemStatus>1</itemStatus>
      <LastUpdateDate />
      <LastUpdateTime />
    </Product>
    <Product>
      <PriceUpdateDate>2018/10/15 09:25</PriceUpdateDate>
      <ItemCode>7290013269751</ItemCode>
      <ItemType>1</ItemType>
      <ItemName>ריצפז פרש מטליות חד פעמיות 10 יח`</ItemName>
      <ManufactureName>החברה הדרומית לשיווק בעמ</ManufactureName>
      <ManufactureCountry />
      <ManufactureItemDescription />
      <UnitQty>יח`</UnitQty>
      <Quantity>1</Quantity>
      <UnitMeasure />
      <BisWeighted>0</BisWeighted>
      <QtyInPackage>1</QtyInPackage>
      <ItemPrice>12.90</ItemPrice>
      <UnitOfMeasurePrice>12.90</UnitOfMeasurePrice>
      <AllowDiscount>0</AllowDiscount>
      <itemStatus>1</itemStatus>
      <LastUpdateDate />
      <LastUpdateTime />
    </Product>
    <Product>
      <PriceUpdateDate>2018/04/24 11:15</PriceUpdateDate>
      <ItemCode>7290013269911</ItemCode>
      <ItemType>1</ItemType>
      <ItemName>קוטל חרקים קיי 333 סנו (750 מל)</ItemName>
      <ManufactureName>החברה הדרומית לשיווק בעמ</ManufactureName>
      <ManufactureCountry />
      <ManufactureItemDescription />
      <UnitQty>יח`</UnitQty>
      <Quantity>7.50</Quantity>
      <UnitMeasure>100 מ"ל</UnitMeasure>
      <BisWeighted>0</BisWeighted>
      <QtyInPackage>1</QtyInPackage>
      <ItemPrice>36.90</ItemPrice>
      <UnitOfMeasurePrice>4.92</UnitOfMeasurePrice>
      <AllowDiscount>1</AllowDiscount>
      <itemStatus>1</itemStatus>
      <LastUpdateDate />
      <LastUpdateTime />
    </Product>
    <Product>
      <PriceUpdateDate>2018/04/24 12:52</PriceUpdateDate>
      <ItemCode>7290013276117</ItemCode>
      <ItemType>1</ItemType>
      <ItemName>בירה נגב אואזיס 330 מל</ItemName>
      <ManufactureName>הכרם - משקאות חריפים בעמ</ManufactureName>
      <ManufactureCountry />
      <ManufactureItemDescription />
      <UnitQty>יח`</UnitQty>
      <Quantity>3.30</Quantity>
      <UnitMeasure>100 מ"ל</UnitMeasure>
      <BisWeighted>0</BisWeighted>
      <QtyInPackage>1</QtyInPackage>
      <ItemPrice>13.90</ItemPrice>
      <UnitOfMeasurePrice>4.12</UnitOfMeasurePrice>
      <AllowDiscount>1</AllowDiscount>
      <itemStatus>1</itemStatus>
      <LastUpdateDate />
      <LastUpdateTime />
    </Product>
    <Product>
      <PriceUpdateDate>2018/04/24 12:52</PriceUpdateDate>
      <ItemCode>7290013276124</ItemCode>
      <ItemType>1</ItemType>
      <ItemName>בירה נגב אמבר אייל 330 מל</ItemName>
      <ManufactureName>הכרם - משקאות חריפים בעמ</ManufactureName>
      <ManufactureCountry />
      <ManufactureItemDescription />
      <UnitQty>יח`</UnitQty>
      <Quantity>3.30</Quantity>
      <UnitMeasure>100 מ"ל</UnitMeasure>
      <BisWeighted>0</BisWeighted>
      <QtyInPackage>1</QtyInPackage>
      <ItemPrice>13.90</ItemPrice>
      <UnitOfMeasurePrice>4.12</UnitOfMeasurePrice>
      <AllowDiscount>1</AllowDiscount>
      <itemStatus>1</itemStatus>
      <LastUpdateDate />
      <LastUpdateTime />
    </Product>
    <Product>
      <PriceUpdateDate>2019/07/15 09:28</PriceUpdateDate>
      <ItemCode>7290013284051</ItemCode>
      <ItemType>1</ItemType>
      <ItemName>פריניר טריו זיתים 560ג.</ItemName>
      <ManufactureName>אבאל יזמות בעמ</ManufactureName>
      <ManufactureCountry />
      <ManufactureItemDescription />
      <UnitQty>יח`</UnitQty>
      <Quantity>5.60</Quantity>
      <UnitMeasure>100 גרם</UnitMeasure>
      <BisWeighted>0</BisWeighted>
      <QtyInPackage>1</QtyInPackage>
      <ItemPrice>8.90</ItemPrice>
      <UnitOfMeasurePrice>1.59</UnitOfMeasurePrice>
      <AllowDiscount>1</AllowDiscount>
      <itemStatus>1</itemStatus>
      <LastUpdateDate />
      <LastUpdateTime />
    </Product>
    <Product>
      <PriceUpdateDate>2019/07/15 09:28</PriceUpdateDate>
      <ItemCode>7290013284075</ItemCode>
      <ItemType>1</ItemType>
      <ItemName>פריניר טבעות זיתים מושחרים 560ג.</ItemName>
      <ManufactureName>אבאל יזמות בעמ</ManufactureName>
      <ManufactureCountry />
      <ManufactureItemDescription />
      <UnitQty>יח`</UnitQty>
      <Quantity>5.60</Quantity>
      <UnitMeasure>100 גרם</UnitMeasure>
      <BisWeighted>0</BisWeighted>
      <QtyInPackage>1</QtyInPackage>
      <ItemPrice>7.90</ItemPrice>
      <UnitOfMeasurePrice>1.41</UnitOfMeasurePrice>
      <AllowDiscount>1</AllowDiscount>
      <itemStatus>1</itemStatus>
      <LastUpdateDate />
      <LastUpdateTime />
    </Product>
    <Product>
      <PriceUpdateDate>2019/07/15 09:28</PriceUpdateDate>
      <ItemCode>7290013284082</ItemCode>
      <ItemType>1</ItemType>
      <ItemName>פריניר זית מושחר ללא גלעין 560ג</ItemName>
      <ManufactureName>אבאל יזמות בעמ</ManufactureName>
      <ManufactureCountry />
      <ManufactureItemDescription />
      <UnitQty>יח`</UnitQty>
      <Quantity>5.60</Quantity>
      <UnitMeasure>100 גרם</UnitMeasure>
      <BisWeighted>0</BisWeighted>
      <QtyInPackage>1</QtyInPackage>
      <ItemPrice>6.90</ItemPrice>
      <UnitOfMeasurePrice>1.23</UnitOfMeasurePrice>
      <AllowDiscount>1</AllowDiscount>
      <itemStatus>1</itemStatus>
      <LastUpdateDate />
      <LastUpdateTime />
    </Product>
    <Product>
      <PriceUpdateDate>2019/07/15 09:28</PriceUpdateDate>
      <ItemCode>7290013284112</ItemCode>
      <ItemType>1</ItemType>
      <ItemName>פריניר זיתים חרוזית ירוק a2</ItemName>
      <ManufactureName>אבאל יזמות בעמ</ManufactureName>
      <ManufactureCountry />
      <ManufactureItemDescription />
      <UnitQty>יח`</UnitQty>
      <Quantity>1</Quantity>
      <UnitMeasure>100 גרם</UnitMeasure>
      <BisWeighted>0</BisWeighted>
      <QtyInPackage>1</QtyInPackage>
      <ItemPrice>7.90</ItemPrice>
      <UnitOfMeasurePrice>7.90</UnitOfMeasurePrice>
      <AllowDiscount>1</AllowDiscount>
      <itemStatus>1</itemStatus>
      <LastUpdateDate />
      <LastUpdateTime />
    </Product>
    <Product>
      <PriceUpdateDate>2019/07/15 09:28</PriceUpdateDate>
      <ItemCode>7290013284136</ItemCode>
      <ItemType>1</ItemType>
      <ItemName>פריניר מלפפון במלח 7-9 560ג.</ItemName>
      <ManufactureName>אבאל יזמות בעמ</ManufactureName>
      <ManufactureCountry />
      <ManufactureItemDescription />
      <UnitQty>יח`</UnitQty>
      <Quantity>5.60</Quantity>
      <UnitMeasure>100 גרם</UnitMeasure>
      <BisWeighted>0</BisWeighted>
      <QtyInPackage>1</QtyInPackage>
      <ItemPrice>5.90</ItemPrice>
      <UnitOfMeasurePrice>1.05</UnitOfMeasurePrice>
      <AllowDiscount>1</AllowDiscount>
      <itemStatus>1</itemStatus>
      <LastUpdateDate />
      <LastUpdateTime />
    </Product>
    <Product>
      <PriceUpdateDate>2019/07/15 09:28</PriceUpdateDate>
      <ItemCode>7290013284150</ItemCode>
      <ItemType>1</ItemType>
      <ItemName>פריניר מלפפונים במלח 13-17 560ג</ItemName>
      <ManufactureName>אבאל יזמות בעמ</ManufactureName>
      <ManufactureCountry />
      <ManufactureItemDescription />
      <UnitQty>יח`</UnitQty>
      <Quantity>5.60</Quantity>
      <UnitMeasure>100 גרם</UnitMeasure>
      <BisWeighted>0</BisWeighted>
      <QtyInPackage>1</QtyInPackage>
      <ItemPrice>7.90</ItemPrice>
      <UnitOfMeasurePrice>1.41</UnitOfMeasurePrice>
      <AllowDiscount>1</AllowDiscount>
      <itemStatus>1</itemStatus>
      <LastUpdateDate />
      <LastUpdateTime />
    </Product>
    <Product>
      <PriceUpdateDate>2018/11/09 07:43</PriceUpdateDate>
      <ItemCode>7290013284310</ItemCode>
      <ItemType>1</ItemType>
      <ItemName>רוטב פסטה 240 גר פריניר</ItemName>
      <ManufactureName>אבאל יזמות בעמ</ManufactureName>
      <ManufactureCountry />
      <ManufactureItemDescription />
      <UnitQty>יח`</UnitQty>
      <Quantity>2.60</Quantity>
      <UnitMeasure>100 גרם</UnitMeasure>
      <BisWeighted>0</BisWeighted>
      <QtyInPackage>1</QtyInPackage>
      <ItemPrice>5.90</ItemPrice>
      <UnitOfMeasurePrice>2.27</UnitOfMeasurePrice>
      <AllowDiscount>1</AllowDiscount>
      <itemStatus>1</itemStatus>
      <LastUpdateDate />
      <LastUpdateTime />
    </Product>
    <Product>
      <PriceUpdateDate>2019/01/07 10:57</PriceUpdateDate>
      <ItemCode>7290013284662</ItemCode>
      <ItemType>1</ItemType>
      <ItemName>רוטב פיצה 240 גר` פרי ניר</ItemName>
      <ManufactureName>אבאל יזמות בעמ</ManufactureName>
      <ManufactureCountry />
      <ManufactureItemDescription />
      <UnitQty>יח`</UnitQty>
      <Quantity>2.40</Quantity>
      <UnitMeasure>100 גרם</UnitMeasure>
      <BisWeighted>0</BisWeighted>
      <QtyInPackage>1</QtyInPackage>
      <ItemPrice>5.90</ItemPrice>
      <UnitOfMeasurePrice>2.46</UnitOfMeasurePrice>
      <AllowDiscount>1</AllowDiscount>
      <itemStatus>1</itemStatus>
      <LastUpdateDate />
      <LastUpdateTime />
    </Product>
    <Product>
      <PriceUpdateDate>2018/04/24 12:06</PriceUpdateDate>
      <ItemCode>7290013310101</ItemCode>
      <ItemType>1</ItemType>
      <ItemName>שיפודי במבוק ג`מבו 50 יח</ItemName>
      <ManufactureName>אינטרסן 1996 בעמ</ManufactureName>
      <ManufactureCountry />
      <ManufactureItemDescription />
      <UnitQty>יח`</UnitQty>
      <Quantity>1</Quantity>
      <UnitMeasure />
      <BisWeighted>0</BisWeighted>
      <QtyInPackage>1</QtyInPackage>
      <ItemPrice>3.90</ItemPrice>
      <UnitOfMeasurePrice>3.90</UnitOfMeasurePrice>
      <AllowDiscount>0</AllowDiscount>
      <itemStatus>1</itemStatus>
      <LastUpdateDate />
      <LastUpdateTime />
    </Product>
    <Product>
      <PriceUpdateDate>2018/04/24 12:12</PriceUpdateDate>
      <ItemCode>7290013310163</ItemCode>
      <ItemType>1</ItemType>
      <ItemName>מדליקי פחם מוצק איזי לייט (40)</ItemName>
      <ManufactureName>אינטרסן 1996 בעמ</ManufactureName>
      <ManufactureCountry />
      <ManufactureItemDescription />
      <UnitQty>יח`</UnitQty>
      <Quantity>1</Quantity>
      <UnitMeasure />
      <BisWeighted>0</BisWeighted>
      <QtyInPackage>1</QtyInPackage>
      <ItemPrice>7.90</ItemPrice>
      <UnitOfMeasurePrice>7.90</UnitOfMeasurePrice>
      <AllowDiscount>0</AllowDiscount>
      <itemStatus>1</itemStatus>
      <LastUpdateDate />
      <LastUpdateTime />
    </Product>
    <Product>
      <PriceUpdateDate>2018/04/24 10:45</PriceUpdateDate>
      <ItemCode>7290013358356</ItemCode>
      <ItemType>1</ItemType>
      <ItemName>פירורי לחם מוזהבים מאסטר שף (320גרם)</ItemName>
      <ManufactureName>ש.שסטוביץ בעמ</ManufactureName>
      <ManufactureCountry />
      <ManufactureItemDescription />
      <UnitQty>יח`</UnitQty>
      <Quantity>3.20</Quantity>
      <UnitMeasure>100 גרם</UnitMeasure>
      <BisWeighted>0</BisWeighted>
      <QtyInPackage>1</QtyInPackage>
      <ItemPrice>7.90</ItemPrice>
      <UnitOfMeasurePrice>2.47</UnitOfMeasurePrice>
      <AllowDiscount>1</AllowDiscount>
      <itemStatus>1</itemStatus>
      <LastUpdateDate />
      <LastUpdateTime />
    </Product>
    <Product>
      <PriceUpdateDate>2018/04/24 10:45</PriceUpdateDate>
      <ItemCode>7290013358370</ItemCode>
      <ItemType>1</ItemType>
      <ItemName>פירורי לחם פנקו מוזהבים שום 300 גר` מנה</ItemName>
      <ManufactureName>ש.שסטוביץ בעמ</ManufactureName>
      <ManufactureCountry />
      <ManufactureItemDescription />
      <UnitQty>יח`</UnitQty>
      <Quantity>3</Quantity>
      <UnitMeasure>100 גרם</UnitMeasure>
      <BisWeighted>0</BisWeighted>
      <QtyInPackage>1</QtyInPackage>
      <ItemPrice>9.90</ItemPrice>
      <UnitOfMeasurePrice>3.30</UnitOfMeasurePrice>
      <AllowDiscount>1</AllowDiscount>
      <itemStatus>1</itemStatus>
      <LastUpdateDate />
      <LastUpdateTime />
    </Product>
    <Product>
      <PriceUpdateDate>2018/04/24 12:30</PriceUpdateDate>
      <ItemCode>7290013358417</ItemCode>
      <ItemType>1</ItemType>
      <ItemName>רוטב טריאקי מאסטר שף (300 מל)</ItemName>
      <ManufactureName>ש.שסטוביץ בעמ</ManufactureName>
      <ManufactureCountry />
      <ManufactureItemDescription />
      <UnitQty>יח`</UnitQty>
      <Quantity>3</Quantity>
      <UnitMeasure>100 מ"ל</UnitMeasure>
      <BisWeighted>0</BisWeighted>
      <QtyInPackage>1</QtyInPackage>
      <ItemPrice>11.90</ItemPrice>
      <UnitOfMeasurePrice>3.97</UnitOfMeasurePrice>
      <AllowDiscount>1</AllowDiscount>
      <itemStatus>1</itemStatus>
      <LastUpdateDate />
      <LastUpdateTime />
    </Product>
    <Product>
      <PriceUpdateDate>2018/04/24 11:57</PriceUpdateDate>
      <ItemCode>7290013358462</ItemCode>
      <ItemType>1</ItemType>
      <ItemName>מיני קרוטונים שום בצל 350  גר`מנה מאסטר</ItemName>
      <ManufactureName>ש.שסטוביץ בעמ</ManufactureName>
      <ManufactureCountry />
      <ManufactureItemDescription />
      <UnitQty>יח`</UnitQty>
      <Quantity>3.50</Quantity>
      <UnitMeasure>100 גרם</UnitMeasure>
      <BisWeighted>0</BisWeighted>
      <QtyInPackage>1</QtyInPackage>
      <ItemPrice>19.90</ItemPrice>
      <UnitOfMeasurePrice>5.69</UnitOfMeasurePrice>
      <AllowDiscount>0</AllowDiscount>
      <itemStatus>1</itemStatus>
      <LastUpdateDate />
      <LastUpdateTime />
    </Product>
    <Product>
      <PriceUpdateDate>2018/04/24 12:30</PriceUpdateDate>
      <ItemCode>7290013358530</ItemCode>
      <ItemType>1</ItemType>
      <ItemName>רוטב צ`ילי מתוק מאסטר שף (700 מל)</ItemName>
      <ManufactureName>ש.שסטוביץ בעמ</ManufactureName>
      <ManufactureCountry />
      <ManufactureItemDescription />
      <UnitQty>יח`</UnitQty>
      <Quantity>7</Quantity>
      <UnitMeasure>100 מ"ל</UnitMeasure>
      <BisWeighted>0</BisWeighted>
      <QtyInPackage>1</QtyInPackage>
      <ItemPrice>12.90</ItemPrice>
      <UnitOfMeasurePrice>1.84</UnitOfMeasurePrice>
      <AllowDiscount>1</AllowDiscount>
      <itemStatus>1</itemStatus>
      <LastUpdateDate />
      <LastUpdateTime />
    </Product>
    <Product>
      <PriceUpdateDate>2018/04/24 12:30</PriceUpdateDate>
      <ItemCode>7290013358578</ItemCode>
      <ItemType>1</ItemType>
      <ItemName>אטריות אורז רחבות 400 גר` מנה מאסטר שף</ItemName>
      <ManufactureName>ש.שסטוביץ בעמ</ManufactureName>
      <ManufactureCountry />
      <ManufactureItemDescription />
      <UnitQty>יח`</UnitQty>
      <Quantity>4</Quantity>
      <UnitMeasure>100 גרם</UnitMeasure>
      <BisWeighted>0</BisWeighted>
      <QtyInPackage>1</QtyInPackage>
      <ItemPrice>9.90</ItemPrice>
      <UnitOfMeasurePrice>2.48</UnitOfMeasurePrice>
      <AllowDiscount>0</AllowDiscount>
      <itemStatus>1</itemStatus>
      <LastUpdateDate />
      <LastUpdateTime />
    </Product>
    <Product>
      <PriceUpdateDate>2018/04/24 12:30</PriceUpdateDate>
      <ItemCode>7290013358585</ItemCode>
      <ItemType>1</ItemType>
      <ItemName>נודלס ביצים 400 גר` מנה מאסטר שף</ItemName>
      <ManufactureName>ש.שסטוביץ בעמ</ManufactureName>
      <ManufactureCountry />
      <ManufactureItemDescription />
      <UnitQty>יח`</UnitQty>
      <Quantity>4</Quantity>
      <UnitMeasure>100 גרם</UnitMeasure>
      <BisWeighted>0</BisWeighted>
      <QtyInPackage>1</QtyInPackage>
      <ItemPrice>8.90</ItemPrice>
      <UnitOfMeasurePrice>2.23</UnitOfMeasurePrice>
      <AllowDiscount>0</AllowDiscount>
      <itemStatus>1</itemStatus>
      <LastUpdateDate />
      <LastUpdateTime />
    </Product>
    <Product>
      <PriceUpdateDate>2018/05/18 09:20</PriceUpdateDate>
      <ItemCode>7290013358806</ItemCode>
      <ItemType>1</ItemType>
      <ItemName>מארז פריכיות אורז עם מלח מנה 264 גר</ItemName>
      <ManufactureName>ש.שסטוביץ בעמ</ManufactureName>
      <ManufactureCountry />
      <ManufactureItemDescription />
      <UnitQty>יח`</UnitQty>
      <Quantity>2.64</Quantity>
      <UnitMeasure>100 גרם</UnitMeasure>
      <BisWeighted>0</BisWeighted>
      <QtyInPackage>1</QtyInPackage>
      <ItemPrice>13.90</ItemPrice>
      <UnitOfMeasurePrice>5.27</UnitOfMeasurePrice>
      <AllowDiscount>0</AllowDiscount>
      <itemStatus>1</itemStatus>
      <LastUpdateDate />
      <LastUpdateTime />
    </Product>
    <Product>
      <PriceUpdateDate>2018/04/24 11:12</PriceUpdateDate>
      <ItemCode>7290013440648</ItemCode>
      <ItemType>1</ItemType>
      <ItemName>מאגדת קרחוני שרבט פרווה אבטיח</ItemName>
      <ManufactureName>נגה גלידות שותפות מוגבלת</ManufactureName>
      <ManufactureCountry />
      <ManufactureItemDescription />
      <UnitQty>יח`</UnitQty>
      <Quantity>5.40</Quantity>
      <UnitMeasure>100 גרם</UnitMeasure>
      <BisWeighted>0</BisWeighted>
      <QtyInPackage>1</QtyInPackage>
      <ItemPrice>22.90</ItemPrice>
      <UnitOfMeasurePrice>4.24</UnitOfMeasurePrice>
      <AllowDiscount>0</AllowDiscount>
      <itemStatus>1</itemStatus>
      <LastUpdateDate />
      <LastUpdateTime />
    </Product>
    <Product>
      <PriceUpdateDate>2018/04/24 12:40</PriceUpdateDate>
      <ItemCode>7290013451927</ItemCode>
      <ItemType>1</ItemType>
      <ItemName>פריכיות כוסמת ללא מלח</ItemName>
      <ManufactureName>זנבר טבע בעמ</ManufactureName>
      <ManufactureCountry />
      <ManufactureItemDescription />
      <UnitQty>יח`</UnitQty>
      <Quantity>0.25</Quantity>
      <UnitMeasure>100 גרם</UnitMeasure>
      <BisWeighted>0</BisWeighted>
      <QtyInPackage>1</QtyInPackage>
      <ItemPrice>9.90</ItemPrice>
      <UnitOfMeasurePrice>39.60</UnitOfMeasurePrice>
      <AllowDiscount>0</AllowDiscount>
      <itemStatus>1</itemStatus>
      <LastUpdateDate />
      <LastUpdateTime />
    </Product>
    <Product>
      <PriceUpdateDate>2018/07/05 11:22</PriceUpdateDate>
      <ItemCode>7290013472199</ItemCode>
      <ItemType>1</ItemType>
      <ItemName>ערמונים קלופים 100 גר`</ItemName>
      <ManufactureName>ג.וילי-פוד אינטרנשיונל בעמ</ManufactureName>
      <ManufactureCountry />
      <ManufactureItemDescription />
      <UnitQty>יח`</UnitQty>
      <Quantity>1</Quantity>
      <UnitMeasure>100 גרם</UnitMeasure>
      <BisWeighted>0</BisWeighted>
      <QtyInPackage>1</QtyInPackage>
      <ItemPrice>5.90</ItemPrice>
      <UnitOfMeasurePrice>5.90</UnitOfMeasurePrice>
      <AllowDiscount>0</AllowDiscount>
      <itemStatus>1</itemStatus>
      <LastUpdateDate />
      <LastUpdateTime />
    </Product>
    <Product>
      <PriceUpdateDate>2019/03/27 08:51</PriceUpdateDate>
      <ItemCode>7290013472960</ItemCode>
      <ItemType>1</ItemType>
      <ItemName>חצאי אפרסקים 820 גר` מהדרין</ItemName>
      <ManufactureName>ג.וילי-פוד אינטרנשיונל בעמ</ManufactureName>
      <ManufactureCountry />
      <ManufactureItemDescription />
      <UnitQty>יח`</UnitQty>
      <Quantity>8.20</Quantity>
      <UnitMeasure>100 גרם</UnitMeasure>
      <BisWeighted>0</BisWeighted>
      <QtyInPackage>1</QtyInPackage>
      <ItemPrice>7.90</ItemPrice>
      <UnitOfMeasurePrice>0.96</UnitOfMeasurePrice>
      <AllowDiscount>1</AllowDiscount>
      <itemStatus>1</itemStatus>
      <LastUpdateDate />
      <LastUpdateTime />
    </Product>
    <Product>
      <PriceUpdateDate>2018/04/24 11:39</PriceUpdateDate>
      <ItemCode>7290013492005</ItemCode>
      <ItemType>1</ItemType>
      <ItemName>תפוא למיקרו</ItemName>
      <ManufactureName>א.אדמה (2007) בעמ</ManufactureName>
      <ManufactureCountry />
      <ManufactureItemDescription />
      <UnitQty>יח`</UnitQty>
      <Quantity>1</Quantity>
      <UnitMeasure />
      <BisWeighted>0</BisWeighted>
      <QtyInPackage>1</QtyInPackage>
      <ItemPrice>7.90</ItemPrice>
      <UnitOfMeasurePrice>7.90</UnitOfMeasurePrice>
      <AllowDiscount>1</AllowDiscount>
      <itemStatus>1</itemStatus>
      <LastUpdateDate />
      <LastUpdateTime />
    </Product>
    <Product>
      <PriceUpdateDate>2018/04/24 11:17</PriceUpdateDate>
      <ItemCode>7290013531117</ItemCode>
      <ItemType>1</ItemType>
      <ItemName>רוטב פסטה לילדים יכין (260 גרם)</ItemName>
      <ManufactureName>זנלכל בעמ</ManufactureName>
      <ManufactureCountry />
      <ManufactureItemDescription />
      <UnitQty>יח`</UnitQty>
      <Quantity>2.60</Quantity>
      <UnitMeasure>100 גרם</UnitMeasure>
      <BisWeighted>0</BisWeighted>
      <QtyInPackage>1</QtyInPackage>
      <ItemPrice>4.90</ItemPrice>
      <UnitOfMeasurePrice>1.88</UnitOfMeasurePrice>
      <AllowDiscount>0</AllowDiscount>
      <itemStatus>1</itemStatus>
      <LastUpdateDate />
      <LastUpdateTime />
    </Product>
    <Product>
      <PriceUpdateDate>2018/04/24 11:28</PriceUpdateDate>
      <ItemCode>7290013531346</ItemCode>
      <ItemType>1</ItemType>
      <ItemName>סירופ 1 ליטר דיאט לימונענע</ItemName>
      <ManufactureName>זנלכל בעמ</ManufactureName>
      <ManufactureCountry />
      <ManufactureItemDescription />
      <UnitQty>יח`</UnitQty>
      <Quantity>10</Quantity>
      <UnitMeasure>100 גרם</UnitMeasure>
      <BisWeighted>0</BisWeighted>
      <QtyInPackage>1</QtyInPackage>
      <ItemPrice>7.90</ItemPrice>
      <UnitOfMeasurePrice>0.79</UnitOfMeasurePrice>
      <AllowDiscount>1</AllowDiscount>
      <itemStatus>1</itemStatus>
      <LastUpdateDate />
      <LastUpdateTime />
    </Product>
    <Product>
      <PriceUpdateDate>2018/04/24 12:33</PriceUpdateDate>
      <ItemCode>7290013531377</ItemCode>
      <ItemType>1</ItemType>
      <ItemName>תורמוס יכין (580 גרם)</ItemName>
      <ManufactureName>זנלכל בעמ</ManufactureName>
      <ManufactureCountry />
      <ManufactureItemDescription />
      <UnitQty>יח`</UnitQty>
      <Quantity>5.60</Quantity>
      <UnitMeasure>100 גרם</UnitMeasure>
      <BisWeighted>0</BisWeighted>
      <QtyInPackage>1</QtyInPackage>
      <ItemPrice>5.90</ItemPrice>
      <UnitOfMeasurePrice>1.05</UnitOfMeasurePrice>
      <AllowDiscount>0</AllowDiscount>
      <itemStatus>1</itemStatus>
      <LastUpdateDate />
      <LastUpdateTime />
    </Product>
    <Product>
      <PriceUpdateDate>2018/04/24 12:34</PriceUpdateDate>
      <ItemCode>7290013531490</ItemCode>
      <ItemType>1</ItemType>
      <ItemName>פול מתובל יכין (580 גרם)</ItemName>
      <ManufactureName>זנלכל בעמ</ManufactureName>
      <ManufactureCountry />
      <ManufactureItemDescription />
      <UnitQty>יח`</UnitQty>
      <Quantity>5.50</Quantity>
      <UnitMeasure>100 גרם</UnitMeasure>
      <BisWeighted>0</BisWeighted>
      <QtyInPackage>1</QtyInPackage>
      <ItemPrice>5.90</ItemPrice>
      <UnitOfMeasurePrice>1.07</UnitOfMeasurePrice>
      <AllowDiscount>0</AllowDiscount>
      <itemStatus>1</itemStatus>
      <LastUpdateDate />
      <LastUpdateTime />
    </Product>
    <Product>
      <PriceUpdateDate>2018/04/24 12:54</PriceUpdateDate>
      <ItemCode>7290013531582</ItemCode>
      <ItemType>1</ItemType>
      <ItemName>שלישייה זיתים חרוזית יכין 200 גר</ItemName>
      <ManufactureName>זנלכל בעמ</ManufactureName>
      <ManufactureCountry />
      <ManufactureItemDescription />
      <UnitQty>יח`</UnitQty>
      <Quantity>2</Quantity>
      <UnitMeasure>100 גרם</UnitMeasure>
      <BisWeighted>0</BisWeighted>
      <QtyInPackage>1</QtyInPackage>
      <ItemPrice>11.90</ItemPrice>
      <UnitOfMeasurePrice>5.95</UnitOfMeasurePrice>
      <AllowDiscount>0</AllowDiscount>
      <itemStatus>1</itemStatus>
      <LastUpdateDate />
      <LastUpdateTime />
    </Product>
    <Product>
      <PriceUpdateDate>2018/04/24 12:34</PriceUpdateDate>
      <ItemCode>7290013531612</ItemCode>
      <ItemType>1</ItemType>
      <ItemName>רוטב נפוליטנה יכין (260 גרם)</ItemName>
      <ManufactureName>זנלכל בעמ</ManufactureName>
      <ManufactureCountry />
      <ManufactureItemDescription />
      <UnitQty>יח`</UnitQty>
      <Quantity>2.60</Quantity>
      <UnitMeasure>100 גרם</UnitMeasure>
      <BisWeighted>0</BisWeighted>
      <QtyInPackage>1</QtyInPackage>
      <ItemPrice>4.90</ItemPrice>
      <UnitOfMeasurePrice>1.88</UnitOfMeasurePrice>
      <AllowDiscount>0</AllowDiscount>
      <itemStatus>1</itemStatus>
      <LastUpdateDate />
      <LastUpdateTime />
    </Product>
    <Product>
      <PriceUpdateDate>2018/04/24 12:34</PriceUpdateDate>
      <ItemCode>7290013531629</ItemCode>
      <ItemType>1</ItemType>
      <ItemName>רוטב לפסטה פומדורו יכין (260 גרם)</ItemName>
      <ManufactureName>זנלכל בעמ</ManufactureName>
      <ManufactureCountry />
      <ManufactureItemDescription />
      <UnitQty>יח`</UnitQty>
      <Quantity>2.60</Quantity>
      <UnitMeasure>100 גרם</UnitMeasure>
      <BisWeighted>0</BisWeighted>
      <QtyInPackage>1</QtyInPackage>
      <ItemPrice>4.90</ItemPrice>
      <UnitOfMeasurePrice>1.88</UnitOfMeasurePrice>
      <AllowDiscount>0</AllowDiscount>
      <itemStatus>1</itemStatus>
      <LastUpdateDate />
      <LastUpdateTime />
    </Product>
    <Product>
      <PriceUpdateDate>2018/07/25 08:52</PriceUpdateDate>
      <ItemCode>7290013531759</ItemCode>
      <ItemType>1</ItemType>
      <ItemName>שעועית לבנה מבושלת במים יכין (550 גרם)</ItemName>
      <ManufactureName>זנלכל בעמ</ManufactureName>
      <ManufactureCountry />
      <ManufactureItemDescription />
      <UnitQty>יח`</UnitQty>
      <Quantity>5.50</Quantity>
      <UnitMeasure>100 גרם</UnitMeasure>
      <BisWeighted>0</BisWeighted>
      <QtyInPackage>1</QtyInPackage>
      <ItemPrice>5.90</ItemPrice>
      <UnitOfMeasurePrice>1.07</UnitOfMeasurePrice>
      <AllowDiscount>0</AllowDiscount>
      <itemStatus>1</itemStatus>
      <LastUpdateDate />
      <LastUpdateTime />
    </Product>
    <Product>
      <PriceUpdateDate>2018/04/24 12:06</PriceUpdateDate>
      <ItemCode>7290013534057</ItemCode>
      <ItemType>1</ItemType>
      <ItemName>צ`יפס בטטה 100 גרכשלפ</ItemName>
      <ManufactureName>מיה תעשיות מזון מ.ת.מ. בעמ</ManufactureName>
      <ManufactureCountry />
      <ManufactureItemDescription />
      <UnitQty>יח`</UnitQty>
      <Quantity>1</Quantity>
      <UnitMeasure>100 גרם</UnitMeasure>
      <BisWeighted>0</BisWeighted>
      <QtyInPackage>1</QtyInPackage>
      <ItemPrice>9.90</ItemPrice>
      <UnitOfMeasurePrice>9.90</UnitOfMeasurePrice>
      <AllowDiscount>0</AllowDiscount>
      <itemStatus>1</itemStatus>
      <LastUpdateDate />
      <LastUpdateTime />
    </Product>
    <Product>
      <PriceUpdateDate>2018/04/24 12:02</PriceUpdateDate>
      <ItemCode>7290013540034</ItemCode>
      <ItemType>1</ItemType>
      <ItemName>פילטונה פתיתי טונה בהירה בשמן צמחי רביעי</ItemName>
      <ManufactureName>פילטונה תעשיות בעמ</ManufactureName>
      <ManufactureCountry />
      <ManufactureItemDescription />
      <UnitQty>יח`</UnitQty>
      <Quantity>1</Quantity>
      <UnitMeasure />
      <BisWeighted>0</BisWeighted>
      <QtyInPackage>1</QtyInPackage>
      <ItemPrice>10</ItemPrice>
      <UnitOfMeasurePrice>10</UnitOfMeasurePrice>
      <AllowDiscount>0</AllowDiscount>
      <itemStatus>1</itemStatus>
      <LastUpdateDate />
      <LastUpdateTime />
    </Product>
    <Product>
      <PriceUpdateDate>2019/12/31 07:33</PriceUpdateDate>
      <ItemCode>7290013579522</ItemCode>
      <ItemType>1</ItemType>
      <ItemName>פילה טונה ללא עור פרוס 800  גר`סדרת המאה</ItemName>
      <ManufactureName>בלדי בעמ</ManufactureName>
      <ManufactureCountry />
      <ManufactureItemDescription />
      <UnitQty>יח`</UnitQty>
      <Quantity>8</Quantity>
      <UnitMeasure>100 גרם</UnitMeasure>
      <BisWeighted>0</BisWeighted>
      <QtyInPackage>1</QtyInPackage>
      <ItemPrice>45.90</ItemPrice>
      <UnitOfMeasurePrice>5.74</UnitOfMeasurePrice>
      <AllowDiscount>0</AllowDiscount>
      <itemStatus>1</itemStatus>
      <LastUpdateDate />
      <LastUpdateTime />
    </Product>
    <Product>
      <PriceUpdateDate>2019/12/30 08:20</PriceUpdateDate>
      <ItemCode>7290013579614</ItemCode>
      <ItemType>1</ItemType>
      <ItemName>מנות סלמון נורבגי 625  גר`סדרת המאה</ItemName>
      <ManufactureName>בלדי בעמ</ManufactureName>
      <ManufactureCountry />
      <ManufactureItemDescription />
      <UnitQty>יח`</UnitQty>
      <Quantity>6.25</Quantity>
      <UnitMeasure>100 גרם</UnitMeasure>
      <BisWeighted>0</BisWeighted>
      <QtyInPackage>1</QtyInPackage>
      <ItemPrice>59.90</ItemPrice>
      <UnitOfMeasurePrice>9.58</UnitOfMeasurePrice>
      <AllowDiscount>0</AllowDiscount>
      <itemStatus>1</itemStatus>
      <LastUpdateDate />
      <LastUpdateTime />
    </Product>
    <Product>
      <PriceUpdateDate>2019/05/15 15:06</PriceUpdateDate>
      <ItemCode>7290013580009</ItemCode>
      <ItemType>1</ItemType>
      <ItemName>המבורגר זהב 400  גר`בלדי</ItemName>
      <ManufactureName>בלדי בעמ</ManufactureName>
      <ManufactureCountry />
      <ManufactureItemDescription />
      <UnitQty>יח`</UnitQty>
      <Quantity>4</Quantity>
      <UnitMeasure>100 גרם</UnitMeasure>
      <BisWeighted>0</BisWeighted>
      <QtyInPackage>1</QtyInPackage>
      <ItemPrice>15.90</ItemPrice>
      <UnitOfMeasurePrice>3.98</UnitOfMeasurePrice>
      <AllowDiscount>0</AllowDiscount>
      <itemStatus>1</itemStatus>
      <LastUpdateDate />
      <LastUpdateTime />
    </Product>
    <Product>
      <PriceUpdateDate>2018/11/12 07:49</PriceUpdateDate>
      <ItemCode>7290013584816</ItemCode>
      <ItemType>1</ItemType>
      <ItemName>משקה קל לימונענע פריגת (1.5 ליטר)</ItemName>
      <ManufactureName>החברה המרכזית להפצת משקאות בעמ</ManufactureName>
      <ManufactureCountry />
      <ManufactureItemDescription />
      <UnitQty>יח`</UnitQty>
      <Quantity>15</Quantity>
      <UnitMeasure>100 מ"ל</UnitMeasure>
      <BisWeighted>0</BisWeighted>
      <QtyInPackage>1</QtyInPackage>
      <ItemPrice>7.20</ItemPrice>
      <UnitOfMeasurePrice>0.48</UnitOfMeasurePrice>
      <AllowDiscount>1</AllowDiscount>
      <itemStatus>1</itemStatus>
      <LastUpdateDate />
      <LastUpdateTime />
    </Product>
    <Product>
      <PriceUpdateDate>2018/04/24 12:26</PriceUpdateDate>
      <ItemCode>7290013585233</ItemCode>
      <ItemType>1</ItemType>
      <ItemName>ספרייט זירו 330 מל סילק</ItemName>
      <ManufactureName>החברה המרכזית להפצת משקאות בעמ</ManufactureName>
      <ManufactureCountry />
      <ManufactureItemDescription />
      <UnitQty>יח`</UnitQty>
      <Quantity>3.30</Quantity>
      <UnitMeasure>100 מ"ל</UnitMeasure>
      <BisWeighted>0</BisWeighted>
      <QtyInPackage>1</QtyInPackage>
      <ItemPrice>4.50</ItemPrice>
      <UnitOfMeasurePrice>1.27</UnitOfMeasurePrice>
      <AllowDiscount>1</AllowDiscount>
      <itemStatus>1</itemStatus>
      <LastUpdateDate />
      <LastUpdateTime />
    </Product>
    <Product>
      <PriceUpdateDate>2018/08/01 14:43</PriceUpdateDate>
      <ItemCode>7290013585240</ItemCode>
      <ItemType>1</ItemType>
      <ItemName>ספרייט זירו 1.5 ליטר</ItemName>
      <ManufactureName>החברה המרכזית להפצת משקאות בעמ</ManufactureName>
      <ManufactureCountry />
      <ManufactureItemDescription />
      <UnitQty>יח`</UnitQty>
      <Quantity>1.50</Quantity>
      <UnitMeasure>1 ליטר</UnitMeasure>
      <BisWeighted>0</BisWeighted>
      <QtyInPackage>1</QtyInPackage>
      <ItemPrice>6.90</ItemPrice>
      <UnitOfMeasurePrice>4.60</UnitOfMeasurePrice>
      <AllowDiscount>0</AllowDiscount>
      <itemStatus>1</itemStatus>
      <LastUpdateDate />
      <LastUpdateTime />
    </Product>
    <Product>
      <PriceUpdateDate>2019/01/07 10:57</PriceUpdateDate>
      <ItemCode>7290013585271</ItemCode>
      <ItemType>1</ItemType>
      <ItemName>ספרייט זירו שישייה</ItemName>
      <ManufactureName>החברה המרכזית להפצת משקאות בעמ</ManufactureName>
      <ManufactureCountry />
      <ManufactureItemDescription />
      <UnitQty>יח`</UnitQty>
      <Quantity>9</Quantity>
      <UnitMeasure>1 ליטר</UnitMeasure>
      <BisWeighted>0</BisWeighted>
      <QtyInPackage>1</QtyInPackage>
      <ItemPrice>37.90</ItemPrice>
      <UnitOfMeasurePrice>4.21</UnitOfMeasurePrice>
      <AllowDiscount>1</AllowDiscount>
      <itemStatus>1</itemStatus>
      <LastUpdateDate />
      <LastUpdateTime />
    </Product>
    <Product>
      <PriceUpdateDate>2019/08/07 13:27</PriceUpdateDate>
      <ItemCode>7290013585349</ItemCode>
      <ItemType>1</ItemType>
      <ItemName>מארז מיוחד בירה קרלסברג (330x6 מל)</ItemName>
      <ManufactureName>החברה המרכזית להפצת משקאות בעמ</ManufactureName>
      <ManufactureCountry />
      <ManufactureItemDescription />
      <UnitQty>יח`</UnitQty>
      <Quantity>19.80</Quantity>
      <UnitMeasure>100 מ"ל</UnitMeasure>
      <BisWeighted>0</BisWeighted>
      <QtyInPackage>1</QtyInPackage>
      <ItemPrice>36.90</ItemPrice>
      <UnitOfMeasurePrice>1.77</UnitOfMeasurePrice>
      <AllowDiscount>1</AllowDiscount>
      <itemStatus>1</itemStatus>
      <LastUpdateDate />
      <LastUpdateTime />
    </Product>
    <Product>
      <PriceUpdateDate>2018/08/01 14:43</PriceUpdateDate>
      <ItemCode>7290013585370</ItemCode>
      <ItemType>1</ItemType>
      <ItemName>קוקה קולה 2 ליטר</ItemName>
      <ManufactureName>החברה המרכזית להפצת משקאות בעמ</ManufactureName>
      <ManufactureCountry />
      <ManufactureItemDescription />
      <UnitQty>יח`</UnitQty>
      <Quantity>20</Quantity>
      <UnitMeasure>100 מ"ל</UnitMeasure>
      <BisWeighted>0</BisWeighted>
      <QtyInPackage>1</QtyInPackage>
      <ItemPrice>7.90</ItemPrice>
      <UnitOfMeasurePrice>0.40</UnitOfMeasurePrice>
      <AllowDiscount>0</AllowDiscount>
      <itemStatus>1</itemStatus>
      <LastUpdateDate />
      <LastUpdateTime />
    </Product>
    <Product>
      <PriceUpdateDate>2018/11/12 07:49</PriceUpdateDate>
      <ItemCode>7290013585387</ItemCode>
      <ItemType>1</ItemType>
      <ItemName>בקבוק זירו קוקה-קולה (1 ליטר)</ItemName>
      <ManufactureName>החברה המרכזית להפצת משקאות בעמ</ManufactureName>
      <ManufactureCountry />
      <ManufactureItemDescription />
      <UnitQty>יח`</UnitQty>
      <Quantity>10</Quantity>
      <UnitMeasure>100 מ"ל</UnitMeasure>
      <BisWeighted>0</BisWeighted>
      <QtyInPackage>1</QtyInPackage>
      <ItemPrice>5.70</ItemPrice>
      <UnitOfMeasurePrice>0.54</UnitOfMeasurePrice>
      <AllowDiscount>0</AllowDiscount>
      <itemStatus>1</itemStatus>
      <LastUpdateDate />
      <LastUpdateTime />
    </Product>
    <Product>
      <PriceUpdateDate>2018/11/12 07:49</PriceUpdateDate>
      <ItemCode>7290013585394</ItemCode>
      <ItemType>1</ItemType>
      <ItemName>בקבוק קוקה-קולה (1 ליטר)</ItemName>
      <ManufactureName>החברה המרכזית להפצת משקאות בעמ</ManufactureName>
      <ManufactureCountry />
      <ManufactureItemDescription />
      <UnitQty>יח`</UnitQty>
      <Quantity>10</Quantity>
      <UnitMeasure>100 מ"ל</UnitMeasure>
      <BisWeighted>0</BisWeighted>
      <QtyInPackage>1</QtyInPackage>
      <ItemPrice>5.70</ItemPrice>
      <UnitOfMeasurePrice>0.54</UnitOfMeasurePrice>
      <AllowDiscount>0</AllowDiscount>
      <itemStatus>1</itemStatus>
      <LastUpdateDate />
      <LastUpdateTime />
    </Product>
    <Product>
      <PriceUpdateDate>2018/08/01 14:43</PriceUpdateDate>
      <ItemCode>7290013585479</ItemCode>
      <ItemType>1</ItemType>
      <ItemName>קוקה קולה זירו 2 ליטר</ItemName>
      <ManufactureName>החברה המרכזית להפצת משקאות בעמ</ManufactureName>
      <ManufactureCountry />
      <ManufactureItemDescription />
      <UnitQty>יח`</UnitQty>
      <Quantity>20</Quantity>
      <UnitMeasure>100 מ"ל</UnitMeasure>
      <BisWeighted>0</BisWeighted>
      <QtyInPackage>1</QtyInPackage>
      <ItemPrice>7.90</ItemPrice>
      <UnitOfMeasurePrice>0.40</UnitOfMeasurePrice>
      <AllowDiscount>0</AllowDiscount>
      <itemStatus>1</itemStatus>
      <LastUpdateDate />
      <LastUpdateTime />
    </Product>
    <Product>
      <PriceUpdateDate>2018/11/12 07:49</PriceUpdateDate>
      <ItemCode>7290013585509</ItemCode>
      <ItemType>1</ItemType>
      <ItemName>פריגת 1.5 ליטר אפרסק</ItemName>
      <ManufactureName>החברה המרכזית להפצת משקאות בעמ</ManufactureName>
      <ManufactureCountry />
      <ManufactureItemDescription />
      <UnitQty>יח`</UnitQty>
      <Quantity>1.50</Quantity>
      <UnitMeasure>1 ליטר</UnitMeasure>
      <BisWeighted>0</BisWeighted>
      <QtyInPackage>1</QtyInPackage>
      <ItemPrice>7.20</ItemPrice>
      <UnitOfMeasurePrice>4.80</UnitOfMeasurePrice>
      <AllowDiscount>0</AllowDiscount>
      <itemStatus>1</itemStatus>
      <LastUpdateDate />
      <LastUpdateTime />
    </Product>
    <Product>
      <PriceUpdateDate>2018/08/01 14:43</PriceUpdateDate>
      <ItemCode>7290013585554</ItemCode>
      <ItemType>1</ItemType>
      <ItemName>מארז סודה קינלי 1.5 ליטר שישייה</ItemName>
      <ManufactureName>החברה המרכזית להפצת משקאות בעמ</ManufactureName>
      <ManufactureCountry />
      <ManufactureItemDescription />
      <UnitQty>יח`</UnitQty>
      <Quantity>90</Quantity>
      <UnitMeasure>100 מ"ל</UnitMeasure>
      <BisWeighted>0</BisWeighted>
      <QtyInPackage>1</QtyInPackage>
      <ItemPrice>19.90</ItemPrice>
      <UnitOfMeasurePrice>0.22</UnitOfMeasurePrice>
      <AllowDiscount>1</AllowDiscount>
      <itemStatus>1</itemStatus>
      <LastUpdateDate />
      <LastUpdateTime />
    </Product>
    <Product>
      <PriceUpdateDate>2018/04/24 10:36</PriceUpdateDate>
      <ItemCode>7290013586612</ItemCode>
      <ItemType>1</ItemType>
      <ItemName>ויסוצקי ice לימונית לואיזה 1.5 ליטר</ItemName>
      <ManufactureName>החברה המרכזית להפצת משקאות בעמ</ManufactureName>
      <ManufactureCountry />
      <ManufactureItemDescription />
      <UnitQty>יח`</UnitQty>
      <Quantity>1.50</Quantity>
      <UnitMeasure>1 ליטר</UnitMeasure>
      <BisWeighted>0</BisWeighted>
      <QtyInPackage>1</QtyInPackage>
      <ItemPrice>7.90</ItemPrice>
      <UnitOfMeasurePrice>5.27</UnitOfMeasurePrice>
      <AllowDiscount>1</AllowDiscount>
      <itemStatus>1</itemStatus>
      <LastUpdateDate />
      <LastUpdateTime />
    </Product>
    <Product>
      <PriceUpdateDate>2018/04/24 10:36</PriceUpdateDate>
      <ItemCode>7290013586735</ItemCode>
      <ItemType>1</ItemType>
      <ItemName>ויסוצקי ice ארל גריי 1.5 ליטר</ItemName>
      <ManufactureName>החברה המרכזית להפצת משקאות בעמ</ManufactureName>
      <ManufactureCountry />
      <ManufactureItemDescription />
      <UnitQty>יח`</UnitQty>
      <Quantity>1.50</Quantity>
      <UnitMeasure>1 ליטר</UnitMeasure>
      <BisWeighted>0</BisWeighted>
      <QtyInPackage>1</QtyInPackage>
      <ItemPrice>7.90</ItemPrice>
      <UnitOfMeasurePrice>5.27</UnitOfMeasurePrice>
      <AllowDiscount>1</AllowDiscount>
      <itemStatus>1</itemStatus>
      <LastUpdateDate />
      <LastUpdateTime />
    </Product>
    <Product>
      <PriceUpdateDate>2019/08/21 13:11</PriceUpdateDate>
      <ItemCode>7290013608444</ItemCode>
      <ItemType>1</ItemType>
      <ItemName>משקה קל תפוזים 1.5 ליטר פרימור</ItemName>
      <ManufactureName>גניר (1992) בעמ</ManufactureName>
      <ManufactureCountry />
      <ManufactureItemDescription />
      <UnitQty>יח`</UnitQty>
      <Quantity>1</Quantity>
      <UnitMeasure />
      <BisWeighted>0</BisWeighted>
      <QtyInPackage>1</QtyInPackage>
      <ItemPrice>5.80</ItemPrice>
      <UnitOfMeasurePrice>5.80</UnitOfMeasurePrice>
      <AllowDiscount>1</AllowDiscount>
      <itemStatus>1</itemStatus>
      <LastUpdateDate />
      <LastUpdateTime />
    </Product>
    <Product>
      <PriceUpdateDate>2019/08/21 13:11</PriceUpdateDate>
      <ItemCode>7290013608451</ItemCode>
      <ItemType>1</ItemType>
      <ItemName>משקה קל ענבים 1.5 ליטר פרימור</ItemName>
      <ManufactureName>גניר (1992) בעמ</ManufactureName>
      <ManufactureCountry />
      <ManufactureItemDescription />
      <UnitQty>יח`</UnitQty>
      <Quantity>1</Quantity>
      <UnitMeasure>100 גרם</UnitMeasure>
      <BisWeighted>0</BisWeighted>
      <QtyInPackage>1</QtyInPackage>
      <ItemPrice>5.80</ItemPrice>
      <UnitOfMeasurePrice>5.80</UnitOfMeasurePrice>
      <AllowDiscount>1</AllowDiscount>
      <itemStatus>1</itemStatus>
      <LastUpdateDate />
      <LastUpdateTime />
    </Product>
    <Product>
      <PriceUpdateDate>2019/08/21 13:11</PriceUpdateDate>
      <ItemCode>7290013608475</ItemCode>
      <ItemType>1</ItemType>
      <ItemName>משקה בטעם לימונים 1.5 ליטר פרימור</ItemName>
      <ManufactureName>גניר (1992) בעמ</ManufactureName>
      <ManufactureCountry />
      <ManufactureItemDescription />
      <UnitQty>יח`</UnitQty>
      <Quantity>1</Quantity>
      <UnitMeasure>100 גרם</UnitMeasure>
      <BisWeighted>0</BisWeighted>
      <QtyInPackage>1</QtyInPackage>
      <ItemPrice>5.80</ItemPrice>
      <UnitOfMeasurePrice>5.80</UnitOfMeasurePrice>
      <AllowDiscount>1</AllowDiscount>
      <itemStatus>1</itemStatus>
      <LastUpdateDate />
      <LastUpdateTime />
    </Product>
    <Product>
      <PriceUpdateDate>2019/08/21 13:11</PriceUpdateDate>
      <ItemCode>7290013608482</ItemCode>
      <ItemType>1</ItemType>
      <ItemName>מיץ מנגו 1 ליטר פרימור</ItemName>
      <ManufactureName>גניר (1992) בעמ</ManufactureName>
      <ManufactureCountry />
      <ManufactureItemDescription />
      <UnitQty>יח`</UnitQty>
      <Quantity>1</Quantity>
      <UnitMeasure>100 מ"ל</UnitMeasure>
      <BisWeighted>0</BisWeighted>
      <QtyInPackage>1</QtyInPackage>
      <ItemPrice>6.50</ItemPrice>
      <UnitOfMeasurePrice>6.50</UnitOfMeasurePrice>
      <AllowDiscount>1</AllowDiscount>
      <itemStatus>1</itemStatus>
      <LastUpdateDate />
      <LastUpdateTime />
    </Product>
    <Product>
      <PriceUpdateDate>2019/08/21 13:11</PriceUpdateDate>
      <ItemCode>7290013608529</ItemCode>
      <ItemType>1</ItemType>
      <ItemName>משקה קל אשכולית 1.5 ליטר פרימור</ItemName>
      <ManufactureName>גניר (1992) בעמ</ManufactureName>
      <ManufactureCountry />
      <ManufactureItemDescription />
      <UnitQty>יח`</UnitQty>
      <Quantity>1</Quantity>
      <UnitMeasure />
      <BisWeighted>0</BisWeighted>
      <QtyInPackage>1</QtyInPackage>
      <ItemPrice>5.80</ItemPrice>
      <UnitOfMeasurePrice>5.80</UnitOfMeasurePrice>
      <AllowDiscount>1</AllowDiscount>
      <itemStatus>1</itemStatus>
      <LastUpdateDate />
      <LastUpdateTime />
    </Product>
    <Product>
      <PriceUpdateDate>2019/08/21 13:11</PriceUpdateDate>
      <ItemCode>7290013608536</ItemCode>
      <ItemType>1</ItemType>
      <ItemName>משקה קל דיאט אשכוליות 1.5 ליטר פרימור</ItemName>
      <ManufactureName>גניר (1992) בעמ</ManufactureName>
      <ManufactureCountry />
      <ManufactureItemDescription />
      <UnitQty>יח`</UnitQty>
      <Quantity>1</Quantity>
      <UnitMeasure />
      <BisWeighted>0</BisWeighted>
      <QtyInPackage>1</QtyInPackage>
      <ItemPrice>5.80</ItemPrice>
      <UnitOfMeasurePrice>5.80</UnitOfMeasurePrice>
      <AllowDiscount>1</AllowDiscount>
      <itemStatus>1</itemStatus>
      <LastUpdateDate />
      <LastUpdateTime />
    </Product>
    <Product>
      <PriceUpdateDate>2019/08/21 13:11</PriceUpdateDate>
      <ItemCode>7290013608543</ItemCode>
      <ItemType>1</ItemType>
      <ItemName>משקה קל תפוחים 1.5 ליטר פרימור</ItemName>
      <ManufactureName>גניר (1992) בעמ</ManufactureName>
      <ManufactureCountry />
      <ManufactureItemDescription />
      <UnitQty>יח`</UnitQty>
      <Quantity>1</Quantity>
      <UnitMeasure>100 גרם</UnitMeasure>
      <BisWeighted>0</BisWeighted>
      <QtyInPackage>1</QtyInPackage>
      <ItemPrice>5.80</ItemPrice>
      <UnitOfMeasurePrice>5.80</UnitOfMeasurePrice>
      <AllowDiscount>1</AllowDiscount>
      <itemStatus>1</itemStatus>
      <LastUpdateDate />
      <LastUpdateTime />
    </Product>
    <Product>
      <PriceUpdateDate>2019/08/21 13:11</PriceUpdateDate>
      <ItemCode>7290013608550</ItemCode>
      <ItemType>1</ItemType>
      <ItemName>נקטר תפוזים 1 ליטר פרימור</ItemName>
      <ManufactureName>גניר (1992) בעמ</ManufactureName>
      <ManufactureCountry />
      <ManufactureItemDescription />
      <UnitQty>יח`</UnitQty>
      <Quantity>1</Quantity>
      <UnitMeasure />
      <BisWeighted>0</BisWeighted>
      <QtyInPackage>1</QtyInPackage>
      <ItemPrice>6.50</ItemPrice>
      <UnitOfMeasurePrice>6.50</UnitOfMeasurePrice>
      <AllowDiscount>1</AllowDiscount>
      <itemStatus>1</itemStatus>
      <LastUpdateDate />
      <LastUpdateTime />
    </Product>
    <Product>
      <PriceUpdateDate>2019/08/21 13:11</PriceUpdateDate>
      <ItemCode>7290013608635</ItemCode>
      <ItemType>1</ItemType>
      <ItemName>משקה לימונים עם נענע 1 ליטר פרימור</ItemName>
      <ManufactureName>גניר (1992) בעמ</ManufactureName>
      <ManufactureCountry />
      <ManufactureItemDescription />
      <UnitQty>יח`</UnitQty>
      <Quantity>1</Quantity>
      <UnitMeasure />
      <BisWeighted>0</BisWeighted>
      <QtyInPackage>1</QtyInPackage>
      <ItemPrice>6.50</ItemPrice>
      <UnitOfMeasurePrice>6.50</UnitOfMeasurePrice>
      <AllowDiscount>1</AllowDiscount>
      <itemStatus>1</itemStatus>
      <LastUpdateDate />
      <LastUpdateTime />
    </Product>
    <Product>
      <PriceUpdateDate>2019/08/21 13:11</PriceUpdateDate>
      <ItemCode>7290013608642</ItemCode>
      <ItemType>1</ItemType>
      <ItemName>מיץ אפרסק 1 ליטר פרימור</ItemName>
      <ManufactureName>גניר (1992) בעמ</ManufactureName>
      <ManufactureCountry />
      <ManufactureItemDescription />
      <UnitQty>יח`</UnitQty>
      <Quantity>1</Quantity>
      <UnitMeasure />
      <BisWeighted>0</BisWeighted>
      <QtyInPackage>1</QtyInPackage>
      <ItemPrice>6.50</ItemPrice>
      <UnitOfMeasurePrice>6.50</UnitOfMeasurePrice>
      <AllowDiscount>1</AllowDiscount>
      <itemStatus>1</itemStatus>
      <LastUpdateDate />
      <LastUpdateTime />
    </Product>
    <Product>
      <PriceUpdateDate>2019/08/21 13:11</PriceUpdateDate>
      <ItemCode>7290013608673</ItemCode>
      <ItemType>1</ItemType>
      <ItemName>נקטר תפוח עץ 1 ליטר פרימור</ItemName>
      <ManufactureName>גניר (1992) בעמ</ManufactureName>
      <ManufactureCountry />
      <ManufactureItemDescription />
      <UnitQty>יח`</UnitQty>
      <Quantity>1</Quantity>
      <UnitMeasure />
      <BisWeighted>0</BisWeighted>
      <QtyInPackage>1</QtyInPackage>
      <ItemPrice>6.50</ItemPrice>
      <UnitOfMeasurePrice>6.50</UnitOfMeasurePrice>
      <AllowDiscount>1</AllowDiscount>
      <itemStatus>1</itemStatus>
      <LastUpdateDate />
      <LastUpdateTime />
    </Product>
    <Product>
      <PriceUpdateDate>2019/06/02 11:35</PriceUpdateDate>
      <ItemCode>7290013645371</ItemCode>
      <ItemType>1</ItemType>
      <ItemName>עוגיות שוקולד 200 גר כשלפ GFREE</ItemName>
      <ManufactureName>גורי מוצרי צריכה (1991) בעמ</ManufactureName>
      <ManufactureCountry />
      <ManufactureItemDescription />
      <UnitQty>יח`</UnitQty>
      <Quantity>2</Quantity>
      <UnitMeasure>100 גרם</UnitMeasure>
      <BisWeighted>0</BisWeighted>
      <QtyInPackage>1</QtyInPackage>
      <ItemPrice>17.90</ItemPrice>
      <UnitOfMeasurePrice>8.95</UnitOfMeasurePrice>
      <AllowDiscount>0</AllowDiscount>
      <itemStatus>1</itemStatus>
      <LastUpdateDate />
      <LastUpdateTime />
    </Product>
    <Product>
      <PriceUpdateDate>2019/06/02 11:35</PriceUpdateDate>
      <ItemCode>7290013645395</ItemCode>
      <ItemType>1</ItemType>
      <ItemName>עוגיות מרוקאיות 200 גר כשלפ GFREE</ItemName>
      <ManufactureName>גורי מוצרי צריכה (1991) בעמ</ManufactureName>
      <ManufactureCountry />
      <ManufactureItemDescription />
      <UnitQty>יח`</UnitQty>
      <Quantity>2</Quantity>
      <UnitMeasure>100 גרם</UnitMeasure>
      <BisWeighted>0</BisWeighted>
      <QtyInPackage>1</QtyInPackage>
      <ItemPrice>17.90</ItemPrice>
      <UnitOfMeasurePrice>8.95</UnitOfMeasurePrice>
      <AllowDiscount>0</AllowDiscount>
      <itemStatus>1</itemStatus>
      <LastUpdateDate />
      <LastUpdateTime />
    </Product>
    <Product>
      <PriceUpdateDate>2018/04/24 11:54</PriceUpdateDate>
      <ItemCode>7290013652164</ItemCode>
      <ItemType>1</ItemType>
      <ItemName>מגבונים להסרת איפור נטורל קר</ItemName>
      <ManufactureName>פישר תעשיות פרמצבטיות בעמ</ManufactureName>
      <ManufactureCountry />
      <ManufactureItemDescription />
      <UnitQty>יח`</UnitQty>
      <Quantity>1</Quantity>
      <UnitMeasure />
      <BisWeighted>0</BisWeighted>
      <QtyInPackage>1</QtyInPackage>
      <ItemPrice>24.90</ItemPrice>
      <UnitOfMeasurePrice>24.90</UnitOfMeasurePrice>
      <AllowDiscount>0</AllowDiscount>
      <itemStatus>1</itemStatus>
      <LastUpdateDate />
      <LastUpdateTime />
    </Product>
    <Product>
      <PriceUpdateDate>2019/10/22 15:44</PriceUpdateDate>
      <ItemCode>7290013675545</ItemCode>
      <ItemType>1</ItemType>
      <ItemName>שניצל כלי תחבורה מאמא עוף (700 גרם)</ItemName>
      <ManufactureName>תנובה קפואים</ManufactureName>
      <ManufactureCountry />
      <ManufactureItemDescription />
      <UnitQty>יח`</UnitQty>
      <Quantity>7</Quantity>
      <UnitMeasure>100 גרם</UnitMeasure>
      <BisWeighted>0</BisWeighted>
      <QtyInPackage>1</QtyInPackage>
      <ItemPrice>34.90</ItemPrice>
      <UnitOfMeasurePrice>4.99</UnitOfMeasurePrice>
      <AllowDiscount>1</AllowDiscount>
      <itemStatus>1</itemStatus>
      <LastUpdateDate />
      <LastUpdateTime />
    </Product>
    <Product>
      <PriceUpdateDate>2020/02/16 13:29</PriceUpdateDate>
      <ItemCode>7290013675811</ItemCode>
      <ItemType>1</ItemType>
      <ItemName>פסטה א-לה רומר להקפצה 450 גר` מאמא עוף</ItemName>
      <ManufactureName>תנובה קפואים</ManufactureName>
      <ManufactureCountry />
      <ManufactureItemDescription />
      <UnitQty>יח`</UnitQty>
      <Quantity>4.50</Quantity>
      <UnitMeasure>100 גרם</UnitMeasure>
      <BisWeighted>0</BisWeighted>
      <QtyInPackage>1</QtyInPackage>
      <ItemPrice>19.90</ItemPrice>
      <UnitOfMeasurePrice>4.42</UnitOfMeasurePrice>
      <AllowDiscount>1</AllowDiscount>
      <itemStatus>1</itemStatus>
      <LastUpdateDate />
      <LastUpdateTime />
    </Product>
    <Product>
      <PriceUpdateDate>2020/02/16 13:29</PriceUpdateDate>
      <ItemCode>7290013675828</ItemCode>
      <ItemType>1</ItemType>
      <ItemName>חגיגה אסייתית להקפצה 450 גר` מאמא עוף</ItemName>
      <ManufactureName>תנובה קפואים</ManufactureName>
      <ManufactureCountry />
      <ManufactureItemDescription />
      <UnitQty>יח`</UnitQty>
      <Quantity>4.50</Quantity>
      <UnitMeasure>100 גרם</UnitMeasure>
      <BisWeighted>0</BisWeighted>
      <QtyInPackage>1</QtyInPackage>
      <ItemPrice>19.90</ItemPrice>
      <UnitOfMeasurePrice>4.42</UnitOfMeasurePrice>
      <AllowDiscount>1</AllowDiscount>
      <itemStatus>1</itemStatus>
      <LastUpdateDate />
      <LastUpdateTime />
    </Product>
    <Product>
      <PriceUpdateDate>2020/02/16 13:29</PriceUpdateDate>
      <ItemCode>7290013675835</ItemCode>
      <ItemType>1</ItemType>
      <ItemName>ירוק גלילי להקפצה 450 גר` מאמא עוף</ItemName>
      <ManufactureName>תנובה קפואים</ManufactureName>
      <ManufactureCountry />
      <ManufactureItemDescription />
      <UnitQty>יח`</UnitQty>
      <Quantity>4.50</Quantity>
      <UnitMeasure>100 גרם</UnitMeasure>
      <BisWeighted>0</BisWeighted>
      <QtyInPackage>1</QtyInPackage>
      <ItemPrice>19.90</ItemPrice>
      <UnitOfMeasurePrice>4.42</UnitOfMeasurePrice>
      <AllowDiscount>1</AllowDiscount>
      <itemStatus>1</itemStatus>
      <LastUpdateDate />
      <LastUpdateTime />
    </Product>
    <Product>
      <PriceUpdateDate>2018/04/24 11:23</PriceUpdateDate>
      <ItemCode>7290013677358</ItemCode>
      <ItemType>1</ItemType>
      <ItemName>סוכריות גלי בינס קולה לימון 100 גר</ItemName>
      <ManufactureName>מיה תעשיות מזון מ.ת.מ. בעמ</ManufactureName>
      <ManufactureCountry />
      <ManufactureItemDescription />
      <UnitQty>יח`</UnitQty>
      <Quantity>1</Quantity>
      <UnitMeasure>100 גרם</UnitMeasure>
      <BisWeighted>0</BisWeighted>
      <QtyInPackage>1</QtyInPackage>
      <ItemPrice>8.90</ItemPrice>
      <UnitOfMeasurePrice>8.90</UnitOfMeasurePrice>
      <AllowDiscount>0</AllowDiscount>
      <itemStatus>1</itemStatus>
      <LastUpdateDate />
      <LastUpdateTime />
    </Product>
    <Product>
      <PriceUpdateDate>2018/04/24 11:24</PriceUpdateDate>
      <ItemCode>7290013677389</ItemCode>
      <ItemType>1</ItemType>
      <ItemName>סוכריות גלי בינס מיקס פירות 100 גר</ItemName>
      <ManufactureName>מיה תעשיות מזון מ.ת.מ. בעמ</ManufactureName>
      <ManufactureCountry />
      <ManufactureItemDescription />
      <UnitQty>יח`</UnitQty>
      <Quantity>1</Quantity>
      <UnitMeasure>100 גרם</UnitMeasure>
      <BisWeighted>0</BisWeighted>
      <QtyInPackage>1</QtyInPackage>
      <ItemPrice>8.90</ItemPrice>
      <UnitOfMeasurePrice>8.90</UnitOfMeasurePrice>
      <AllowDiscount>0</AllowDiscount>
      <itemStatus>1</itemStatus>
      <LastUpdateDate />
      <LastUpdateTime />
    </Product>
    <Product>
      <PriceUpdateDate>2018/04/24 10:58</PriceUpdateDate>
      <ItemCode>7290013677747</ItemCode>
      <ItemType>1</ItemType>
      <ItemName>אבקת שוקו 500 גר`</ItemName>
      <ManufactureName>מיה תעשיות מזון מ.ת.מ. בעמ</ManufactureName>
      <ManufactureCountry />
      <ManufactureItemDescription />
      <UnitQty>יח`</UnitQty>
      <Quantity>5</Quantity>
      <UnitMeasure>100 גרם</UnitMeasure>
      <BisWeighted>0</BisWeighted>
      <QtyInPackage>1</QtyInPackage>
      <ItemPrice>6.90</ItemPrice>
      <UnitOfMeasurePrice>1.38</UnitOfMeasurePrice>
      <AllowDiscount>1</AllowDiscount>
      <itemStatus>1</itemStatus>
      <LastUpdateDate />
      <LastUpdateTime />
    </Product>
    <Product>
      <PriceUpdateDate>2018/04/24 10:46</PriceUpdateDate>
      <ItemCode>7290013677846</ItemCode>
      <ItemType>1</ItemType>
      <ItemName>כוסמת מיה (1 קג)</ItemName>
      <ManufactureName>מיה תעשיות מזון מ.ת.מ. בעמ</ManufactureName>
      <ManufactureCountry />
      <ManufactureItemDescription />
      <UnitQty>יח`</UnitQty>
      <Quantity>10</Quantity>
      <UnitMeasure>100 גרם</UnitMeasure>
      <BisWeighted>0</BisWeighted>
      <QtyInPackage>1</QtyInPackage>
      <ItemPrice>13.90</ItemPrice>
      <UnitOfMeasurePrice>1.39</UnitOfMeasurePrice>
      <AllowDiscount>0</AllowDiscount>
      <itemStatus>1</itemStatus>
      <LastUpdateDate />
      <LastUpdateTime />
    </Product>
    <Product>
      <PriceUpdateDate>2018/04/24 11:23</PriceUpdateDate>
      <ItemCode>7290013677976</ItemCode>
      <ItemType>1</ItemType>
      <ItemName>שמן אגוזי מלך מיה (1 ליטר)</ItemName>
      <ManufactureName>מיה תעשיות מזון מ.ת.מ. בעמ</ManufactureName>
      <ManufactureCountry />
      <ManufactureItemDescription />
      <UnitQty>יח`</UnitQty>
      <Quantity>10</Quantity>
      <UnitMeasure>100 מ"ל</UnitMeasure>
      <BisWeighted>0</BisWeighted>
      <QtyInPackage>1</QtyInPackage>
      <ItemPrice>29.90</ItemPrice>
      <UnitOfMeasurePrice>2.99</UnitOfMeasurePrice>
      <AllowDiscount>0</AllowDiscount>
      <itemStatus>1</itemStatus>
      <LastUpdateDate />
      <LastUpdateTime />
    </Product>
    <Product>
      <PriceUpdateDate>2019/01/14 09:58</PriceUpdateDate>
      <ItemCode>7290013702005</ItemCode>
      <ItemType>1</ItemType>
      <ItemName>מים בטעם פירות יער שוופס (1.5 ליטר)</ItemName>
      <ManufactureName>יפאורה</ManufactureName>
      <ManufactureCountry />
      <ManufactureItemDescription />
      <UnitQty>יח`</UnitQty>
      <Quantity>15</Quantity>
      <UnitMeasure>100 מ"ל</UnitMeasure>
      <BisWeighted>0</BisWeighted>
      <QtyInPackage>1</QtyInPackage>
      <ItemPrice>6.30</ItemPrice>
      <UnitOfMeasurePrice>0.42</UnitOfMeasurePrice>
      <AllowDiscount>1</AllowDiscount>
      <itemStatus>1</itemStatus>
      <LastUpdateDate />
      <LastUpdateTime />
    </Product>
    <Product>
      <PriceUpdateDate>2019/01/14 09:58</PriceUpdateDate>
      <ItemCode>7290013702029</ItemCode>
      <ItemType>1</ItemType>
      <ItemName>מים בטעם אפרסק שוופס (1.5 ליטר)</ItemName>
      <ManufactureName>יפאורה</ManufactureName>
      <ManufactureCountry />
      <ManufactureItemDescription />
      <UnitQty>יח`</UnitQty>
      <Quantity>15</Quantity>
      <UnitMeasure>100 מ"ל</UnitMeasure>
      <BisWeighted>0</BisWeighted>
      <QtyInPackage>1</QtyInPackage>
      <ItemPrice>6.30</ItemPrice>
      <UnitOfMeasurePrice>0.42</UnitOfMeasurePrice>
      <AllowDiscount>1</AllowDiscount>
      <itemStatus>1</itemStatus>
      <LastUpdateDate />
      <LastUpdateTime />
    </Product>
    <Product>
      <PriceUpdateDate>2019/01/14 09:58</PriceUpdateDate>
      <ItemCode>7290013702043</ItemCode>
      <ItemType>1</ItemType>
      <ItemName>מים בטעם ענבים שוופס (1.5 ליטר)</ItemName>
      <ManufactureName>יפאורה</ManufactureName>
      <ManufactureCountry />
      <ManufactureItemDescription />
      <UnitQty>יח`</UnitQty>
      <Quantity>15</Quantity>
      <UnitMeasure>100 מ"ל</UnitMeasure>
      <BisWeighted>0</BisWeighted>
      <QtyInPackage>1</QtyInPackage>
      <ItemPrice>6.30</ItemPrice>
      <UnitOfMeasurePrice>0.42</UnitOfMeasurePrice>
      <AllowDiscount>1</AllowDiscount>
      <itemStatus>1</itemStatus>
      <LastUpdateDate />
      <LastUpdateTime />
    </Product>
    <Product>
      <PriceUpdateDate>2019/01/14 09:58</PriceUpdateDate>
      <ItemCode>7290013702371</ItemCode>
      <ItemType>1</ItemType>
      <ItemName>מים בטעם תפוח שוופס (1.5 ליטר)</ItemName>
      <ManufactureName>יפאורה</ManufactureName>
      <ManufactureCountry />
      <ManufactureItemDescription />
      <UnitQty>יח`</UnitQty>
      <Quantity>15</Quantity>
      <UnitMeasure>100 מ"ל</UnitMeasure>
      <BisWeighted>0</BisWeighted>
      <QtyInPackage>1</QtyInPackage>
      <ItemPrice>6.30</ItemPrice>
      <UnitOfMeasurePrice>0.42</UnitOfMeasurePrice>
      <AllowDiscount>1</AllowDiscount>
      <itemStatus>1</itemStatus>
      <LastUpdateDate />
      <LastUpdateTime />
    </Product>
    <Product>
      <PriceUpdateDate>2019/01/14 09:58</PriceUpdateDate>
      <ItemCode>7290013702463</ItemCode>
      <ItemType>1</ItemType>
      <ItemName>משקה מוגז לימונייד שוופס (1.5 ליטר)</ItemName>
      <ManufactureName>יפאורה</ManufactureName>
      <ManufactureCountry />
      <ManufactureItemDescription />
      <UnitQty>יח`</UnitQty>
      <Quantity>15</Quantity>
      <UnitMeasure>100 מ"ל</UnitMeasure>
      <BisWeighted>0</BisWeighted>
      <QtyInPackage>1</QtyInPackage>
      <ItemPrice>6.90</ItemPrice>
      <UnitOfMeasurePrice>0.46</UnitOfMeasurePrice>
      <AllowDiscount>1</AllowDiscount>
      <itemStatus>1</itemStatus>
      <LastUpdateDate />
      <LastUpdateTime />
    </Product>
    <Product>
      <PriceUpdateDate>2019/01/14 09:58</PriceUpdateDate>
      <ItemCode>7290013702470</ItemCode>
      <ItemType>1</ItemType>
      <ItemName>משקה מוגז לימונדה ורודה שוופס (1.5 ליטר)</ItemName>
      <ManufactureName>יפאורה</ManufactureName>
      <ManufactureCountry />
      <ManufactureItemDescription />
      <UnitQty>יח`</UnitQty>
      <Quantity>15</Quantity>
      <UnitMeasure>100 מ"ל</UnitMeasure>
      <BisWeighted>0</BisWeighted>
      <QtyInPackage>1</QtyInPackage>
      <ItemPrice>6.90</ItemPrice>
      <UnitOfMeasurePrice>0.46</UnitOfMeasurePrice>
      <AllowDiscount>1</AllowDiscount>
      <itemStatus>1</itemStatus>
      <LastUpdateDate />
      <LastUpdateTime />
    </Product>
    <Product>
      <PriceUpdateDate>2019/01/14 09:58</PriceUpdateDate>
      <ItemCode>7290013702555</ItemCode>
      <ItemType>1</ItemType>
      <ItemName>שוופס מוגז עדין 1.5 ליטר אננס</ItemName>
      <ManufactureName>יפאורה</ManufactureName>
      <ManufactureCountry />
      <ManufactureItemDescription />
      <UnitQty>יח`</UnitQty>
      <Quantity>15</Quantity>
      <UnitMeasure>100 מ"ל</UnitMeasure>
      <BisWeighted>0</BisWeighted>
      <QtyInPackage>1</QtyInPackage>
      <ItemPrice>6.90</ItemPrice>
      <UnitOfMeasurePrice>0.46</UnitOfMeasurePrice>
      <AllowDiscount>1</AllowDiscount>
      <itemStatus>1</itemStatus>
      <LastUpdateDate />
      <LastUpdateTime />
    </Product>
    <Product>
      <PriceUpdateDate>2018/04/24 12:07</PriceUpdateDate>
      <ItemCode>7290013725769</ItemCode>
      <ItemType>1</ItemType>
      <ItemName>נודלס עבה 400 גר`</ItemName>
      <ManufactureName>דין שיווק וקליה בעמ</ManufactureName>
      <ManufactureCountry />
      <ManufactureItemDescription />
      <UnitQty>יח`</UnitQty>
      <Quantity>4</Quantity>
      <UnitMeasure>100 גרם</UnitMeasure>
      <BisWeighted>0</BisWeighted>
      <QtyInPackage>1</QtyInPackage>
      <ItemPrice>4.90</ItemPrice>
      <UnitOfMeasurePrice>1.23</UnitOfMeasurePrice>
      <AllowDiscount>0</AllowDiscount>
      <itemStatus>1</itemStatus>
      <LastUpdateDate />
      <LastUpdateTime />
    </Product>
    <Product>
      <PriceUpdateDate>2020/03/19 17:53</PriceUpdateDate>
      <ItemCode>7290013787347</ItemCode>
      <ItemType>1</ItemType>
      <ItemName>פסטה פנה חור 500 גר`</ItemName>
      <ManufactureName>דורו איטליאן פרודקטס בעמ</ManufactureName>
      <ManufactureCountry />
      <ManufactureItemDescription />
      <UnitQty>יח`</UnitQty>
      <Quantity>5</Quantity>
      <UnitMeasure>100 גרם</UnitMeasure>
      <BisWeighted>0</BisWeighted>
      <QtyInPackage>1</QtyInPackage>
      <ItemPrice>9.90</ItemPrice>
      <UnitOfMeasurePrice>1.98</UnitOfMeasurePrice>
      <AllowDiscount>0</AllowDiscount>
      <itemStatus>1</itemStatus>
      <LastUpdateDate />
      <LastUpdateTime />
    </Product>
    <Product>
      <PriceUpdateDate>2020/03/19 17:53</PriceUpdateDate>
      <ItemCode>7290013787354</ItemCode>
      <ItemType>1</ItemType>
      <ItemName>פסטה פוזילי סרדי 500 גר`</ItemName>
      <ManufactureName>דורו איטליאן פרודקטס בעמ</ManufactureName>
      <ManufactureCountry />
      <ManufactureItemDescription />
      <UnitQty>יח`</UnitQty>
      <Quantity>5</Quantity>
      <UnitMeasure>100 גרם</UnitMeasure>
      <BisWeighted>0</BisWeighted>
      <QtyInPackage>1</QtyInPackage>
      <ItemPrice>9.90</ItemPrice>
      <UnitOfMeasurePrice>1.98</UnitOfMeasurePrice>
      <AllowDiscount>0</AllowDiscount>
      <itemStatus>1</itemStatus>
      <LastUpdateDate />
      <LastUpdateTime />
    </Product>
    <Product>
      <PriceUpdateDate>2018/04/24 12:47</PriceUpdateDate>
      <ItemCode>7290013847102</ItemCode>
      <ItemType>1</ItemType>
      <ItemName>סטארקיסט טונה בשמן 3*80גר שלישיות</ItemName>
      <ManufactureName>סטארקיסט דיפלומט היינץ</ManufactureName>
      <ManufactureCountry />
      <ManufactureItemDescription />
      <UnitQty>יח`</UnitQty>
      <Quantity>2.40</Quantity>
      <UnitMeasure>100 גרם</UnitMeasure>
      <BisWeighted>0</BisWeighted>
      <QtyInPackage>1</QtyInPackage>
      <ItemPrice>13.90</ItemPrice>
      <UnitOfMeasurePrice>5.79</UnitOfMeasurePrice>
      <AllowDiscount>0</AllowDiscount>
      <itemStatus>1</itemStatus>
      <LastUpdateDate />
      <LastUpdateTime />
    </Product>
    <Product>
      <PriceUpdateDate>2018/12/17 07:22</PriceUpdateDate>
      <ItemCode>7290013847393</ItemCode>
      <ItemType>1</ItemType>
      <ItemName>ס.ק לייט טונה 4% שומן עם עשבי תיבול 140</ItemName>
      <ManufactureName>סטארקיסט דיפלומט היינץ</ManufactureName>
      <ManufactureCountry />
      <ManufactureItemDescription />
      <UnitQty>יח`</UnitQty>
      <Quantity>1.40</Quantity>
      <UnitMeasure>100 גרם</UnitMeasure>
      <BisWeighted>0</BisWeighted>
      <QtyInPackage>1</QtyInPackage>
      <ItemPrice>7.90</ItemPrice>
      <UnitOfMeasurePrice>5.64</UnitOfMeasurePrice>
      <AllowDiscount>0</AllowDiscount>
      <itemStatus>1</itemStatus>
      <LastUpdateDate />
      <LastUpdateTime />
    </Product>
    <Product>
      <PriceUpdateDate>2018/12/17 07:22</PriceUpdateDate>
      <ItemCode>7290013847409</ItemCode>
      <ItemType>1</ItemType>
      <ItemName>ס.ק לייט טונה 4% שומן עם לימון ופלפל חרי</ItemName>
      <ManufactureName>סטארקיסט דיפלומט היינץ</ManufactureName>
      <ManufactureCountry />
      <ManufactureItemDescription />
      <UnitQty>יח`</UnitQty>
      <Quantity>1.40</Quantity>
      <UnitMeasure>100 גרם</UnitMeasure>
      <BisWeighted>0</BisWeighted>
      <QtyInPackage>1</QtyInPackage>
      <ItemPrice>7.90</ItemPrice>
      <UnitOfMeasurePrice>5.64</UnitOfMeasurePrice>
      <AllowDiscount>0</AllowDiscount>
      <itemStatus>1</itemStatus>
      <LastUpdateDate />
      <LastUpdateTime />
    </Product>
    <Product>
      <PriceUpdateDate>2018/04/24 13:12</PriceUpdateDate>
      <ItemCode>7290013847812</ItemCode>
      <ItemType>1</ItemType>
      <ItemName>ס.ק טונה ילופין בשמן זית מעולה 140 גר`</ItemName>
      <ManufactureName>סטארקיסט דיפלומט היינץ</ManufactureName>
      <ManufactureCountry />
      <ManufactureItemDescription />
      <UnitQty>יח`</UnitQty>
      <Quantity>1.40</Quantity>
      <UnitMeasure>100 גרם</UnitMeasure>
      <BisWeighted>0</BisWeighted>
      <QtyInPackage>1</QtyInPackage>
      <ItemPrice>9.90</ItemPrice>
      <UnitOfMeasurePrice>7.07</UnitOfMeasurePrice>
      <AllowDiscount>0</AllowDiscount>
      <itemStatus>1</itemStatus>
      <LastUpdateDate />
      <LastUpdateTime />
    </Product>
    <Product>
      <PriceUpdateDate>2018/06/18 07:26</PriceUpdateDate>
      <ItemCode>7290013847836</ItemCode>
      <ItemType>1</ItemType>
      <ItemName>מארז זוגות טונה בשמן קנולה 280 גר`* (140</ItemName>
      <ManufactureName>סטארקיסט דיפלומט היינץ</ManufactureName>
      <ManufactureCountry />
      <ManufactureItemDescription />
      <UnitQty>יח`</UnitQty>
      <Quantity>2.80</Quantity>
      <UnitMeasure>100 גרם</UnitMeasure>
      <BisWeighted>0</BisWeighted>
      <QtyInPackage>1</QtyInPackage>
      <ItemPrice>11.90</ItemPrice>
      <UnitOfMeasurePrice>4.25</UnitOfMeasurePrice>
      <AllowDiscount>0</AllowDiscount>
      <itemStatus>1</itemStatus>
      <LastUpdateDate />
      <LastUpdateTime />
    </Product>
    <Product>
      <PriceUpdateDate>2019/07/18 15:45</PriceUpdateDate>
      <ItemCode>7290013847980</ItemCode>
      <ItemType>1</ItemType>
      <ItemName>סטארקיסט שפע משקל 425 גר`</ItemName>
      <ManufactureName>סטארקיסט דיפלומט היינץ</ManufactureName>
      <ManufactureCountry />
      <ManufactureItemDescription />
      <UnitQty>יח`</UnitQty>
      <Quantity>4.25</Quantity>
      <UnitMeasure>100 גרם</UnitMeasure>
      <BisWeighted>0</BisWeighted>
      <QtyInPackage>1</QtyInPackage>
      <ItemPrice>17.90</ItemPrice>
      <UnitOfMeasurePrice>4.21</UnitOfMeasurePrice>
      <AllowDiscount>0</AllowDiscount>
      <itemStatus>1</itemStatus>
      <LastUpdateDate />
      <LastUpdateTime />
    </Product>
    <Product>
      <PriceUpdateDate>2019/04/05 09:37</PriceUpdateDate>
      <ItemCode>7290013848345</ItemCode>
      <ItemType>1</ItemType>
      <ItemName>מטליות לניקוי לחיטוי ולניקוי 50 יח סנו</ItemName>
      <ManufactureName>החברה הדרומית לשיווק בעמ</ManufactureName>
      <ManufactureCountry />
      <ManufactureItemDescription />
      <UnitQty>יח`</UnitQty>
      <Quantity>1</Quantity>
      <UnitMeasure />
      <BisWeighted>0</BisWeighted>
      <QtyInPackage>1</QtyInPackage>
      <ItemPrice>19.90</ItemPrice>
      <UnitOfMeasurePrice>19.90</UnitOfMeasurePrice>
      <AllowDiscount>0</AllowDiscount>
      <itemStatus>1</itemStatus>
      <LastUpdateDate />
      <LastUpdateTime />
    </Product>
    <Product>
      <PriceUpdateDate>2018/04/24 11:37</PriceUpdateDate>
      <ItemCode>7290013848383</ItemCode>
      <ItemType>1</ItemType>
      <ItemName>ג`ל רחצה לגבר אקטיב בלוק קרמה (700 מל)</ItemName>
      <ManufactureName>החברה הדרומית לשיווק בעמ</ManufactureName>
      <ManufactureCountry />
      <ManufactureItemDescription />
      <UnitQty>יח`</UnitQty>
      <Quantity>7</Quantity>
      <UnitMeasure>100 מ"ל</UnitMeasure>
      <BisWeighted>0</BisWeighted>
      <QtyInPackage>1</QtyInPackage>
      <ItemPrice>20.90</ItemPrice>
      <UnitOfMeasurePrice>2.99</UnitOfMeasurePrice>
      <AllowDiscount>0</AllowDiscount>
      <itemStatus>1</itemStatus>
      <LastUpdateDate />
      <LastUpdateTime />
    </Product>
    <Product>
      <PriceUpdateDate>2018/07/08 11:12</PriceUpdateDate>
      <ItemCode>7290013848758</ItemCode>
      <ItemType>1</ItemType>
      <ItemName>סנו מקסימה ג`ל מרוכז בייבי</ItemName>
      <ManufactureName>החברה הדרומית לשיווק בעמ</ManufactureName>
      <ManufactureCountry />
      <ManufactureItemDescription />
      <UnitQty>יח`</UnitQty>
      <Quantity>3</Quantity>
      <UnitMeasure>1 ליטר</UnitMeasure>
      <BisWeighted>0</BisWeighted>
      <QtyInPackage>1</QtyInPackage>
      <ItemPrice>34.90</ItemPrice>
      <UnitOfMeasurePrice>11.63</UnitOfMeasurePrice>
      <AllowDiscount>0</AllowDiscount>
      <itemStatus>1</itemStatus>
      <LastUpdateDate />
      <LastUpdateTime />
    </Product>
    <Product>
      <PriceUpdateDate>2019/04/10 14:41</PriceUpdateDate>
      <ItemCode>7290013903327</ItemCode>
      <ItemType>1</ItemType>
      <ItemName>טופו טבעי 500 יח 2 יח נפרדות ליב</ItemName>
      <ManufactureName>ל.י.ב. (לחיות יותר בטבע) בעמ</ManufactureName>
      <ManufactureCountry />
      <ManufactureItemDescription />
      <UnitQty>יח`</UnitQty>
      <Quantity>5</Quantity>
      <UnitMeasure>100 גרם</UnitMeasure>
      <BisWeighted>0</BisWeighted>
      <QtyInPackage>1</QtyInPackage>
      <ItemPrice>15.90</ItemPrice>
      <UnitOfMeasurePrice>3.18</UnitOfMeasurePrice>
      <AllowDiscount>0</AllowDiscount>
      <itemStatus>1</itemStatus>
      <LastUpdateDate />
      <LastUpdateTime />
    </Product>
    <Product>
      <PriceUpdateDate>2018/04/24 13:03</PriceUpdateDate>
      <ItemCode>7290013903594</ItemCode>
      <ItemType>1</ItemType>
      <ItemName>רסק תפוחי עץ ליב 670 גר`</ItemName>
      <ManufactureName>ל.י.ב. (לחיות יותר בטבע) בעמ</ManufactureName>
      <ManufactureCountry />
      <ManufactureItemDescription />
      <UnitQty>יח`</UnitQty>
      <Quantity>6.70</Quantity>
      <UnitMeasure>100 גרם</UnitMeasure>
      <BisWeighted>0</BisWeighted>
      <QtyInPackage>1</QtyInPackage>
      <ItemPrice>10.90</ItemPrice>
      <UnitOfMeasurePrice>1.63</UnitOfMeasurePrice>
      <AllowDiscount>0</AllowDiscount>
      <itemStatus>1</itemStatus>
      <LastUpdateDate />
      <LastUpdateTime />
    </Product>
    <Product>
      <PriceUpdateDate>2019/03/24 20:17</PriceUpdateDate>
      <ItemCode>7290013906205</ItemCode>
      <ItemType>1</ItemType>
      <ItemName>פסטרמה שום וצילי טירת צבי (400 גרם)</ItemName>
      <ManufactureName>תנובה קפואים</ManufactureName>
      <ManufactureCountry />
      <ManufactureItemDescription />
      <UnitQty>יח`</UnitQty>
      <Quantity>4</Quantity>
      <UnitMeasure>100 גרם</UnitMeasure>
      <BisWeighted>0</BisWeighted>
      <QtyInPackage>1</QtyInPackage>
      <ItemPrice>31.90</ItemPrice>
      <UnitOfMeasurePrice>7.98</UnitOfMeasurePrice>
      <AllowDiscount>1</AllowDiscount>
      <itemStatus>1</itemStatus>
      <LastUpdateDate />
      <LastUpdateTime />
    </Product>
    <Product>
      <PriceUpdateDate>2018/04/24 11:46</PriceUpdateDate>
      <ItemCode>7290013906458</ItemCode>
      <ItemType>1</ItemType>
      <ItemName>קבנוס 120 גר` פיקנטי טירת צבי</ItemName>
      <ManufactureName>תנובה קפואים</ManufactureName>
      <ManufactureCountry />
      <ManufactureItemDescription />
      <UnitQty>יח`</UnitQty>
      <Quantity>1.20</Quantity>
      <UnitMeasure>100 גרם</UnitMeasure>
      <BisWeighted>0</BisWeighted>
      <QtyInPackage>1</QtyInPackage>
      <ItemPrice>11.90</ItemPrice>
      <UnitOfMeasurePrice>9.92</UnitOfMeasurePrice>
      <AllowDiscount>1</AllowDiscount>
      <itemStatus>1</itemStatus>
      <LastUpdateDate />
      <LastUpdateTime />
    </Product>
    <Product>
      <PriceUpdateDate>2018/04/24 11:38</PriceUpdateDate>
      <ItemCode>7290013906489</ItemCode>
      <ItemType>1</ItemType>
      <ItemName>חטיפי קבנוס 120 גר` טירת צבי</ItemName>
      <ManufactureName>תנובה קפואים</ManufactureName>
      <ManufactureCountry />
      <ManufactureItemDescription />
      <UnitQty>יח`</UnitQty>
      <Quantity>1.20</Quantity>
      <UnitMeasure>100 גרם</UnitMeasure>
      <BisWeighted>0</BisWeighted>
      <QtyInPackage>1</QtyInPackage>
      <ItemPrice>11.90</ItemPrice>
      <UnitOfMeasurePrice>9.92</UnitOfMeasurePrice>
      <AllowDiscount>1</AllowDiscount>
      <itemStatus>1</itemStatus>
      <LastUpdateDate />
      <LastUpdateTime />
    </Product>
    <Product>
      <PriceUpdateDate>2018/04/24 12:19</PriceUpdateDate>
      <ItemCode>7290013906687</ItemCode>
      <ItemType>1</ItemType>
      <ItemName>צמד כפרי ברבקיו ודבש 600 גר טירת צבי</ItemName>
      <ManufactureName>תנובה קפואים</ManufactureName>
      <ManufactureCountry />
      <ManufactureItemDescription />
      <UnitQty>יח`</UnitQty>
      <Quantity>6</Quantity>
      <UnitMeasure>100 גרם</UnitMeasure>
      <BisWeighted>0</BisWeighted>
      <QtyInPackage>1</QtyInPackage>
      <ItemPrice>29.90</ItemPrice>
      <UnitOfMeasurePrice>4.98</UnitOfMeasurePrice>
      <AllowDiscount>1</AllowDiscount>
      <itemStatus>1</itemStatus>
      <LastUpdateDate />
      <LastUpdateTime />
    </Product>
    <Product>
      <PriceUpdateDate>2019/10/04 10:00</PriceUpdateDate>
      <ItemCode>7290013919359</ItemCode>
      <ItemType>1</ItemType>
      <ItemName>עוגיות בדלי כתר ריבה 600 גר`</ItemName>
      <ManufactureName>שיבולים יצור ושיווק מוצרי מאפה</ManufactureName>
      <ManufactureCountry />
      <ManufactureItemDescription />
      <UnitQty>יח`</UnitQty>
      <Quantity>6</Quantity>
      <UnitMeasure>100 גרם</UnitMeasure>
      <BisWeighted>0</BisWeighted>
      <QtyInPackage>1</QtyInPackage>
      <ItemPrice>11.90</ItemPrice>
      <UnitOfMeasurePrice>1.98</UnitOfMeasurePrice>
      <AllowDiscount>1</AllowDiscount>
      <itemStatus>1</itemStatus>
      <LastUpdateDate />
      <LastUpdateTime />
    </Product>
    <Product>
      <PriceUpdateDate>2018/04/24 11:16</PriceUpdateDate>
      <ItemCode>7290013927002</ItemCode>
      <ItemType>1</ItemType>
      <ItemName>עוגיות דקליות בטעם שוקולד אחוה (400 גרם)</ItemName>
      <ManufactureName>אחדות בעמ</ManufactureName>
      <ManufactureCountry />
      <ManufactureItemDescription />
      <UnitQty>יח`</UnitQty>
      <Quantity>4</Quantity>
      <UnitMeasure>100 גרם</UnitMeasure>
      <BisWeighted>0</BisWeighted>
      <QtyInPackage>1</QtyInPackage>
      <ItemPrice>8.90</ItemPrice>
      <UnitOfMeasurePrice>2.23</UnitOfMeasurePrice>
      <AllowDiscount>0</AllowDiscount>
      <itemStatus>1</itemStatus>
      <LastUpdateDate />
      <LastUpdateTime />
    </Product>
    <Product>
      <PriceUpdateDate>2018/04/24 11:16</PriceUpdateDate>
      <ItemCode>7290013927019</ItemCode>
      <ItemType>1</ItemType>
      <ItemName>עוגיות דקליות בטעם קינמון אחוה (400 גרם)</ItemName>
      <ManufactureName>אחדות בעמ</ManufactureName>
      <ManufactureCountry />
      <ManufactureItemDescription />
      <UnitQty>יח`</UnitQty>
      <Quantity>4</Quantity>
      <UnitMeasure>100 גרם</UnitMeasure>
      <BisWeighted>0</BisWeighted>
      <QtyInPackage>1</QtyInPackage>
      <ItemPrice>8.90</ItemPrice>
      <UnitOfMeasurePrice>2.23</UnitOfMeasurePrice>
      <AllowDiscount>0</AllowDiscount>
      <itemStatus>1</itemStatus>
      <LastUpdateDate />
      <LastUpdateTime />
    </Product>
    <Product>
      <PriceUpdateDate>2018/04/24 11:10</PriceUpdateDate>
      <ItemCode>7290013927040</ItemCode>
      <ItemType>1</ItemType>
      <ItemName>עוגיות ממולאות שוקולד אחוה (600 גרם)</ItemName>
      <ManufactureName>אחדות בעמ</ManufactureName>
      <ManufactureCountry />
      <ManufactureItemDescription />
      <UnitQty>יח`</UnitQty>
      <Quantity>6</Quantity>
      <UnitMeasure>100 גרם</UnitMeasure>
      <BisWeighted>0</BisWeighted>
      <QtyInPackage>1</QtyInPackage>
      <ItemPrice>10.90</ItemPrice>
      <UnitOfMeasurePrice>1.82</UnitOfMeasurePrice>
      <AllowDiscount>0</AllowDiscount>
      <itemStatus>1</itemStatus>
      <LastUpdateDate />
      <LastUpdateTime />
    </Product>
    <Product>
      <PriceUpdateDate>2018/04/24 11:16</PriceUpdateDate>
      <ItemCode>7290013927057</ItemCode>
      <ItemType>1</ItemType>
      <ItemName>עוגיות שוקולד צ`יפס אחוה (400 גרם)</ItemName>
      <ManufactureName>אחדות בעמ</ManufactureName>
      <ManufactureCountry />
      <ManufactureItemDescription />
      <UnitQty>יח`</UnitQty>
      <Quantity>4</Quantity>
      <UnitMeasure>100 גרם</UnitMeasure>
      <BisWeighted>0</BisWeighted>
      <QtyInPackage>1</QtyInPackage>
      <ItemPrice>9.90</ItemPrice>
      <UnitOfMeasurePrice>2.48</UnitOfMeasurePrice>
      <AllowDiscount>0</AllowDiscount>
      <itemStatus>1</itemStatus>
      <LastUpdateDate />
      <LastUpdateTime />
    </Product>
    <Product>
      <PriceUpdateDate>2018/04/24 10:59</PriceUpdateDate>
      <ItemCode>7290013927064</ItemCode>
      <ItemType>1</ItemType>
      <ItemName>עוגיות גרנולה 400 גר`</ItemName>
      <ManufactureName>אחדות בעמ</ManufactureName>
      <ManufactureCountry />
      <ManufactureItemDescription />
      <UnitQty>יח`</UnitQty>
      <Quantity>4</Quantity>
      <UnitMeasure>100 גרם</UnitMeasure>
      <BisWeighted>0</BisWeighted>
      <QtyInPackage>1</QtyInPackage>
      <ItemPrice>8.90</ItemPrice>
      <UnitOfMeasurePrice>2.23</UnitOfMeasurePrice>
      <AllowDiscount>0</AllowDiscount>
      <itemStatus>1</itemStatus>
      <LastUpdateDate />
      <LastUpdateTime />
    </Product>
    <Product>
      <PriceUpdateDate>2018/05/17 10:38</PriceUpdateDate>
      <ItemCode>7290013927569</ItemCode>
      <ItemType>1</ItemType>
      <ItemName>ממרח טחינה עם דבש 400 גר` אחווה</ItemName>
      <ManufactureName>אחדות בעמ</ManufactureName>
      <ManufactureCountry />
      <ManufactureItemDescription />
      <UnitQty>יח`</UnitQty>
      <Quantity>4</Quantity>
      <UnitMeasure>100 גרם</UnitMeasure>
      <BisWeighted>0</BisWeighted>
      <QtyInPackage>1</QtyInPackage>
      <ItemPrice>11.90</ItemPrice>
      <UnitOfMeasurePrice>2.98</UnitOfMeasurePrice>
      <AllowDiscount>1</AllowDiscount>
      <itemStatus>1</itemStatus>
      <LastUpdateDate />
      <LastUpdateTime />
    </Product>
    <Product>
      <PriceUpdateDate>2018/11/08 07:27</PriceUpdateDate>
      <ItemCode>7290013927583</ItemCode>
      <ItemType>1</ItemType>
      <ItemName>רוגעלך וניל עם שוקולד צ`יפס אחוה (400 גר</ItemName>
      <ManufactureName>אחדות בעמ</ManufactureName>
      <ManufactureCountry />
      <ManufactureItemDescription />
      <UnitQty>יח`</UnitQty>
      <Quantity>4</Quantity>
      <UnitMeasure>100 גרם</UnitMeasure>
      <BisWeighted>0</BisWeighted>
      <QtyInPackage>1</QtyInPackage>
      <ItemPrice>8.90</ItemPrice>
      <UnitOfMeasurePrice>2.23</UnitOfMeasurePrice>
      <AllowDiscount>0</AllowDiscount>
      <itemStatus>1</itemStatus>
      <LastUpdateDate />
      <LastUpdateTime />
    </Product>
    <Product>
      <PriceUpdateDate>2019/10/16 19:12</PriceUpdateDate>
      <ItemCode>7290013927842</ItemCode>
      <ItemType>1</ItemType>
      <ItemName>חלבה מלבי אחוה (400 גרם)</ItemName>
      <ManufactureName>אחדות בעמ</ManufactureName>
      <ManufactureCountry />
      <ManufactureItemDescription />
      <UnitQty>יח`</UnitQty>
      <Quantity>4</Quantity>
      <UnitMeasure>100 גרם</UnitMeasure>
      <BisWeighted>0</BisWeighted>
      <QtyInPackage>1</QtyInPackage>
      <ItemPrice>12.90</ItemPrice>
      <UnitOfMeasurePrice>3.23</UnitOfMeasurePrice>
      <AllowDiscount>0</AllowDiscount>
      <itemStatus>1</itemStatus>
      <LastUpdateDate />
      <LastUpdateTime />
    </Product>
    <Product>
      <PriceUpdateDate>2020/05/01 10:50</PriceUpdateDate>
      <ItemCode>7290013927996</ItemCode>
      <ItemType>1</ItemType>
      <ItemName>עוגת שמרים קרנץ בטעם שוקולד 400  גר`אחוו</ItemName>
      <ManufactureName>אחדות בעמ</ManufactureName>
      <ManufactureCountry />
      <ManufactureItemDescription />
      <UnitQty>יח`</UnitQty>
      <Quantity>4</Quantity>
      <UnitMeasure>100 גרם</UnitMeasure>
      <BisWeighted>0</BisWeighted>
      <QtyInPackage>1</QtyInPackage>
      <ItemPrice>10</ItemPrice>
      <UnitOfMeasurePrice>2.50</UnitOfMeasurePrice>
      <AllowDiscount>0</AllowDiscount>
      <itemStatus>1</itemStatus>
      <LastUpdateDate />
      <LastUpdateTime />
    </Product>
    <Product>
      <PriceUpdateDate>2019/01/30 09:36</PriceUpdateDate>
      <ItemCode>7290014002128</ItemCode>
      <ItemType>1</ItemType>
      <ItemName>תה ירוק לימונית מנטה ויסוצקי) (25</ItemName>
      <ManufactureName>תה ויסוצקי (ישראל) בעמ</ManufactureName>
      <ManufactureCountry />
      <ManufactureItemDescription />
      <UnitQty>יח`</UnitQty>
      <Quantity>0.3750</Quantity>
      <UnitMeasure>100 גרם</UnitMeasure>
      <BisWeighted>0</BisWeighted>
      <QtyInPackage>1</QtyInPackage>
      <ItemPrice>24.90</ItemPrice>
      <UnitOfMeasurePrice>66.40</UnitOfMeasurePrice>
      <AllowDiscount>0</AllowDiscount>
      <itemStatus>1</itemStatus>
      <LastUpdateDate />
      <LastUpdateTime />
    </Product>
    <Product>
      <PriceUpdateDate>2019/01/07 10:57</PriceUpdateDate>
      <ItemCode>7290014002197</ItemCode>
      <ItemType>1</ItemType>
      <ItemName>הגן הקסום קמומיל לימונית 25 שקיקים</ItemName>
      <ManufactureName>תה ויסוצקי (ישראל) בעמ</ManufactureName>
      <ManufactureCountry />
      <ManufactureItemDescription />
      <UnitQty>יח`</UnitQty>
      <Quantity>0.3750</Quantity>
      <UnitMeasure>100 גרם</UnitMeasure>
      <BisWeighted>0</BisWeighted>
      <QtyInPackage>1</QtyInPackage>
      <ItemPrice>17.50</ItemPrice>
      <UnitOfMeasurePrice>46.67</UnitOfMeasurePrice>
      <AllowDiscount>0</AllowDiscount>
      <itemStatus>1</itemStatus>
      <LastUpdateDate />
      <LastUpdateTime />
    </Product>
    <Product>
      <PriceUpdateDate>2019/01/07 10:57</PriceUpdateDate>
      <ItemCode>7290014002203</ItemCode>
      <ItemType>1</ItemType>
      <ItemName>חליטת לימונית לואיזה ויסוצקי) (25</ItemName>
      <ManufactureName>תה ויסוצקי (ישראל) בעמ</ManufactureName>
      <ManufactureCountry />
      <ManufactureItemDescription />
      <UnitQty>יח`</UnitQty>
      <Quantity>0.3750</Quantity>
      <UnitMeasure>100 גרם</UnitMeasure>
      <BisWeighted>0</BisWeighted>
      <QtyInPackage>1</QtyInPackage>
      <ItemPrice>17.50</ItemPrice>
      <UnitOfMeasurePrice>46.67</UnitOfMeasurePrice>
      <AllowDiscount>0</AllowDiscount>
      <itemStatus>1</itemStatus>
      <LastUpdateDate />
      <LastUpdateTime />
    </Product>
    <Product>
      <PriceUpdateDate>2019/01/30 09:36</PriceUpdateDate>
      <ItemCode>7290014002579</ItemCode>
      <ItemType>1</ItemType>
      <ItemName>תה ירוק וניל ויסוצקי) (25</ItemName>
      <ManufactureName>תה ויסוצקי (ישראל) בעמ</ManufactureName>
      <ManufactureCountry />
      <ManufactureItemDescription />
      <UnitQty>יח`</UnitQty>
      <Quantity>0.3750</Quantity>
      <UnitMeasure>100 גרם</UnitMeasure>
      <BisWeighted>0</BisWeighted>
      <QtyInPackage>1</QtyInPackage>
      <ItemPrice>24.90</ItemPrice>
      <UnitOfMeasurePrice>66.40</UnitOfMeasurePrice>
      <AllowDiscount>0</AllowDiscount>
      <itemStatus>1</itemStatus>
      <LastUpdateDate />
      <LastUpdateTime />
    </Product>
    <Product>
      <PriceUpdateDate>2018/04/24 12:03</PriceUpdateDate>
      <ItemCode>7290014002661</ItemCode>
      <ItemType>1</ItemType>
      <ItemName>ארל גריי 20 שקיקים</ItemName>
      <ManufactureName>תה ויסוצקי (ישראל) בעמ</ManufactureName>
      <ManufactureCountry />
      <ManufactureItemDescription />
      <UnitQty>יח`</UnitQty>
      <Quantity>1</Quantity>
      <UnitMeasure />
      <BisWeighted>0</BisWeighted>
      <QtyInPackage>1</QtyInPackage>
      <ItemPrice>13.90</ItemPrice>
      <UnitOfMeasurePrice>13.90</UnitOfMeasurePrice>
      <AllowDiscount>0</AllowDiscount>
      <itemStatus>1</itemStatus>
      <LastUpdateDate />
      <LastUpdateTime />
    </Product>
    <Product>
      <PriceUpdateDate>2018/10/11 09:58</PriceUpdateDate>
      <ItemCode>7290014002944</ItemCode>
      <ItemType>1</ItemType>
      <ItemName>תה חמדת השקד ויסוצקי הגן הקסום) (25</ItemName>
      <ManufactureName>תה ויסוצקי (ישראל) בעמ</ManufactureName>
      <ManufactureCountry />
      <ManufactureItemDescription />
      <UnitQty>יח`</UnitQty>
      <Quantity>1</Quantity>
      <UnitMeasure />
      <BisWeighted>0</BisWeighted>
      <QtyInPackage>1</QtyInPackage>
      <ItemPrice>17.50</ItemPrice>
      <UnitOfMeasurePrice>17.50</UnitOfMeasurePrice>
      <AllowDiscount>0</AllowDiscount>
      <itemStatus>1</itemStatus>
      <LastUpdateDate />
      <LastUpdateTime />
    </Product>
    <Product>
      <PriceUpdateDate>2019/01/30 09:36</PriceUpdateDate>
      <ItemCode>7290014002982</ItemCode>
      <ItemType>1</ItemType>
      <ItemName>תה ירוק סטיביה 25 שקיקים</ItemName>
      <ManufactureName>תה ויסוצקי (ישראל) בעמ</ManufactureName>
      <ManufactureCountry />
      <ManufactureItemDescription />
      <UnitQty>יח`</UnitQty>
      <Quantity>1</Quantity>
      <UnitMeasure />
      <BisWeighted>0</BisWeighted>
      <QtyInPackage>1</QtyInPackage>
      <ItemPrice>24.90</ItemPrice>
      <UnitOfMeasurePrice>24.90</UnitOfMeasurePrice>
      <AllowDiscount>0</AllowDiscount>
      <itemStatus>1</itemStatus>
      <LastUpdateDate />
      <LastUpdateTime />
    </Product>
    <Product>
      <PriceUpdateDate>2018/04/24 13:08</PriceUpdateDate>
      <ItemCode>7290014017337</ItemCode>
      <ItemType>1</ItemType>
      <ItemName>נטורל קייקס אבקת מרק בצל ללא גלוטן 400 ג</ItemName>
      <ManufactureName>רוזמן לוגיסטיקה שיווק והפצה בע</ManufactureName>
      <ManufactureCountry />
      <ManufactureItemDescription />
      <UnitQty>יח`</UnitQty>
      <Quantity>4</Quantity>
      <UnitMeasure>100 גרם</UnitMeasure>
      <BisWeighted>0</BisWeighted>
      <QtyInPackage>1</QtyInPackage>
      <ItemPrice>17.90</ItemPrice>
      <UnitOfMeasurePrice>4.48</UnitOfMeasurePrice>
      <AllowDiscount>0</AllowDiscount>
      <itemStatus>1</itemStatus>
      <LastUpdateDate />
      <LastUpdateTime />
    </Product>
    <Product>
      <PriceUpdateDate>2018/04/24 13:03</PriceUpdateDate>
      <ItemCode>7290014046016</ItemCode>
      <ItemType>1</ItemType>
      <ItemName>פסטרמה של פעם 100% 250גר`</ItemName>
      <ManufactureName>מעדני יחיעם (1993) בעמ</ManufactureName>
      <ManufactureCountry />
      <ManufactureItemDescription />
      <UnitQty>יח`</UnitQty>
      <Quantity>2.50</Quantity>
      <UnitMeasure>100 גרם</UnitMeasure>
      <BisWeighted>0</BisWeighted>
      <QtyInPackage>1</QtyInPackage>
      <ItemPrice>24.90</ItemPrice>
      <UnitOfMeasurePrice>9.96</UnitOfMeasurePrice>
      <AllowDiscount>0</AllowDiscount>
      <itemStatus>1</itemStatus>
      <LastUpdateDate />
      <LastUpdateTime />
    </Product>
    <Product>
      <PriceUpdateDate>2018/08/05 11:28</PriceUpdateDate>
      <ItemCode>7290014046474</ItemCode>
      <ItemType>1</ItemType>
      <ItemName>נקניקיות עוף 1.5 קג</ItemName>
      <ManufactureName>מעדני יחיעם (1993) בעמ</ManufactureName>
      <ManufactureCountry />
      <ManufactureItemDescription />
      <UnitQty>יח`</UnitQty>
      <Quantity>1</Quantity>
      <UnitMeasure />
      <BisWeighted>0</BisWeighted>
      <QtyInPackage>1</QtyInPackage>
      <ItemPrice>29.90</ItemPrice>
      <UnitOfMeasurePrice>29.90</UnitOfMeasurePrice>
      <AllowDiscount>1</AllowDiscount>
      <itemStatus>1</itemStatus>
      <LastUpdateDate />
      <LastUpdateTime />
    </Product>
    <Product>
      <PriceUpdateDate>2018/04/24 13:15</PriceUpdateDate>
      <ItemCode>7290014046504</ItemCode>
      <ItemType>1</ItemType>
      <ItemName>פסטרמה ברביקיו דק דק יחיעם (140 גרם)</ItemName>
      <ManufactureName>מעדני יחיעם (1993) בעמ</ManufactureName>
      <ManufactureCountry />
      <ManufactureItemDescription />
      <UnitQty>יח`</UnitQty>
      <Quantity>1.40</Quantity>
      <UnitMeasure>100 גרם</UnitMeasure>
      <BisWeighted>0</BisWeighted>
      <QtyInPackage>1</QtyInPackage>
      <ItemPrice>12.90</ItemPrice>
      <UnitOfMeasurePrice>9.21</UnitOfMeasurePrice>
      <AllowDiscount>1</AllowDiscount>
      <itemStatus>1</itemStatus>
      <LastUpdateDate />
      <LastUpdateTime />
    </Product>
    <Product>
      <PriceUpdateDate>2018/04/24 13:15</PriceUpdateDate>
      <ItemCode>7290014046528</ItemCode>
      <ItemType>1</ItemType>
      <ItemName>פסטרמה של פעם דק דק יחיעם (140 גרם)</ItemName>
      <ManufactureName>מעדני יחיעם (1993) בעמ</ManufactureName>
      <ManufactureCountry />
      <ManufactureItemDescription />
      <UnitQty>יח`</UnitQty>
      <Quantity>1.40</Quantity>
      <UnitMeasure>100 גרם</UnitMeasure>
      <BisWeighted>0</BisWeighted>
      <QtyInPackage>1</QtyInPackage>
      <ItemPrice>12.90</ItemPrice>
      <UnitOfMeasurePrice>9.21</UnitOfMeasurePrice>
      <AllowDiscount>1</AllowDiscount>
      <itemStatus>1</itemStatus>
      <LastUpdateDate />
      <LastUpdateTime />
    </Product>
    <Product>
      <PriceUpdateDate>2018/04/26 19:00</PriceUpdateDate>
      <ItemCode>7290014046764</ItemCode>
      <ItemType>1</ItemType>
      <ItemName>סלמי פפרוני 200 גר` יחיעם</ItemName>
      <ManufactureName>מעדני יחיעם (1993) בעמ</ManufactureName>
      <ManufactureCountry />
      <ManufactureItemDescription />
      <UnitQty>יח`</UnitQty>
      <Quantity>2</Quantity>
      <UnitMeasure>100 גרם</UnitMeasure>
      <BisWeighted>0</BisWeighted>
      <QtyInPackage>1</QtyInPackage>
      <ItemPrice>14.90</ItemPrice>
      <UnitOfMeasurePrice>7.45</UnitOfMeasurePrice>
      <AllowDiscount>1</AllowDiscount>
      <itemStatus>1</itemStatus>
      <LastUpdateDate />
      <LastUpdateTime />
    </Product>
    <Product>
      <PriceUpdateDate>2018/04/24 11:46</PriceUpdateDate>
      <ItemCode>7290014059436</ItemCode>
      <ItemType>1</ItemType>
      <ItemName>סנסודיין שיקום והגנה מלבינה 75 מל</ItemName>
      <ManufactureName>גורי ע.ע.ע בעמ</ManufactureName>
      <ManufactureCountry />
      <ManufactureItemDescription />
      <UnitQty>יח`</UnitQty>
      <Quantity>0.75</Quantity>
      <UnitMeasure>100 מ"ל</UnitMeasure>
      <BisWeighted>0</BisWeighted>
      <QtyInPackage>1</QtyInPackage>
      <ItemPrice>26</ItemPrice>
      <UnitOfMeasurePrice>34.67</UnitOfMeasurePrice>
      <AllowDiscount>0</AllowDiscount>
      <itemStatus>1</itemStatus>
      <LastUpdateDate />
      <LastUpdateTime />
    </Product>
    <Product>
      <PriceUpdateDate>2018/09/02 13:31</PriceUpdateDate>
      <ItemCode>7290014083479</ItemCode>
      <ItemType>1</ItemType>
      <ItemName>גבינת גאודה פרוסות 150 גר</ItemName>
      <ManufactureName>ג.וילי-פוד אינטרנשיונל בעמ</ManufactureName>
      <ManufactureCountry />
      <ManufactureItemDescription />
      <UnitQty>יח`</UnitQty>
      <Quantity>1.50</Quantity>
      <UnitMeasure>100 גרם</UnitMeasure>
      <BisWeighted>0</BisWeighted>
      <QtyInPackage>1</QtyInPackage>
      <ItemPrice>9.90</ItemPrice>
      <UnitOfMeasurePrice>6.60</UnitOfMeasurePrice>
      <AllowDiscount>1</AllowDiscount>
      <itemStatus>1</itemStatus>
      <LastUpdateDate />
      <LastUpdateTime />
    </Product>
    <Product>
      <PriceUpdateDate>2018/04/24 11:46</PriceUpdateDate>
      <ItemCode>7290014083813</ItemCode>
      <ItemType>1</ItemType>
      <ItemName>שפורטים בשמן וילי פוד (190 גרם)</ItemName>
      <ManufactureName>ג.וילי-פוד אינטרנשיונל בעמ</ManufactureName>
      <ManufactureCountry />
      <ManufactureItemDescription />
      <UnitQty>יח`</UnitQty>
      <Quantity>1.90</Quantity>
      <UnitMeasure>100 גרם</UnitMeasure>
      <BisWeighted>0</BisWeighted>
      <QtyInPackage>1</QtyInPackage>
      <ItemPrice>8.90</ItemPrice>
      <UnitOfMeasurePrice>4.68</UnitOfMeasurePrice>
      <AllowDiscount>0</AllowDiscount>
      <itemStatus>1</itemStatus>
      <LastUpdateDate />
      <LastUpdateTime />
    </Product>
    <Product>
      <PriceUpdateDate>2018/04/24 12:45</PriceUpdateDate>
      <ItemCode>7290014094338</ItemCode>
      <ItemType>1</ItemType>
      <ItemName>גרעיני דלעת קלופים ששון הקולה (250 גרם)</ItemName>
      <ManufactureName>דין שיווק וקליה בעמ</ManufactureName>
      <ManufactureCountry />
      <ManufactureItemDescription />
      <UnitQty>יח`</UnitQty>
      <Quantity>2.50</Quantity>
      <UnitMeasure>100 גרם</UnitMeasure>
      <BisWeighted>0</BisWeighted>
      <QtyInPackage>1</QtyInPackage>
      <ItemPrice>13.90</ItemPrice>
      <UnitOfMeasurePrice>5.56</UnitOfMeasurePrice>
      <AllowDiscount>0</AllowDiscount>
      <itemStatus>1</itemStatus>
      <LastUpdateDate />
      <LastUpdateTime />
    </Product>
    <Product>
      <PriceUpdateDate>2019/12/22 17:03</PriceUpdateDate>
      <ItemCode>7290014094383</ItemCode>
      <ItemType>1</ItemType>
      <ItemName>משמש בקופסא ששון הקולה (330 גרם)</ItemName>
      <ManufactureName>דין שיווק וקליה בעמ</ManufactureName>
      <ManufactureCountry />
      <ManufactureItemDescription />
      <UnitQty>יח`</UnitQty>
      <Quantity>3</Quantity>
      <UnitMeasure>100 גרם</UnitMeasure>
      <BisWeighted>0</BisWeighted>
      <QtyInPackage>1</QtyInPackage>
      <ItemPrice>13.90</ItemPrice>
      <UnitOfMeasurePrice>4.63</UnitOfMeasurePrice>
      <AllowDiscount>0</AllowDiscount>
      <itemStatus>1</itemStatus>
      <LastUpdateDate />
      <LastUpdateTime />
    </Product>
    <Product>
      <PriceUpdateDate>2019/12/22 17:03</PriceUpdateDate>
      <ItemCode>7290014094390</ItemCode>
      <ItemType>1</ItemType>
      <ItemName>חמוציות מסוכרות ששון הקולה (330 גרם)</ItemName>
      <ManufactureName>דין שיווק וקליה בעמ</ManufactureName>
      <ManufactureCountry />
      <ManufactureItemDescription />
      <UnitQty>יח`</UnitQty>
      <Quantity>3.30</Quantity>
      <UnitMeasure>100 גרם</UnitMeasure>
      <BisWeighted>0</BisWeighted>
      <QtyInPackage>1</QtyInPackage>
      <ItemPrice>11.90</ItemPrice>
      <UnitOfMeasurePrice>3.61</UnitOfMeasurePrice>
      <AllowDiscount>0</AllowDiscount>
      <itemStatus>1</itemStatus>
      <LastUpdateDate />
      <LastUpdateTime />
    </Product>
    <Product>
      <PriceUpdateDate>2019/12/22 17:03</PriceUpdateDate>
      <ItemCode>7290014094406</ItemCode>
      <ItemType>1</ItemType>
      <ItemName>צימוק לבן ששון הקולה (330 גרם)</ItemName>
      <ManufactureName>דין שיווק וקליה בעמ</ManufactureName>
      <ManufactureCountry />
      <ManufactureItemDescription />
      <UnitQty>יח`</UnitQty>
      <Quantity>3.30</Quantity>
      <UnitMeasure>100 גרם</UnitMeasure>
      <BisWeighted>0</BisWeighted>
      <QtyInPackage>1</QtyInPackage>
      <ItemPrice>13.90</ItemPrice>
      <UnitOfMeasurePrice>4.21</UnitOfMeasurePrice>
      <AllowDiscount>0</AllowDiscount>
      <itemStatus>1</itemStatus>
      <LastUpdateDate />
      <LastUpdateTime />
    </Product>
    <Product>
      <PriceUpdateDate>2018/04/24 11:40</PriceUpdateDate>
      <ItemCode>7290014094505</ItemCode>
      <ItemType>1</ItemType>
      <ItemName>אורז בסמטי אהרוני (1 קג)</ItemName>
      <ManufactureName>דין שיווק וקליה בעמ</ManufactureName>
      <ManufactureCountry />
      <ManufactureItemDescription />
      <UnitQty>יח`</UnitQty>
      <Quantity>1</Quantity>
      <UnitMeasure>ק"ג</UnitMeasure>
      <BisWeighted>0</BisWeighted>
      <QtyInPackage>1</QtyInPackage>
      <ItemPrice>12.90</ItemPrice>
      <UnitOfMeasurePrice>12.90</UnitOfMeasurePrice>
      <AllowDiscount>1</AllowDiscount>
      <itemStatus>1</itemStatus>
      <LastUpdateDate />
      <LastUpdateTime />
    </Product>
    <Product>
      <PriceUpdateDate>2018/04/24 11:41</PriceUpdateDate>
      <ItemCode>7290014094512</ItemCode>
      <ItemType>1</ItemType>
      <ItemName>רוטב טריאקי 300 מל אהרוני</ItemName>
      <ManufactureName>דין שיווק וקליה בעמ</ManufactureName>
      <ManufactureCountry />
      <ManufactureItemDescription />
      <UnitQty>יח`</UnitQty>
      <Quantity>3</Quantity>
      <UnitMeasure>100 מ"ל</UnitMeasure>
      <BisWeighted>0</BisWeighted>
      <QtyInPackage>1</QtyInPackage>
      <ItemPrice>8.90</ItemPrice>
      <UnitOfMeasurePrice>2.97</UnitOfMeasurePrice>
      <AllowDiscount>0</AllowDiscount>
      <itemStatus>1</itemStatus>
      <LastUpdateDate />
      <LastUpdateTime />
    </Product>
    <Product>
      <PriceUpdateDate>2019/12/22 17:03</PriceUpdateDate>
      <ItemCode>7290014094628</ItemCode>
      <ItemType>1</ItemType>
      <ItemName>פקאן טבעי ששון הקולה (200 גרם)</ItemName>
      <ManufactureName>דין שיווק וקליה בעמ</ManufactureName>
      <ManufactureCountry />
      <ManufactureItemDescription />
      <UnitQty>יח`</UnitQty>
      <Quantity>2</Quantity>
      <UnitMeasure>100 גרם</UnitMeasure>
      <BisWeighted>0</BisWeighted>
      <QtyInPackage>1</QtyInPackage>
      <ItemPrice>23.90</ItemPrice>
      <UnitOfMeasurePrice>11.95</UnitOfMeasurePrice>
      <AllowDiscount>0</AllowDiscount>
      <itemStatus>1</itemStatus>
      <LastUpdateDate />
      <LastUpdateTime />
    </Product>
    <Product>
      <PriceUpdateDate>2019/12/22 17:03</PriceUpdateDate>
      <ItemCode>7290014094642</ItemCode>
      <ItemType>1</ItemType>
      <ItemName>אגוזי קשיו טבעיים ששון הקולה (250 גרם)</ItemName>
      <ManufactureName>דין שיווק וקליה בעמ</ManufactureName>
      <ManufactureCountry />
      <ManufactureItemDescription />
      <UnitQty>יח`</UnitQty>
      <Quantity>2</Quantity>
      <UnitMeasure>100 גרם</UnitMeasure>
      <BisWeighted>0</BisWeighted>
      <QtyInPackage>1</QtyInPackage>
      <ItemPrice>23.90</ItemPrice>
      <UnitOfMeasurePrice>11.95</UnitOfMeasurePrice>
      <AllowDiscount>0</AllowDiscount>
      <itemStatus>1</itemStatus>
      <LastUpdateDate />
      <LastUpdateTime />
    </Product>
    <Product>
      <PriceUpdateDate>2020/01/06 11:00</PriceUpdateDate>
      <ItemCode>7290014094796</ItemCode>
      <ItemType>1</ItemType>
      <ItemName>שקדיה משמש ג 300</ItemName>
      <ManufactureName>דין שיווק וקליה בעמ</ManufactureName>
      <ManufactureCountry />
      <ManufactureItemDescription />
      <UnitQty>יח`</UnitQty>
      <Quantity>1</Quantity>
      <UnitMeasure />
      <BisWeighted>0</BisWeighted>
      <QtyInPackage>1</QtyInPackage>
      <ItemPrice>12.90</ItemPrice>
      <UnitOfMeasurePrice>12.90</UnitOfMeasurePrice>
      <AllowDiscount>0</AllowDiscount>
      <itemStatus>1</itemStatus>
      <LastUpdateDate />
      <LastUpdateTime />
    </Product>
    <Product>
      <PriceUpdateDate>2020/01/06 11:00</PriceUpdateDate>
      <ItemCode>7290014094802</ItemCode>
      <ItemType>1</ItemType>
      <ItemName>שזיפים מיובשים 300 גר</ItemName>
      <ManufactureName>דין שיווק וקליה בעמ</ManufactureName>
      <ManufactureCountry />
      <ManufactureItemDescription />
      <UnitQty>יח`</UnitQty>
      <Quantity>3</Quantity>
      <UnitMeasure>100 גרם</UnitMeasure>
      <BisWeighted>0</BisWeighted>
      <QtyInPackage>1</QtyInPackage>
      <ItemPrice>12.90</ItemPrice>
      <UnitOfMeasurePrice>4.30</UnitOfMeasurePrice>
      <AllowDiscount>0</AllowDiscount>
      <itemStatus>1</itemStatus>
      <LastUpdateDate />
      <LastUpdateTime />
    </Product>
    <Product>
      <PriceUpdateDate>2020/01/06 11:00</PriceUpdateDate>
      <ItemCode>7290014094826</ItemCode>
      <ItemType>1</ItemType>
      <ItemName>שזיפים ללא גלעין 300 גר</ItemName>
      <ManufactureName>דין שיווק וקליה בעמ</ManufactureName>
      <ManufactureCountry />
      <ManufactureItemDescription />
      <UnitQty>יח`</UnitQty>
      <Quantity>3</Quantity>
      <UnitMeasure>100 גרם</UnitMeasure>
      <BisWeighted>0</BisWeighted>
      <QtyInPackage>1</QtyInPackage>
      <ItemPrice>13.90</ItemPrice>
      <UnitOfMeasurePrice>4.63</UnitOfMeasurePrice>
      <AllowDiscount>0</AllowDiscount>
      <itemStatus>1</itemStatus>
      <LastUpdateDate />
      <LastUpdateTime />
    </Product>
    <Product>
      <PriceUpdateDate>2018/04/24 13:08</PriceUpdateDate>
      <ItemCode>7290014094833</ItemCode>
      <ItemType>1</ItemType>
      <ItemName>צימוק לבן שקית 300 גר`</ItemName>
      <ManufactureName>דין שיווק וקליה בעמ</ManufactureName>
      <ManufactureCountry />
      <ManufactureItemDescription />
      <UnitQty>יח`</UnitQty>
      <Quantity>3</Quantity>
      <UnitMeasure>100 גרם</UnitMeasure>
      <BisWeighted>0</BisWeighted>
      <QtyInPackage>1</QtyInPackage>
      <ItemPrice>11.90</ItemPrice>
      <UnitOfMeasurePrice>3.97</UnitOfMeasurePrice>
      <AllowDiscount>0</AllowDiscount>
      <itemStatus>1</itemStatus>
      <LastUpdateDate />
      <LastUpdateTime />
    </Product>
    <Product>
      <PriceUpdateDate>2019/12/22 17:03</PriceUpdateDate>
      <ItemCode>7290014094857</ItemCode>
      <ItemType>1</ItemType>
      <ItemName>פקאן סיני 150 גר`</ItemName>
      <ManufactureName>דין שיווק וקליה בעמ</ManufactureName>
      <ManufactureCountry />
      <ManufactureItemDescription />
      <UnitQty>יח`</UnitQty>
      <Quantity>1.50</Quantity>
      <UnitMeasure>100 גרם</UnitMeasure>
      <BisWeighted>0</BisWeighted>
      <QtyInPackage>1</QtyInPackage>
      <ItemPrice>17.90</ItemPrice>
      <UnitOfMeasurePrice>11.93</UnitOfMeasurePrice>
      <AllowDiscount>0</AllowDiscount>
      <itemStatus>1</itemStatus>
      <LastUpdateDate />
      <LastUpdateTime />
    </Product>
    <Product>
      <PriceUpdateDate>2019/08/08 07:37</PriceUpdateDate>
      <ItemCode>7290014094864</ItemCode>
      <ItemType>1</ItemType>
      <ItemName>פיסטוק קלוי 170  גר`ששון הקולה</ItemName>
      <ManufactureName>דין שיווק וקליה בעמ</ManufactureName>
      <ManufactureCountry />
      <ManufactureItemDescription />
      <UnitQty>יח`</UnitQty>
      <Quantity>1.70</Quantity>
      <UnitMeasure>100 גרם</UnitMeasure>
      <BisWeighted>0</BisWeighted>
      <QtyInPackage>1</QtyInPackage>
      <ItemPrice>16.90</ItemPrice>
      <UnitOfMeasurePrice>9.94</UnitOfMeasurePrice>
      <AllowDiscount>0</AllowDiscount>
      <itemStatus>1</itemStatus>
      <LastUpdateDate />
      <LastUpdateTime />
    </Product>
    <Product>
      <PriceUpdateDate>2019/08/07 13:27</PriceUpdateDate>
      <ItemCode>7290014094895</ItemCode>
      <ItemType>1</ItemType>
      <ItemName>אגוזי מלך קלופים ששון הקולה (150 גרם)</ItemName>
      <ManufactureName>דין שיווק וקליה בעמ</ManufactureName>
      <ManufactureCountry />
      <ManufactureItemDescription />
      <UnitQty>יח`</UnitQty>
      <Quantity>1.50</Quantity>
      <UnitMeasure>100 גרם</UnitMeasure>
      <BisWeighted>0</BisWeighted>
      <QtyInPackage>1</QtyInPackage>
      <ItemPrice>10.90</ItemPrice>
      <UnitOfMeasurePrice>7.27</UnitOfMeasurePrice>
      <AllowDiscount>0</AllowDiscount>
      <itemStatus>1</itemStatus>
      <LastUpdateDate />
      <LastUpdateTime />
    </Product>
    <Product>
      <PriceUpdateDate>2018/04/24 13:08</PriceUpdateDate>
      <ItemCode>7290014094901</ItemCode>
      <ItemType>1</ItemType>
      <ItemName>פקאן טבעי 150 גר`</ItemName>
      <ManufactureName>דין שיווק וקליה בעמ</ManufactureName>
      <ManufactureCountry />
      <ManufactureItemDescription />
      <UnitQty>יח`</UnitQty>
      <Quantity>1.50</Quantity>
      <UnitMeasure>100 גרם</UnitMeasure>
      <BisWeighted>0</BisWeighted>
      <QtyInPackage>1</QtyInPackage>
      <ItemPrice>19.90</ItemPrice>
      <UnitOfMeasurePrice>13.27</UnitOfMeasurePrice>
      <AllowDiscount>0</AllowDiscount>
      <itemStatus>1</itemStatus>
      <LastUpdateDate />
      <LastUpdateTime />
    </Product>
    <Product>
      <PriceUpdateDate>2019/01/07 10:57</PriceUpdateDate>
      <ItemCode>7290014126473</ItemCode>
      <ItemType>1</ItemType>
      <ItemName>נגיסי אורז לתינוק תפוח</ItemName>
      <ManufactureName>דנשר (1963) בעמ</ManufactureName>
      <ManufactureCountry />
      <ManufactureItemDescription />
      <UnitQty>יח`</UnitQty>
      <Quantity>1</Quantity>
      <UnitMeasure />
      <BisWeighted>0</BisWeighted>
      <QtyInPackage>1</QtyInPackage>
      <ItemPrice>13.90</ItemPrice>
      <UnitOfMeasurePrice>13.90</UnitOfMeasurePrice>
      <AllowDiscount>0</AllowDiscount>
      <itemStatus>1</itemStatus>
      <LastUpdateDate />
      <LastUpdateTime />
    </Product>
    <Product>
      <PriceUpdateDate>2018/04/24 12:22</PriceUpdateDate>
      <ItemCode>7290014204645</ItemCode>
      <ItemType>1</ItemType>
      <ItemName>שמפו לאחר החלקה 750 מל פנינה רוזנבלום</ItemName>
      <ManufactureName>פנינה רוזנבלום בעמ</ManufactureName>
      <ManufactureCountry />
      <ManufactureItemDescription />
      <UnitQty>יח`</UnitQty>
      <Quantity>7.50</Quantity>
      <UnitMeasure>100 מ"ל</UnitMeasure>
      <BisWeighted>0</BisWeighted>
      <QtyInPackage>1</QtyInPackage>
      <ItemPrice>29.90</ItemPrice>
      <UnitOfMeasurePrice>3.99</UnitOfMeasurePrice>
      <AllowDiscount>1</AllowDiscount>
      <itemStatus>1</itemStatus>
      <LastUpdateDate />
      <LastUpdateTime />
    </Product>
    <Product>
      <PriceUpdateDate>2018/04/24 12:22</PriceUpdateDate>
      <ItemCode>7290014204676</ItemCode>
      <ItemType>1</ItemType>
      <ItemName>מסיכה לאחר החלקה 500 מל פנינה רוזנבלום</ItemName>
      <ManufactureName>פנינה רוזנבלום בעמ</ManufactureName>
      <ManufactureCountry />
      <ManufactureItemDescription />
      <UnitQty>יח`</UnitQty>
      <Quantity>5</Quantity>
      <UnitMeasure>100 מ"ל</UnitMeasure>
      <BisWeighted>0</BisWeighted>
      <QtyInPackage>1</QtyInPackage>
      <ItemPrice>34.90</ItemPrice>
      <UnitOfMeasurePrice>6.98</UnitOfMeasurePrice>
      <AllowDiscount>1</AllowDiscount>
      <itemStatus>1</itemStatus>
      <LastUpdateDate />
      <LastUpdateTime />
    </Product>
    <Product>
      <PriceUpdateDate>2018/04/24 13:05</PriceUpdateDate>
      <ItemCode>7290014217065</ItemCode>
      <ItemType>1</ItemType>
      <ItemName>אורגנו עלים 30 גר`</ItemName>
      <ManufactureName>תבליני טעם וריח בעמ</ManufactureName>
      <ManufactureCountry />
      <ManufactureItemDescription />
      <UnitQty>יח`</UnitQty>
      <Quantity>0.30</Quantity>
      <UnitMeasure>100 גרם</UnitMeasure>
      <BisWeighted>0</BisWeighted>
      <QtyInPackage>1</QtyInPackage>
      <ItemPrice>8.90</ItemPrice>
      <UnitOfMeasurePrice>29.67</UnitOfMeasurePrice>
      <AllowDiscount>0</AllowDiscount>
      <itemStatus>1</itemStatus>
      <LastUpdateDate />
      <LastUpdateTime />
    </Product>
    <Product>
      <PriceUpdateDate>2018/04/24 12:54</PriceUpdateDate>
      <ItemCode>7290014217140</ItemCode>
      <ItemType>1</ItemType>
      <ItemName>ראס אל חנות 100 גר`</ItemName>
      <ManufactureName>תבליני טעם וריח בעמ</ManufactureName>
      <ManufactureCountry />
      <ManufactureItemDescription />
      <UnitQty>יח`</UnitQty>
      <Quantity>1</Quantity>
      <UnitMeasure>100 גרם</UnitMeasure>
      <BisWeighted>0</BisWeighted>
      <QtyInPackage>1</QtyInPackage>
      <ItemPrice>8.90</ItemPrice>
      <UnitOfMeasurePrice>8.90</UnitOfMeasurePrice>
      <AllowDiscount>0</AllowDiscount>
      <itemStatus>1</itemStatus>
      <LastUpdateDate />
      <LastUpdateTime />
    </Product>
    <Product>
      <PriceUpdateDate>2018/04/24 13:05</PriceUpdateDate>
      <ItemCode>7290014217157</ItemCode>
      <ItemType>1</ItemType>
      <ItemName>תיבול טוסקנה 120 גר`</ItemName>
      <ManufactureName>תבליני טעם וריח בעמ</ManufactureName>
      <ManufactureCountry />
      <ManufactureItemDescription />
      <UnitQty>יח`</UnitQty>
      <Quantity>1.20</Quantity>
      <UnitMeasure>100 גרם</UnitMeasure>
      <BisWeighted>0</BisWeighted>
      <QtyInPackage>1</QtyInPackage>
      <ItemPrice>8.90</ItemPrice>
      <UnitOfMeasurePrice>7.42</UnitOfMeasurePrice>
      <AllowDiscount>0</AllowDiscount>
      <itemStatus>1</itemStatus>
      <LastUpdateDate />
      <LastUpdateTime />
    </Product>
    <Product>
      <PriceUpdateDate>2018/04/24 13:05</PriceUpdateDate>
      <ItemCode>7290014217164</ItemCode>
      <ItemType>1</ItemType>
      <ItemName>פטרוזיליה 20 גר`</ItemName>
      <ManufactureName>תבליני טעם וריח בעמ</ManufactureName>
      <ManufactureCountry />
      <ManufactureItemDescription />
      <UnitQty>יח`</UnitQty>
      <Quantity>0.20</Quantity>
      <UnitMeasure>100 גרם</UnitMeasure>
      <BisWeighted>0</BisWeighted>
      <QtyInPackage>1</QtyInPackage>
      <ItemPrice>8.90</ItemPrice>
      <UnitOfMeasurePrice>44.50</UnitOfMeasurePrice>
      <AllowDiscount>0</AllowDiscount>
      <itemStatus>1</itemStatus>
      <LastUpdateDate />
      <LastUpdateTime />
    </Product>
    <Product>
      <PriceUpdateDate>2018/04/24 13:05</PriceUpdateDate>
      <ItemCode>7290014217171</ItemCode>
      <ItemType>1</ItemType>
      <ItemName>תיבול גריל דג 100 גר`</ItemName>
      <ManufactureName>תבליני טעם וריח בעמ</ManufactureName>
      <ManufactureCountry />
      <ManufactureItemDescription />
      <UnitQty>יח`</UnitQty>
      <Quantity>1</Quantity>
      <UnitMeasure>100 גרם</UnitMeasure>
      <BisWeighted>0</BisWeighted>
      <QtyInPackage>1</QtyInPackage>
      <ItemPrice>8.90</ItemPrice>
      <UnitOfMeasurePrice>8.90</UnitOfMeasurePrice>
      <AllowDiscount>0</AllowDiscount>
      <itemStatus>1</itemStatus>
      <LastUpdateDate />
      <LastUpdateTime />
    </Product>
    <Product>
      <PriceUpdateDate>2018/04/24 13:19</PriceUpdateDate>
      <ItemCode>7290014217201</ItemCode>
      <ItemType>1</ItemType>
      <ItemName>סומק 45 גר`</ItemName>
      <ManufactureName>תבליני טעם וריח בעמ</ManufactureName>
      <ManufactureCountry />
      <ManufactureItemDescription />
      <UnitQty>יח`</UnitQty>
      <Quantity>0.45</Quantity>
      <UnitMeasure>100 גרם</UnitMeasure>
      <BisWeighted>0</BisWeighted>
      <QtyInPackage>1</QtyInPackage>
      <ItemPrice>5.90</ItemPrice>
      <UnitOfMeasurePrice>13.11</UnitOfMeasurePrice>
      <AllowDiscount>0</AllowDiscount>
      <itemStatus>1</itemStatus>
      <LastUpdateDate />
      <LastUpdateTime />
    </Product>
    <Product>
      <PriceUpdateDate>2018/04/24 12:54</PriceUpdateDate>
      <ItemCode>7290014217225</ItemCode>
      <ItemType>1</ItemType>
      <ItemName>גריל עוף 120 גר`</ItemName>
      <ManufactureName>תבליני טעם וריח בעמ</ManufactureName>
      <ManufactureCountry />
      <ManufactureItemDescription />
      <UnitQty>יח`</UnitQty>
      <Quantity>1.20</Quantity>
      <UnitMeasure>100 גרם</UnitMeasure>
      <BisWeighted>0</BisWeighted>
      <QtyInPackage>1</QtyInPackage>
      <ItemPrice>8.90</ItemPrice>
      <UnitOfMeasurePrice>7.42</UnitOfMeasurePrice>
      <AllowDiscount>0</AllowDiscount>
      <itemStatus>1</itemStatus>
      <LastUpdateDate />
      <LastUpdateTime />
    </Product>
    <Product>
      <PriceUpdateDate>2018/04/24 12:54</PriceUpdateDate>
      <ItemCode>7290014217263</ItemCode>
      <ItemType>1</ItemType>
      <ItemName>תיבול לפרגית 100 גר`</ItemName>
      <ManufactureName>תבליני טעם וריח בעמ</ManufactureName>
      <ManufactureCountry />
      <ManufactureItemDescription />
      <UnitQty>יח`</UnitQty>
      <Quantity>1</Quantity>
      <UnitMeasure>100 גרם</UnitMeasure>
      <BisWeighted>0</BisWeighted>
      <QtyInPackage>1</QtyInPackage>
      <ItemPrice>8.90</ItemPrice>
      <UnitOfMeasurePrice>8.90</UnitOfMeasurePrice>
      <AllowDiscount>0</AllowDiscount>
      <itemStatus>1</itemStatus>
      <LastUpdateDate />
      <LastUpdateTime />
    </Product>
    <Product>
      <PriceUpdateDate>2018/04/24 13:05</PriceUpdateDate>
      <ItemCode>7290014217348</ItemCode>
      <ItemType>1</ItemType>
      <ItemName>צ`ילי כתוש 70 גר`</ItemName>
      <ManufactureName>תבליני טעם וריח בעמ</ManufactureName>
      <ManufactureCountry />
      <ManufactureItemDescription />
      <UnitQty>יח`</UnitQty>
      <Quantity>0.70</Quantity>
      <UnitMeasure>100 גרם</UnitMeasure>
      <BisWeighted>0</BisWeighted>
      <QtyInPackage>1</QtyInPackage>
      <ItemPrice>8.90</ItemPrice>
      <UnitOfMeasurePrice>12.71</UnitOfMeasurePrice>
      <AllowDiscount>0</AllowDiscount>
      <itemStatus>1</itemStatus>
      <LastUpdateDate />
      <LastUpdateTime />
    </Product>
    <Product>
      <PriceUpdateDate>2018/04/24 13:19</PriceUpdateDate>
      <ItemCode>7290014217492</ItemCode>
      <ItemType>1</ItemType>
      <ItemName>תיבול פילדלפיה 100 גר`</ItemName>
      <ManufactureName>תבליני טעם וריח בעמ</ManufactureName>
      <ManufactureCountry />
      <ManufactureItemDescription />
      <UnitQty>יח`</UnitQty>
      <Quantity>1</Quantity>
      <UnitMeasure>100 גרם</UnitMeasure>
      <BisWeighted>0</BisWeighted>
      <QtyInPackage>1</QtyInPackage>
      <ItemPrice>8.90</ItemPrice>
      <UnitOfMeasurePrice>8.90</UnitOfMeasurePrice>
      <AllowDiscount>0</AllowDiscount>
      <itemStatus>1</itemStatus>
      <LastUpdateDate />
      <LastUpdateTime />
    </Product>
    <Product>
      <PriceUpdateDate>2018/07/23 10:23</PriceUpdateDate>
      <ItemCode>7290014217539</ItemCode>
      <ItemType>1</ItemType>
      <ItemName>תערובת סוכר וקינמון בתוספת וניל מיכל 150</ItemName>
      <ManufactureName>תבליני טעם וריח בעמ</ManufactureName>
      <ManufactureCountry />
      <ManufactureItemDescription />
      <UnitQty>יח`</UnitQty>
      <Quantity>1.50</Quantity>
      <UnitMeasure>100 גרם</UnitMeasure>
      <BisWeighted>0</BisWeighted>
      <QtyInPackage>1</QtyInPackage>
      <ItemPrice>10.90</ItemPrice>
      <UnitOfMeasurePrice>7.27</UnitOfMeasurePrice>
      <AllowDiscount>0</AllowDiscount>
      <itemStatus>1</itemStatus>
      <LastUpdateDate />
      <LastUpdateTime />
    </Product>
    <Product>
      <PriceUpdateDate>2019/08/20 07:51</PriceUpdateDate>
      <ItemCode>7290014217584</ItemCode>
      <ItemType>1</ItemType>
      <ItemName>מטחנת לקט פלפל ארבע עונות 30 גר`</ItemName>
      <ManufactureName>תבליני טעם וריח בעמ</ManufactureName>
      <ManufactureCountry />
      <ManufactureItemDescription />
      <UnitQty>יח`</UnitQty>
      <Quantity>0.30</Quantity>
      <UnitMeasure>100 גרם</UnitMeasure>
      <BisWeighted>0</BisWeighted>
      <QtyInPackage>1</QtyInPackage>
      <ItemPrice>12.90</ItemPrice>
      <UnitOfMeasurePrice>43</UnitOfMeasurePrice>
      <AllowDiscount>0</AllowDiscount>
      <itemStatus>1</itemStatus>
      <LastUpdateDate />
      <LastUpdateTime />
    </Product>
    <Product>
      <PriceUpdateDate>2018/04/24 12:29</PriceUpdateDate>
      <ItemCode>7290014218291</ItemCode>
      <ItemType>1</ItemType>
      <ItemName>בצק פילו מעדנות (500 גרם)</ItemName>
      <ManufactureName>תנובה קפואים</ManufactureName>
      <ManufactureCountry />
      <ManufactureItemDescription />
      <UnitQty>יח`</UnitQty>
      <Quantity>5</Quantity>
      <UnitMeasure>100 גרם</UnitMeasure>
      <BisWeighted>0</BisWeighted>
      <QtyInPackage>1</QtyInPackage>
      <ItemPrice>22.90</ItemPrice>
      <UnitOfMeasurePrice>4.58</UnitOfMeasurePrice>
      <AllowDiscount>0</AllowDiscount>
      <itemStatus>1</itemStatus>
      <LastUpdateDate />
      <LastUpdateTime />
    </Product>
    <Product>
      <PriceUpdateDate>2018/04/24 12:42</PriceUpdateDate>
      <ItemCode>7290014218321</ItemCode>
      <ItemType>1</ItemType>
      <ItemName>בורקס יפו במילוי גבינה מעדנות (600 גרם)</ItemName>
      <ManufactureName>תנובה קפואים</ManufactureName>
      <ManufactureCountry />
      <ManufactureItemDescription />
      <UnitQty>יח`</UnitQty>
      <Quantity>6</Quantity>
      <UnitMeasure>100 גרם</UnitMeasure>
      <BisWeighted>0</BisWeighted>
      <QtyInPackage>1</QtyInPackage>
      <ItemPrice>18.90</ItemPrice>
      <UnitOfMeasurePrice>3.15</UnitOfMeasurePrice>
      <AllowDiscount>0</AllowDiscount>
      <itemStatus>1</itemStatus>
      <LastUpdateDate />
      <LastUpdateTime />
    </Product>
    <Product>
      <PriceUpdateDate>2019/06/10 10:53</PriceUpdateDate>
      <ItemCode>7290014218932</ItemCode>
      <ItemType>1</ItemType>
      <ItemName>חטיפי פיצה בתוספת זיתים 710 גר` מעדנות</ItemName>
      <ManufactureName>תנובה קפואים</ManufactureName>
      <ManufactureCountry />
      <ManufactureItemDescription />
      <UnitQty>יח`</UnitQty>
      <Quantity>7.10</Quantity>
      <UnitMeasure>100 גרם</UnitMeasure>
      <BisWeighted>0</BisWeighted>
      <QtyInPackage>1</QtyInPackage>
      <ItemPrice>33.90</ItemPrice>
      <UnitOfMeasurePrice>4.77</UnitOfMeasurePrice>
      <AllowDiscount>0</AllowDiscount>
      <itemStatus>1</itemStatus>
      <LastUpdateDate />
      <LastUpdateTime />
    </Product>
    <Product>
      <PriceUpdateDate>2019/08/07 13:27</PriceUpdateDate>
      <ItemCode>7290014220317</ItemCode>
      <ItemType>1</ItemType>
      <ItemName>סט 2  יח`בקבוק לטיולים</ItemName>
      <ManufactureName>קונסיגנציה- ש. י גיספאן 1993</ManufactureName>
      <ManufactureCountry />
      <ManufactureItemDescription />
      <UnitQty>יח`</UnitQty>
      <Quantity>1</Quantity>
      <UnitMeasure />
      <BisWeighted>0</BisWeighted>
      <QtyInPackage>1</QtyInPackage>
      <ItemPrice>12.90</ItemPrice>
      <UnitOfMeasurePrice>12.90</UnitOfMeasurePrice>
      <AllowDiscount>0</AllowDiscount>
      <itemStatus>1</itemStatus>
      <LastUpdateDate />
      <LastUpdateTime />
    </Product>
    <Product>
      <PriceUpdateDate>2018/08/08 10:38</PriceUpdateDate>
      <ItemCode>7290014318663</ItemCode>
      <ItemType>1</ItemType>
      <ItemName>חומץ תפוחים אורגני  עם אמא  750 מל</ItemName>
      <ManufactureName>אימפורט פור יו בעמ</ManufactureName>
      <ManufactureCountry />
      <ManufactureItemDescription />
      <UnitQty>יח`</UnitQty>
      <Quantity>7.50</Quantity>
      <UnitMeasure>100 מ"ל</UnitMeasure>
      <BisWeighted>0</BisWeighted>
      <QtyInPackage>1</QtyInPackage>
      <ItemPrice>19.90</ItemPrice>
      <UnitOfMeasurePrice>2.65</UnitOfMeasurePrice>
      <AllowDiscount>0</AllowDiscount>
      <itemStatus>1</itemStatus>
      <LastUpdateDate />
      <LastUpdateTime />
    </Product>
    <Product>
      <PriceUpdateDate>2018/04/24 12:06</PriceUpdateDate>
      <ItemCode>7290014325012</ItemCode>
      <ItemType>1</ItemType>
      <ItemName>זרעי צ`יה 200 גר</ItemName>
      <ManufactureName>מיה תעשיות מזון מ.ת.מ. בעמ</ManufactureName>
      <ManufactureCountry />
      <ManufactureItemDescription />
      <UnitQty>יח`</UnitQty>
      <Quantity>2</Quantity>
      <UnitMeasure>100 גרם</UnitMeasure>
      <BisWeighted>0</BisWeighted>
      <QtyInPackage>1</QtyInPackage>
      <ItemPrice>9.90</ItemPrice>
      <UnitOfMeasurePrice>4.95</UnitOfMeasurePrice>
      <AllowDiscount>0</AllowDiscount>
      <itemStatus>1</itemStatus>
      <LastUpdateDate />
      <LastUpdateTime />
    </Product>
    <Product>
      <PriceUpdateDate>2018/04/24 10:57</PriceUpdateDate>
      <ItemCode>7290014325050</ItemCode>
      <ItemType>1</ItemType>
      <ItemName>קורנפלור מיה (500 גרם)</ItemName>
      <ManufactureName>מיה תעשיות מזון מ.ת.מ. בעמ</ManufactureName>
      <ManufactureCountry />
      <ManufactureItemDescription />
      <UnitQty>יח`</UnitQty>
      <Quantity>5</Quantity>
      <UnitMeasure>100 גרם</UnitMeasure>
      <BisWeighted>0</BisWeighted>
      <QtyInPackage>1</QtyInPackage>
      <ItemPrice>8.90</ItemPrice>
      <UnitOfMeasurePrice>1.78</UnitOfMeasurePrice>
      <AllowDiscount>1</AllowDiscount>
      <itemStatus>1</itemStatus>
      <LastUpdateDate />
      <LastUpdateTime />
    </Product>
    <Product>
      <PriceUpdateDate>2018/07/08 11:12</PriceUpdateDate>
      <ItemCode>7290014397279</ItemCode>
      <ItemType>1</ItemType>
      <ItemName>שקיות מזון סנו סושי (300)</ItemName>
      <ManufactureName>החברה הדרומית לשיווק בעמ</ManufactureName>
      <ManufactureCountry />
      <ManufactureItemDescription />
      <UnitQty>יח`</UnitQty>
      <Quantity>1</Quantity>
      <UnitMeasure />
      <BisWeighted>0</BisWeighted>
      <QtyInPackage>1</QtyInPackage>
      <ItemPrice>11.90</ItemPrice>
      <UnitOfMeasurePrice>11.90</UnitOfMeasurePrice>
      <AllowDiscount>1</AllowDiscount>
      <itemStatus>1</itemStatus>
      <LastUpdateDate />
      <LastUpdateTime />
    </Product>
    <Product>
      <PriceUpdateDate>2018/04/24 11:39</PriceUpdateDate>
      <ItemCode>7290014397514</ItemCode>
      <ItemType>1</ItemType>
      <ItemName>סנופרש הום נטול גז 350 מל בניחוח כותנה</ItemName>
      <ManufactureName>החברה הדרומית לשיווק בעמ</ManufactureName>
      <ManufactureCountry />
      <ManufactureItemDescription />
      <UnitQty>יח`</UnitQty>
      <Quantity>3.50</Quantity>
      <UnitMeasure>100 מ"ל</UnitMeasure>
      <BisWeighted>0</BisWeighted>
      <QtyInPackage>1</QtyInPackage>
      <ItemPrice>14.90</ItemPrice>
      <UnitOfMeasurePrice>4.26</UnitOfMeasurePrice>
      <AllowDiscount>0</AllowDiscount>
      <itemStatus>1</itemStatus>
      <LastUpdateDate />
      <LastUpdateTime />
    </Product>
    <Product>
      <PriceUpdateDate>2019/01/30 09:36</PriceUpdateDate>
      <ItemCode>7290014397675</ItemCode>
      <ItemType>1</ItemType>
      <ItemName>מקסימה מרכך חלב ודבש סנו (4 ליטר)</ItemName>
      <ManufactureName>החברה הדרומית לשיווק בעמ</ManufactureName>
      <ManufactureCountry />
      <ManufactureItemDescription />
      <UnitQty>יח`</UnitQty>
      <Quantity>4</Quantity>
      <UnitMeasure>1 ליטר</UnitMeasure>
      <BisWeighted>0</BisWeighted>
      <QtyInPackage>1</QtyInPackage>
      <ItemPrice>19.90</ItemPrice>
      <UnitOfMeasurePrice>4.98</UnitOfMeasurePrice>
      <AllowDiscount>0</AllowDiscount>
      <itemStatus>1</itemStatus>
      <LastUpdateDate />
      <LastUpdateTime />
    </Product>
    <Product>
      <PriceUpdateDate>2018/04/24 11:34</PriceUpdateDate>
      <ItemCode>7290014397682</ItemCode>
      <ItemType>1</ItemType>
      <ItemName>מקסימה ז`אוול כביסה 6 קג `+1מתנה</ItemName>
      <ManufactureName>החברה הדרומית לשיווק בעמ</ManufactureName>
      <ManufactureCountry />
      <ManufactureItemDescription />
      <UnitQty>יח`</UnitQty>
      <Quantity>1</Quantity>
      <UnitMeasure />
      <BisWeighted>0</BisWeighted>
      <QtyInPackage>1</QtyInPackage>
      <ItemPrice>49.90</ItemPrice>
      <UnitOfMeasurePrice>49.90</UnitOfMeasurePrice>
      <AllowDiscount>0</AllowDiscount>
      <itemStatus>1</itemStatus>
      <LastUpdateDate />
      <LastUpdateTime />
    </Product>
    <Product>
      <PriceUpdateDate>2018/04/24 11:34</PriceUpdateDate>
      <ItemCode>7290014397705</ItemCode>
      <ItemType>1</ItemType>
      <ItemName>פוליויקס פרקט טבעי וסינטטי סנו (2 ליטר)</ItemName>
      <ManufactureName>החברה הדרומית לשיווק בעמ</ManufactureName>
      <ManufactureCountry />
      <ManufactureItemDescription />
      <UnitQty>יח`</UnitQty>
      <Quantity>2</Quantity>
      <UnitMeasure>1 ליטר</UnitMeasure>
      <BisWeighted>0</BisWeighted>
      <QtyInPackage>1</QtyInPackage>
      <ItemPrice>21.90</ItemPrice>
      <UnitOfMeasurePrice>10.95</UnitOfMeasurePrice>
      <AllowDiscount>0</AllowDiscount>
      <itemStatus>1</itemStatus>
      <LastUpdateDate />
      <LastUpdateTime />
    </Product>
    <Product>
      <PriceUpdateDate>2018/08/08 09:42</PriceUpdateDate>
      <ItemCode>7290014397767</ItemCode>
      <ItemType>1</ItemType>
      <ItemName>ריצפז פרש הום 2 ליטר</ItemName>
      <ManufactureName>החברה הדרומית לשיווק בעמ</ManufactureName>
      <ManufactureCountry />
      <ManufactureItemDescription />
      <UnitQty>יח`</UnitQty>
      <Quantity>2</Quantity>
      <UnitMeasure>1 ליטר</UnitMeasure>
      <BisWeighted>0</BisWeighted>
      <QtyInPackage>1</QtyInPackage>
      <ItemPrice>19.90</ItemPrice>
      <UnitOfMeasurePrice>9.95</UnitOfMeasurePrice>
      <AllowDiscount>0</AllowDiscount>
      <itemStatus>1</itemStatus>
      <LastUpdateDate />
      <LastUpdateTime />
    </Product>
    <Product>
      <PriceUpdateDate>2018/08/08 09:42</PriceUpdateDate>
      <ItemCode>7290014397774</ItemCode>
      <ItemType>1</ItemType>
      <ItemName>ריצפז פרש הום 2 ליטר</ItemName>
      <ManufactureName>החברה הדרומית לשיווק בעמ</ManufactureName>
      <ManufactureCountry />
      <ManufactureItemDescription />
      <UnitQty>יח`</UnitQty>
      <Quantity>2</Quantity>
      <UnitMeasure>1 ליטר</UnitMeasure>
      <BisWeighted>0</BisWeighted>
      <QtyInPackage>1</QtyInPackage>
      <ItemPrice>19.90</ItemPrice>
      <UnitOfMeasurePrice>9.95</UnitOfMeasurePrice>
      <AllowDiscount>0</AllowDiscount>
      <itemStatus>1</itemStatus>
      <LastUpdateDate />
      <LastUpdateTime />
    </Product>
    <Product>
      <PriceUpdateDate>2018/08/08 09:42</PriceUpdateDate>
      <ItemCode>7290014397781</ItemCode>
      <ItemType>1</ItemType>
      <ItemName>ריצפז פרש הום 2 ליטר</ItemName>
      <ManufactureName>החברה הדרומית לשיווק בעמ</ManufactureName>
      <ManufactureCountry />
      <ManufactureItemDescription />
      <UnitQty>יח`</UnitQty>
      <Quantity>2</Quantity>
      <UnitMeasure>1 ליטר</UnitMeasure>
      <BisWeighted>0</BisWeighted>
      <QtyInPackage>1</QtyInPackage>
      <ItemPrice>19.90</ItemPrice>
      <UnitOfMeasurePrice>9.95</UnitOfMeasurePrice>
      <AllowDiscount>0</AllowDiscount>
      <itemStatus>1</itemStatus>
      <LastUpdateDate />
      <LastUpdateTime />
    </Product>
    <Product>
      <PriceUpdateDate>2018/04/24 12:04</PriceUpdateDate>
      <ItemCode>7290014397842</ItemCode>
      <ItemType>1</ItemType>
      <ItemName>דוחה יתושים סנומט (90לילות)</ItemName>
      <ManufactureName>החברה הדרומית לשיווק בעמ</ManufactureName>
      <ManufactureCountry />
      <ManufactureItemDescription />
      <UnitQty>יח`</UnitQty>
      <Quantity>1</Quantity>
      <UnitMeasure />
      <BisWeighted>0</BisWeighted>
      <QtyInPackage>1</QtyInPackage>
      <ItemPrice>49.90</ItemPrice>
      <UnitOfMeasurePrice>49.90</UnitOfMeasurePrice>
      <AllowDiscount>0</AllowDiscount>
      <itemStatus>1</itemStatus>
      <LastUpdateDate />
      <LastUpdateTime />
    </Product>
    <Product>
      <PriceUpdateDate>2018/04/24 11:07</PriceUpdateDate>
      <ItemCode>7290014426061</ItemCode>
      <ItemType>1</ItemType>
      <ItemName>משחת שיניים לילדים הלו קיטי כצט (50 מל)</ItemName>
      <ManufactureName>גורי ע.ע.ע בעמ</ManufactureName>
      <ManufactureCountry />
      <ManufactureItemDescription />
      <UnitQty>יח`</UnitQty>
      <Quantity>0.50</Quantity>
      <UnitMeasure>100 מ"ל</UnitMeasure>
      <BisWeighted>0</BisWeighted>
      <QtyInPackage>1</QtyInPackage>
      <ItemPrice>10.90</ItemPrice>
      <UnitOfMeasurePrice>21.80</UnitOfMeasurePrice>
      <AllowDiscount>0</AllowDiscount>
      <itemStatus>1</itemStatus>
      <LastUpdateDate />
      <LastUpdateTime />
    </Product>
    <Product>
      <PriceUpdateDate>2018/04/24 12:39</PriceUpdateDate>
      <ItemCode>7290014426597</ItemCode>
      <ItemType>1</ItemType>
      <ItemName>משחת שיניים הלו קיטי 50 מל</ItemName>
      <ManufactureName>גורי ע.ע.ע בעמ</ManufactureName>
      <ManufactureCountry />
      <ManufactureItemDescription />
      <UnitQty>יח`</UnitQty>
      <Quantity>0.50</Quantity>
      <UnitMeasure>100 מ"ל</UnitMeasure>
      <BisWeighted>0</BisWeighted>
      <QtyInPackage>1</QtyInPackage>
      <ItemPrice>10.90</ItemPrice>
      <UnitOfMeasurePrice>21.80</UnitOfMeasurePrice>
      <AllowDiscount>0</AllowDiscount>
      <itemStatus>1</itemStatus>
      <LastUpdateDate />
      <LastUpdateTime />
    </Product>
    <Product>
      <PriceUpdateDate>2018/12/09 12:29</PriceUpdateDate>
      <ItemCode>7290014435704</ItemCode>
      <ItemType>1</ItemType>
      <ItemName>סלמון מעושן 100 גר</ItemName>
      <ManufactureName>סלטי שמיר 2006 בעמ</ManufactureName>
      <ManufactureCountry />
      <ManufactureItemDescription />
      <UnitQty>יח`</UnitQty>
      <Quantity>1</Quantity>
      <UnitMeasure>100 גרם</UnitMeasure>
      <BisWeighted>0</BisWeighted>
      <QtyInPackage>1</QtyInPackage>
      <ItemPrice>19.90</ItemPrice>
      <UnitOfMeasurePrice>19.90</UnitOfMeasurePrice>
      <AllowDiscount>0</AllowDiscount>
      <itemStatus>1</itemStatus>
      <LastUpdateDate />
      <LastUpdateTime />
    </Product>
    <Product>
      <PriceUpdateDate>2018/04/24 12:35</PriceUpdateDate>
      <ItemCode>7290014435803</ItemCode>
      <ItemType>1</ItemType>
      <ItemName>מטיאס הולנדי פרובנציאל עם בצל בשמן 200</ItemName>
      <ManufactureName>סלטי שמיר 2006 בעמ</ManufactureName>
      <ManufactureCountry />
      <ManufactureItemDescription />
      <UnitQty>יח`</UnitQty>
      <Quantity>2</Quantity>
      <UnitMeasure>100 גרם</UnitMeasure>
      <BisWeighted>0</BisWeighted>
      <QtyInPackage>1</QtyInPackage>
      <ItemPrice>15.90</ItemPrice>
      <UnitOfMeasurePrice>7.95</UnitOfMeasurePrice>
      <AllowDiscount>0</AllowDiscount>
      <itemStatus>1</itemStatus>
      <LastUpdateDate />
      <LastUpdateTime />
    </Product>
    <Product>
      <PriceUpdateDate>2018/04/24 12:35</PriceUpdateDate>
      <ItemCode>7290014435810</ItemCode>
      <ItemType>1</ItemType>
      <ItemName>הרינג כבוש עם בצל במרינת חמוץ מתוק 220 ג</ItemName>
      <ManufactureName>סלטי שמיר 2006 בעמ</ManufactureName>
      <ManufactureCountry />
      <ManufactureItemDescription />
      <UnitQty>יח`</UnitQty>
      <Quantity>2.20</Quantity>
      <UnitMeasure>100 גרם</UnitMeasure>
      <BisWeighted>0</BisWeighted>
      <QtyInPackage>1</QtyInPackage>
      <ItemPrice>15.90</ItemPrice>
      <UnitOfMeasurePrice>7.23</UnitOfMeasurePrice>
      <AllowDiscount>0</AllowDiscount>
      <itemStatus>1</itemStatus>
      <LastUpdateDate />
      <LastUpdateTime />
    </Product>
    <Product>
      <PriceUpdateDate>2018/04/24 12:35</PriceUpdateDate>
      <ItemCode>7290014435841</ItemCode>
      <ItemType>1</ItemType>
      <ItemName>פילה מטיאס  הולנדי בשמן 200 גר</ItemName>
      <ManufactureName>סלטי שמיר 2006 בעמ</ManufactureName>
      <ManufactureCountry />
      <ManufactureItemDescription />
      <UnitQty>יח`</UnitQty>
      <Quantity>2</Quantity>
      <UnitMeasure>100 גרם</UnitMeasure>
      <BisWeighted>0</BisWeighted>
      <QtyInPackage>1</QtyInPackage>
      <ItemPrice>15.90</ItemPrice>
      <UnitOfMeasurePrice>7.95</UnitOfMeasurePrice>
      <AllowDiscount>0</AllowDiscount>
      <itemStatus>1</itemStatus>
      <LastUpdateDate />
      <LastUpdateTime />
    </Product>
    <Product>
      <PriceUpdateDate>2018/10/07 12:00</PriceUpdateDate>
      <ItemCode>7290014455245</ItemCode>
      <ItemType>1</ItemType>
      <ItemName>גרנה פדנו משולש גד -200גר`</ItemName>
      <ManufactureName>מחלבות גד שיווק 1992 בעמ</ManufactureName>
      <ManufactureCountry />
      <ManufactureItemDescription />
      <UnitQty>יח`</UnitQty>
      <Quantity>2</Quantity>
      <UnitMeasure>100 גרם</UnitMeasure>
      <BisWeighted>0</BisWeighted>
      <QtyInPackage>1</QtyInPackage>
      <ItemPrice>26.90</ItemPrice>
      <UnitOfMeasurePrice>13.45</UnitOfMeasurePrice>
      <AllowDiscount>0</AllowDiscount>
      <itemStatus>1</itemStatus>
      <LastUpdateDate />
      <LastUpdateTime />
    </Product>
    <Product>
      <PriceUpdateDate>2019/01/07 10:57</PriceUpdateDate>
      <ItemCode>7290014455252</ItemCode>
      <ItemType>1</ItemType>
      <ItemName>גבינת גרנה פדנו מגורדת 29% גד (100 גרם)</ItemName>
      <ManufactureName>מחלבות גד שיווק 1992 בעמ</ManufactureName>
      <ManufactureCountry />
      <ManufactureItemDescription />
      <UnitQty>יח`</UnitQty>
      <Quantity>1</Quantity>
      <UnitMeasure>100 גרם</UnitMeasure>
      <BisWeighted>0</BisWeighted>
      <QtyInPackage>1</QtyInPackage>
      <ItemPrice>13.90</ItemPrice>
      <UnitOfMeasurePrice>13.90</UnitOfMeasurePrice>
      <AllowDiscount>0</AllowDiscount>
      <itemStatus>1</itemStatus>
      <LastUpdateDate />
      <LastUpdateTime />
    </Product>
    <Product>
      <PriceUpdateDate>2018/10/21 12:50</PriceUpdateDate>
      <ItemCode>7290014455320</ItemCode>
      <ItemType>1</ItemType>
      <ItemName>כדורי מוצרלה פרסקה גד (100 גרם)</ItemName>
      <ManufactureName>מחלבות גד שיווק 1992 בעמ</ManufactureName>
      <ManufactureCountry />
      <ManufactureItemDescription />
      <UnitQty>יח`</UnitQty>
      <Quantity>1</Quantity>
      <UnitMeasure>100 גרם</UnitMeasure>
      <BisWeighted>0</BisWeighted>
      <QtyInPackage>1</QtyInPackage>
      <ItemPrice>8.90</ItemPrice>
      <UnitOfMeasurePrice>8.90</UnitOfMeasurePrice>
      <AllowDiscount>0</AllowDiscount>
      <itemStatus>1</itemStatus>
      <LastUpdateDate />
      <LastUpdateTime />
    </Product>
    <Product>
      <PriceUpdateDate>2018/04/24 12:30</PriceUpdateDate>
      <ItemCode>7290014455467</ItemCode>
      <ItemType>1</ItemType>
      <ItemName>מעדן חלב עם שיבולת שועל 2% גד (150 גרם)</ItemName>
      <ManufactureName>מחלבות גד שיווק 1992 בעמ</ManufactureName>
      <ManufactureCountry />
      <ManufactureItemDescription />
      <UnitQty>יח`</UnitQty>
      <Quantity>1.50</Quantity>
      <UnitMeasure>100 גרם</UnitMeasure>
      <BisWeighted>0</BisWeighted>
      <QtyInPackage>1</QtyInPackage>
      <ItemPrice>5.50</ItemPrice>
      <UnitOfMeasurePrice>3.67</UnitOfMeasurePrice>
      <AllowDiscount>0</AllowDiscount>
      <itemStatus>1</itemStatus>
      <LastUpdateDate />
      <LastUpdateTime />
    </Product>
    <Product>
      <PriceUpdateDate>2018/04/24 12:45</PriceUpdateDate>
      <ItemCode>7290014455610</ItemCode>
      <ItemType>1</ItemType>
      <ItemName>יוגורט עזים עם תות גד 125 גרם</ItemName>
      <ManufactureName>מחלבות גד שיווק 1992 בעמ</ManufactureName>
      <ManufactureCountry />
      <ManufactureItemDescription />
      <UnitQty>יח`</UnitQty>
      <Quantity>1.25</Quantity>
      <UnitMeasure>100 גרם</UnitMeasure>
      <BisWeighted>0</BisWeighted>
      <QtyInPackage>1</QtyInPackage>
      <ItemPrice>5.90</ItemPrice>
      <UnitOfMeasurePrice>4.72</UnitOfMeasurePrice>
      <AllowDiscount>0</AllowDiscount>
      <itemStatus>1</itemStatus>
      <LastUpdateDate />
      <LastUpdateTime />
    </Product>
    <Product>
      <PriceUpdateDate>2018/04/24 12:46</PriceUpdateDate>
      <ItemCode>7290014455627</ItemCode>
      <ItemType>1</ItemType>
      <ItemName>יוגורט עזים עם דובדבן אמרנה גד 125 גרם</ItemName>
      <ManufactureName>מחלבות גד שיווק 1992 בעמ</ManufactureName>
      <ManufactureCountry />
      <ManufactureItemDescription />
      <UnitQty>יח`</UnitQty>
      <Quantity>1.25</Quantity>
      <UnitMeasure>100 גרם</UnitMeasure>
      <BisWeighted>0</BisWeighted>
      <QtyInPackage>1</QtyInPackage>
      <ItemPrice>5.90</ItemPrice>
      <UnitOfMeasurePrice>4.72</UnitOfMeasurePrice>
      <AllowDiscount>0</AllowDiscount>
      <itemStatus>1</itemStatus>
      <LastUpdateDate />
      <LastUpdateTime />
    </Product>
    <Product>
      <PriceUpdateDate>2018/04/24 12:04</PriceUpdateDate>
      <ItemCode>7290014459137</ItemCode>
      <ItemType>1</ItemType>
      <ItemName>סטייק צ`יפס תפוגן (1.5 קג)</ItemName>
      <ManufactureName>קבוצת אסם סחר שות. מוגבלת</ManufactureName>
      <ManufactureCountry />
      <ManufactureItemDescription />
      <UnitQty>יח`</UnitQty>
      <Quantity>15</Quantity>
      <UnitMeasure>100 גרם</UnitMeasure>
      <BisWeighted>0</BisWeighted>
      <QtyInPackage>1</QtyInPackage>
      <ItemPrice>24.90</ItemPrice>
      <UnitOfMeasurePrice>1.66</UnitOfMeasurePrice>
      <AllowDiscount>0</AllowDiscount>
      <itemStatus>1</itemStatus>
      <LastUpdateDate />
      <LastUpdateTime />
    </Product>
    <Product>
      <PriceUpdateDate>2018/04/24 12:03</PriceUpdateDate>
      <ItemCode>7290014459267</ItemCode>
      <ItemType>1</ItemType>
      <ItemName>פרוסות צ`יפס תפוגן (1.5 קג)</ItemName>
      <ManufactureName>קבוצת אסם סחר שות. מוגבלת</ManufactureName>
      <ManufactureCountry />
      <ManufactureItemDescription />
      <UnitQty>יח`</UnitQty>
      <Quantity>15</Quantity>
      <UnitMeasure>100 גרם</UnitMeasure>
      <BisWeighted>0</BisWeighted>
      <QtyInPackage>1</QtyInPackage>
      <ItemPrice>24.90</ItemPrice>
      <UnitOfMeasurePrice>1.66</UnitOfMeasurePrice>
      <AllowDiscount>1</AllowDiscount>
      <itemStatus>1</itemStatus>
      <LastUpdateDate />
      <LastUpdateTime />
    </Product>
    <Product>
      <PriceUpdateDate>2018/07/25 09:06</PriceUpdateDate>
      <ItemCode>7290014459373</ItemCode>
      <ItemType>1</ItemType>
      <ItemName>צ`יפס קראנצ`י לתנור תפוגן (1.5 קג)</ItemName>
      <ManufactureName>קבוצת אסם סחר שות. מוגבלת</ManufactureName>
      <ManufactureCountry />
      <ManufactureItemDescription />
      <UnitQty>יח`</UnitQty>
      <Quantity>15</Quantity>
      <UnitMeasure>100 גרם</UnitMeasure>
      <BisWeighted>0</BisWeighted>
      <QtyInPackage>1</QtyInPackage>
      <ItemPrice>27.90</ItemPrice>
      <UnitOfMeasurePrice>1.86</UnitOfMeasurePrice>
      <AllowDiscount>0</AllowDiscount>
      <itemStatus>1</itemStatus>
      <LastUpdateDate />
      <LastUpdateTime />
    </Product>
    <Product>
      <PriceUpdateDate>2018/04/24 12:56</PriceUpdateDate>
      <ItemCode>7290014459472</ItemCode>
      <ItemType>1</ItemType>
      <ItemName>תפוגן אמריקאן צ`יפס 2 קג`</ItemName>
      <ManufactureName>קבוצת אסם סחר שות. מוגבלת</ManufactureName>
      <ManufactureCountry />
      <ManufactureItemDescription />
      <UnitQty>יח`</UnitQty>
      <Quantity>2</Quantity>
      <UnitMeasure>ק"ג</UnitMeasure>
      <BisWeighted>0</BisWeighted>
      <QtyInPackage>1</QtyInPackage>
      <ItemPrice>29.90</ItemPrice>
      <UnitOfMeasurePrice>14.95</UnitOfMeasurePrice>
      <AllowDiscount>0</AllowDiscount>
      <itemStatus>1</itemStatus>
      <LastUpdateDate />
      <LastUpdateTime />
    </Product>
    <Product>
      <PriceUpdateDate>2018/07/23 10:13</PriceUpdateDate>
      <ItemCode>7290014459632</ItemCode>
      <ItemType>1</ItemType>
      <ItemName>תפוגן צ`פיס טוגן 1.5 קג`</ItemName>
      <ManufactureName>קבוצת אסם סחר שות. מוגבלת</ManufactureName>
      <ManufactureCountry />
      <ManufactureItemDescription />
      <UnitQty>יח`</UnitQty>
      <Quantity>1</Quantity>
      <UnitMeasure />
      <BisWeighted>0</BisWeighted>
      <QtyInPackage>1</QtyInPackage>
      <ItemPrice>14.90</ItemPrice>
      <UnitOfMeasurePrice>14.90</UnitOfMeasurePrice>
      <AllowDiscount>0</AllowDiscount>
      <itemStatus>1</itemStatus>
      <LastUpdateDate />
      <LastUpdateTime />
    </Product>
    <Product>
      <PriceUpdateDate>2020/05/03 09:24</PriceUpdateDate>
      <ItemCode>7290014466128</ItemCode>
      <ItemType>1</ItemType>
      <ItemName>הר חרמון אינדיגו</ItemName>
      <ManufactureName>היכל היין שקד גולן בעמ</ManufactureName>
      <ManufactureCountry />
      <ManufactureItemDescription />
      <UnitQty>יח`</UnitQty>
      <Quantity>7.50</Quantity>
      <UnitMeasure>100 מ"ל</UnitMeasure>
      <BisWeighted>0</BisWeighted>
      <QtyInPackage>1</QtyInPackage>
      <ItemPrice>30.90</ItemPrice>
      <UnitOfMeasurePrice>4.08</UnitOfMeasurePrice>
      <AllowDiscount>1</AllowDiscount>
      <itemStatus>1</itemStatus>
      <LastUpdateDate />
      <LastUpdateTime />
    </Product>
    <Product>
      <PriceUpdateDate>2020/05/03 09:24</PriceUpdateDate>
      <ItemCode>7290014466463</ItemCode>
      <ItemType>1</ItemType>
      <ItemName>הר חרמון מוסקט יקב רמת הגולן (750 מל)</ItemName>
      <ManufactureName>היכל היין שקד גולן בעמ</ManufactureName>
      <ManufactureCountry />
      <ManufactureItemDescription />
      <UnitQty>יח`</UnitQty>
      <Quantity>7.50</Quantity>
      <UnitMeasure>100 מ"ל</UnitMeasure>
      <BisWeighted>0</BisWeighted>
      <QtyInPackage>1</QtyInPackage>
      <ItemPrice>30.90</ItemPrice>
      <UnitOfMeasurePrice>4.08</UnitOfMeasurePrice>
      <AllowDiscount>1</AllowDiscount>
      <itemStatus>1</itemStatus>
      <LastUpdateDate />
      <LastUpdateTime />
    </Product>
    <Product>
      <PriceUpdateDate>2019/04/11 10:04</PriceUpdateDate>
      <ItemCode>7290014466609</ItemCode>
      <ItemType>1</ItemType>
      <ItemName>יין גמלא מרלו</ItemName>
      <ManufactureName>היכל היין שקד גולן בעמ</ManufactureName>
      <ManufactureCountry />
      <ManufactureItemDescription />
      <UnitQty>יח`</UnitQty>
      <Quantity>1</Quantity>
      <UnitMeasure />
      <BisWeighted>0</BisWeighted>
      <QtyInPackage>1</QtyInPackage>
      <ItemPrice>59.90</ItemPrice>
      <UnitOfMeasurePrice>59.90</UnitOfMeasurePrice>
      <AllowDiscount>0</AllowDiscount>
      <itemStatus>1</itemStatus>
      <LastUpdateDate />
      <LastUpdateTime />
    </Product>
    <Product>
      <PriceUpdateDate>2018/04/24 11:42</PriceUpdateDate>
      <ItemCode>7290014471429</ItemCode>
      <ItemType>1</ItemType>
      <ItemName>מוזלי עם פירות שקדיה (1 קג)</ItemName>
      <ManufactureName>דין שיווק וקליה בעמ</ManufactureName>
      <ManufactureCountry />
      <ManufactureItemDescription />
      <UnitQty>יח`</UnitQty>
      <Quantity>10</Quantity>
      <UnitMeasure>100 גרם</UnitMeasure>
      <BisWeighted>0</BisWeighted>
      <QtyInPackage>1</QtyInPackage>
      <ItemPrice>19.90</ItemPrice>
      <UnitOfMeasurePrice>1.99</UnitOfMeasurePrice>
      <AllowDiscount>1</AllowDiscount>
      <itemStatus>1</itemStatus>
      <LastUpdateDate />
      <LastUpdateTime />
    </Product>
    <Product>
      <PriceUpdateDate>2018/04/24 11:42</PriceUpdateDate>
      <ItemCode>7290014471436</ItemCode>
      <ItemType>1</ItemType>
      <ItemName>מוזלי צימוקים תפוח קינומון 1קג - שקדיה</ItemName>
      <ManufactureName>דין שיווק וקליה בעמ</ManufactureName>
      <ManufactureCountry />
      <ManufactureItemDescription />
      <UnitQty>יח`</UnitQty>
      <Quantity>10</Quantity>
      <UnitMeasure>100 גרם</UnitMeasure>
      <BisWeighted>0</BisWeighted>
      <QtyInPackage>1</QtyInPackage>
      <ItemPrice>19.90</ItemPrice>
      <UnitOfMeasurePrice>1.99</UnitOfMeasurePrice>
      <AllowDiscount>1</AllowDiscount>
      <itemStatus>1</itemStatus>
      <LastUpdateDate />
      <LastUpdateTime />
    </Product>
    <Product>
      <PriceUpdateDate>2018/04/24 11:42</PriceUpdateDate>
      <ItemCode>7290014471443</ItemCode>
      <ItemType>1</ItemType>
      <ItemName>גרנולה אגוזים 1קג - שקדיה</ItemName>
      <ManufactureName>דין שיווק וקליה בעמ</ManufactureName>
      <ManufactureCountry />
      <ManufactureItemDescription />
      <UnitQty>יח`</UnitQty>
      <Quantity>10</Quantity>
      <UnitMeasure>100 גרם</UnitMeasure>
      <BisWeighted>0</BisWeighted>
      <QtyInPackage>1</QtyInPackage>
      <ItemPrice>19.90</ItemPrice>
      <UnitOfMeasurePrice>1.99</UnitOfMeasurePrice>
      <AllowDiscount>1</AllowDiscount>
      <itemStatus>1</itemStatus>
      <LastUpdateDate />
      <LastUpdateTime />
    </Product>
    <Product>
      <PriceUpdateDate>2018/04/24 13:00</PriceUpdateDate>
      <ItemCode>7290014472136</ItemCode>
      <ItemType>1</ItemType>
      <ItemName>גרעין שחור קלוי ששון הקולה (150 גרם)</ItemName>
      <ManufactureName>דין שיווק וקליה בעמ</ManufactureName>
      <ManufactureCountry />
      <ManufactureItemDescription />
      <UnitQty>יח`</UnitQty>
      <Quantity>1.50</Quantity>
      <UnitMeasure>100 גרם</UnitMeasure>
      <BisWeighted>0</BisWeighted>
      <QtyInPackage>1</QtyInPackage>
      <ItemPrice>3.90</ItemPrice>
      <UnitOfMeasurePrice>2.60</UnitOfMeasurePrice>
      <AllowDiscount>0</AllowDiscount>
      <itemStatus>1</itemStatus>
      <LastUpdateDate />
      <LastUpdateTime />
    </Product>
    <Product>
      <PriceUpdateDate>2019/12/25 08:57</PriceUpdateDate>
      <ItemCode>7290014472228</ItemCode>
      <ItemType>1</ItemType>
      <ItemName>תאנים ששון הקולה (330 גרם)</ItemName>
      <ManufactureName>דין שיווק וקליה בעמ</ManufactureName>
      <ManufactureCountry />
      <ManufactureItemDescription />
      <UnitQty>יח`</UnitQty>
      <Quantity>3.30</Quantity>
      <UnitMeasure>100 גרם</UnitMeasure>
      <BisWeighted>0</BisWeighted>
      <QtyInPackage>1</QtyInPackage>
      <ItemPrice>19.90</ItemPrice>
      <UnitOfMeasurePrice>6.03</UnitOfMeasurePrice>
      <AllowDiscount>0</AllowDiscount>
      <itemStatus>1</itemStatus>
      <LastUpdateDate />
      <LastUpdateTime />
    </Product>
    <Product>
      <PriceUpdateDate>2019/12/22 17:03</PriceUpdateDate>
      <ItemCode>7290014472235</ItemCode>
      <ItemType>1</ItemType>
      <ItemName>פקאן סיני מסוכר ששון הקולה (200 גרם)</ItemName>
      <ManufactureName>דין שיווק וקליה בעמ</ManufactureName>
      <ManufactureCountry />
      <ManufactureItemDescription />
      <UnitQty>יח`</UnitQty>
      <Quantity>2</Quantity>
      <UnitMeasure>100 גרם</UnitMeasure>
      <BisWeighted>0</BisWeighted>
      <QtyInPackage>1</QtyInPackage>
      <ItemPrice>23.90</ItemPrice>
      <UnitOfMeasurePrice>11.95</UnitOfMeasurePrice>
      <AllowDiscount>0</AllowDiscount>
      <itemStatus>1</itemStatus>
      <LastUpdateDate />
      <LastUpdateTime />
    </Product>
    <Product>
      <PriceUpdateDate>2019/08/12 08:06</PriceUpdateDate>
      <ItemCode>7290014472433</ItemCode>
      <ItemType>1</ItemType>
      <ItemName>קונפיטוריה תות שדה 450 גר`</ItemName>
      <ManufactureName>דין שיווק וקליה בעמ</ManufactureName>
      <ManufactureCountry />
      <ManufactureItemDescription />
      <UnitQty>יח`</UnitQty>
      <Quantity>4.50</Quantity>
      <UnitMeasure>100 גרם</UnitMeasure>
      <BisWeighted>0</BisWeighted>
      <QtyInPackage>1</QtyInPackage>
      <ItemPrice>10.90</ItemPrice>
      <UnitOfMeasurePrice>2.42</UnitOfMeasurePrice>
      <AllowDiscount>1</AllowDiscount>
      <itemStatus>1</itemStatus>
      <LastUpdateDate />
      <LastUpdateTime />
    </Product>
    <Product>
      <PriceUpdateDate>2019/08/12 08:06</PriceUpdateDate>
      <ItemCode>7290014472457</ItemCode>
      <ItemType>1</ItemType>
      <ItemName>קונפיטוריה פטל שחור 450 גר`</ItemName>
      <ManufactureName>דין שיווק וקליה בעמ</ManufactureName>
      <ManufactureCountry />
      <ManufactureItemDescription />
      <UnitQty>יח`</UnitQty>
      <Quantity>4.50</Quantity>
      <UnitMeasure>100 גרם</UnitMeasure>
      <BisWeighted>0</BisWeighted>
      <QtyInPackage>1</QtyInPackage>
      <ItemPrice>10.90</ItemPrice>
      <UnitOfMeasurePrice>2.42</UnitOfMeasurePrice>
      <AllowDiscount>1</AllowDiscount>
      <itemStatus>1</itemStatus>
      <LastUpdateDate />
      <LastUpdateTime />
    </Product>
    <Product>
      <PriceUpdateDate>2018/04/24 12:23</PriceUpdateDate>
      <ItemCode>7290014472990</ItemCode>
      <ItemType>1</ItemType>
      <ItemName>ממרח 100% שקדים שקדיה (300 גרם)</ItemName>
      <ManufactureName>דין שיווק וקליה בעמ</ManufactureName>
      <ManufactureCountry />
      <ManufactureItemDescription />
      <UnitQty>יח`</UnitQty>
      <Quantity>3</Quantity>
      <UnitMeasure>100 גרם</UnitMeasure>
      <BisWeighted>0</BisWeighted>
      <QtyInPackage>1</QtyInPackage>
      <ItemPrice>34.90</ItemPrice>
      <UnitOfMeasurePrice>11.63</UnitOfMeasurePrice>
      <AllowDiscount>0</AllowDiscount>
      <itemStatus>1</itemStatus>
      <LastUpdateDate />
      <LastUpdateTime />
    </Product>
    <Product>
      <PriceUpdateDate>2018/04/24 12:56</PriceUpdateDate>
      <ItemCode>7290014503823</ItemCode>
      <ItemType>1</ItemType>
      <ItemName>יין כנען רוזה יקב דלתון (750 מל)</ItemName>
      <ManufactureName>הכרם - משקאות חריפים בעמ</ManufactureName>
      <ManufactureCountry />
      <ManufactureItemDescription />
      <UnitQty>יח`</UnitQty>
      <Quantity>7.50</Quantity>
      <UnitMeasure>100 מ"ל</UnitMeasure>
      <BisWeighted>0</BisWeighted>
      <QtyInPackage>1</QtyInPackage>
      <ItemPrice>48.90</ItemPrice>
      <UnitOfMeasurePrice>6.48</UnitOfMeasurePrice>
      <AllowDiscount>1</AllowDiscount>
      <itemStatus>1</itemStatus>
      <LastUpdateDate />
      <LastUpdateTime />
    </Product>
    <Product>
      <PriceUpdateDate>2019/02/01 07:58</PriceUpdateDate>
      <ItemCode>7290014525016</ItemCode>
      <ItemType>1</ItemType>
      <ItemName>מרבה סלים פרוט בטעם יוגורט ותות</ItemName>
      <ManufactureName>ש.שסטוביץ בעמ</ManufactureName>
      <ManufactureCountry />
      <ManufactureItemDescription />
      <UnitQty>יח`</UnitQty>
      <Quantity>1.82</Quantity>
      <UnitMeasure>100 גרם</UnitMeasure>
      <BisWeighted>0</BisWeighted>
      <QtyInPackage>1</QtyInPackage>
      <ItemPrice>10.90</ItemPrice>
      <UnitOfMeasurePrice>5.99</UnitOfMeasurePrice>
      <AllowDiscount>1</AllowDiscount>
      <itemStatus>1</itemStatus>
      <LastUpdateDate />
      <LastUpdateTime />
    </Product>
    <Product>
      <PriceUpdateDate>2019/02/01 07:58</PriceUpdateDate>
      <ItemCode>7290014525290</ItemCode>
      <ItemType>1</ItemType>
      <ItemName>סלים דליס קריספי תות מרבה (125 גרם)</ItemName>
      <ManufactureName>ש.שסטוביץ בעמ</ManufactureName>
      <ManufactureCountry />
      <ManufactureItemDescription />
      <UnitQty>יח`</UnitQty>
      <Quantity>1.20</Quantity>
      <UnitMeasure>100 גרם</UnitMeasure>
      <BisWeighted>0</BisWeighted>
      <QtyInPackage>1</QtyInPackage>
      <ItemPrice>10.90</ItemPrice>
      <UnitOfMeasurePrice>9.08</UnitOfMeasurePrice>
      <AllowDiscount>1</AllowDiscount>
      <itemStatus>1</itemStatus>
      <LastUpdateDate />
      <LastUpdateTime />
    </Product>
    <Product>
      <PriceUpdateDate>2019/02/01 07:58</PriceUpdateDate>
      <ItemCode>7290014525306</ItemCode>
      <ItemType>1</ItemType>
      <ItemName>סלים דליס קריספי אוכמניות מרבה (125 גרם)</ItemName>
      <ManufactureName>ש.שסטוביץ בעמ</ManufactureName>
      <ManufactureCountry />
      <ManufactureItemDescription />
      <UnitQty>יח`</UnitQty>
      <Quantity>1.25</Quantity>
      <UnitMeasure>100 גרם</UnitMeasure>
      <BisWeighted>0</BisWeighted>
      <QtyInPackage>1</QtyInPackage>
      <ItemPrice>10.90</ItemPrice>
      <UnitOfMeasurePrice>8.72</UnitOfMeasurePrice>
      <AllowDiscount>1</AllowDiscount>
      <itemStatus>1</itemStatus>
      <LastUpdateDate />
      <LastUpdateTime />
    </Product>
    <Product>
      <PriceUpdateDate>2019/02/01 07:58</PriceUpdateDate>
      <ItemCode>7290014525313</ItemCode>
      <ItemType>1</ItemType>
      <ItemName>סלים דליס קריספי שוקולד מרבה (125 גרם)</ItemName>
      <ManufactureName>ש.שסטוביץ בעמ</ManufactureName>
      <ManufactureCountry />
      <ManufactureItemDescription />
      <UnitQty>יח`</UnitQty>
      <Quantity>1.25</Quantity>
      <UnitMeasure>100 גרם</UnitMeasure>
      <BisWeighted>0</BisWeighted>
      <QtyInPackage>1</QtyInPackage>
      <ItemPrice>10.90</ItemPrice>
      <UnitOfMeasurePrice>8.72</UnitOfMeasurePrice>
      <AllowDiscount>1</AllowDiscount>
      <itemStatus>1</itemStatus>
      <LastUpdateDate />
      <LastUpdateTime />
    </Product>
    <Product>
      <PriceUpdateDate>2020/01/14 08:12</PriceUpdateDate>
      <ItemCode>7290014534667</ItemCode>
      <ItemType>1</ItemType>
      <ItemName>לה פסטה קונכיה 53 400 גר`</ItemName>
      <ManufactureName>תומר יבוא ושיווק מוצרי מזון (1</ManufactureName>
      <ManufactureCountry />
      <ManufactureItemDescription />
      <UnitQty>יח`</UnitQty>
      <Quantity>4</Quantity>
      <UnitMeasure>100 גרם</UnitMeasure>
      <BisWeighted>0</BisWeighted>
      <QtyInPackage>1</QtyInPackage>
      <ItemPrice>2.50</ItemPrice>
      <UnitOfMeasurePrice>0.63</UnitOfMeasurePrice>
      <AllowDiscount>1</AllowDiscount>
      <itemStatus>1</itemStatus>
      <LastUpdateDate />
      <LastUpdateTime />
    </Product>
    <Product>
      <PriceUpdateDate>2020/02/14 07:53</PriceUpdateDate>
      <ItemCode>7290014547353</ItemCode>
      <ItemType>1</ItemType>
      <ItemName>מברשת שיניים סנסודיין זוג</ItemName>
      <ManufactureName>גורי ע.ע.ע בעמ</ManufactureName>
      <ManufactureCountry />
      <ManufactureItemDescription />
      <UnitQty>יח`</UnitQty>
      <Quantity>1</Quantity>
      <UnitMeasure />
      <BisWeighted>0</BisWeighted>
      <QtyInPackage>1</QtyInPackage>
      <ItemPrice>19.90</ItemPrice>
      <UnitOfMeasurePrice>19.90</UnitOfMeasurePrice>
      <AllowDiscount>0</AllowDiscount>
      <itemStatus>1</itemStatus>
      <LastUpdateDate />
      <LastUpdateTime />
    </Product>
    <Product>
      <PriceUpdateDate>2018/04/24 12:16</PriceUpdateDate>
      <ItemCode>7290014562721</ItemCode>
      <ItemType>1</ItemType>
      <ItemName>שמן שומשום בי   די (250 מל)</ItemName>
      <ManufactureName>בטר אנד דיפרנט בעמ</ManufactureName>
      <ManufactureCountry />
      <ManufactureItemDescription />
      <UnitQty>יח`</UnitQty>
      <Quantity>2.50</Quantity>
      <UnitMeasure>100 מ"ל</UnitMeasure>
      <BisWeighted>0</BisWeighted>
      <QtyInPackage>1</QtyInPackage>
      <ItemPrice>19.90</ItemPrice>
      <UnitOfMeasurePrice>7.96</UnitOfMeasurePrice>
      <AllowDiscount>0</AllowDiscount>
      <itemStatus>1</itemStatus>
      <LastUpdateDate />
      <LastUpdateTime />
    </Product>
    <Product>
      <PriceUpdateDate>2018/04/24 12:35</PriceUpdateDate>
      <ItemCode>7290014648005</ItemCode>
      <ItemType>1</ItemType>
      <ItemName>LA BELLE מסיר לק ללא אציטון 250מל</ItemName>
      <ManufactureName>פארמה דיל (פ.א.ב.) שיווק והפצה</ManufactureName>
      <ManufactureCountry />
      <ManufactureItemDescription />
      <UnitQty>יח`</UnitQty>
      <Quantity>1</Quantity>
      <UnitMeasure />
      <BisWeighted>0</BisWeighted>
      <QtyInPackage>1</QtyInPackage>
      <ItemPrice>11.90</ItemPrice>
      <UnitOfMeasurePrice>11.90</UnitOfMeasurePrice>
      <AllowDiscount>0</AllowDiscount>
      <itemStatus>1</itemStatus>
      <LastUpdateDate />
      <LastUpdateTime />
    </Product>
    <Product>
      <PriceUpdateDate>2018/04/24 12:35</PriceUpdateDate>
      <ItemCode>7290014648043</ItemCode>
      <ItemType>1</ItemType>
      <ItemName>LA BELLE שעווה דבש פח 500גר</ItemName>
      <ManufactureName>פארמה דיל (פ.א.ב.) שיווק והפצה</ManufactureName>
      <ManufactureCountry />
      <ManufactureItemDescription />
      <UnitQty>יח`</UnitQty>
      <Quantity>1</Quantity>
      <UnitMeasure />
      <BisWeighted>0</BisWeighted>
      <QtyInPackage>1</QtyInPackage>
      <ItemPrice>16.90</ItemPrice>
      <UnitOfMeasurePrice>16.90</UnitOfMeasurePrice>
      <AllowDiscount>0</AllowDiscount>
      <itemStatus>1</itemStatus>
      <LastUpdateDate />
      <LastUpdateTime />
    </Product>
    <Product>
      <PriceUpdateDate>2018/04/24 12:37</PriceUpdateDate>
      <ItemCode>7290014648159</ItemCode>
      <ItemType>1</ItemType>
      <ItemName>LA BELLE קרם חמצן 6% 60מל</ItemName>
      <ManufactureName>פארמה דיל (פ.א.ב.) שיווק והפצה</ManufactureName>
      <ManufactureCountry />
      <ManufactureItemDescription />
      <UnitQty>יח`</UnitQty>
      <Quantity>1</Quantity>
      <UnitMeasure />
      <BisWeighted>0</BisWeighted>
      <QtyInPackage>1</QtyInPackage>
      <ItemPrice>3.90</ItemPrice>
      <UnitOfMeasurePrice>3.90</UnitOfMeasurePrice>
      <AllowDiscount>0</AllowDiscount>
      <itemStatus>1</itemStatus>
      <LastUpdateDate />
      <LastUpdateTime />
    </Product>
    <Product>
      <PriceUpdateDate>2018/04/24 11:46</PriceUpdateDate>
      <ItemCode>7290014673403</ItemCode>
      <ItemType>1</ItemType>
      <ItemName>פלפל שחור טחון תבליני מימון (250 גרם)</ItemName>
      <ManufactureName>א.ל.ייצור ושיווק תבלינים בעמ</ManufactureName>
      <ManufactureCountry />
      <ManufactureItemDescription />
      <UnitQty>יח`</UnitQty>
      <Quantity>2.50</Quantity>
      <UnitMeasure>100 גרם</UnitMeasure>
      <BisWeighted>0</BisWeighted>
      <QtyInPackage>1</QtyInPackage>
      <ItemPrice>29.90</ItemPrice>
      <UnitOfMeasurePrice>11.96</UnitOfMeasurePrice>
      <AllowDiscount>0</AllowDiscount>
      <itemStatus>1</itemStatus>
      <LastUpdateDate />
      <LastUpdateTime />
    </Product>
    <Product>
      <PriceUpdateDate>2018/04/24 11:46</PriceUpdateDate>
      <ItemCode>7290014673410</ItemCode>
      <ItemType>1</ItemType>
      <ItemName>פלפל שחור גרוס דק 250 גר`</ItemName>
      <ManufactureName>א.ל.ייצור ושיווק תבלינים בעמ</ManufactureName>
      <ManufactureCountry />
      <ManufactureItemDescription />
      <UnitQty>יח`</UnitQty>
      <Quantity>2.50</Quantity>
      <UnitMeasure>100 גרם</UnitMeasure>
      <BisWeighted>0</BisWeighted>
      <QtyInPackage>1</QtyInPackage>
      <ItemPrice>29.90</ItemPrice>
      <UnitOfMeasurePrice>11.96</UnitOfMeasurePrice>
      <AllowDiscount>0</AllowDiscount>
      <itemStatus>1</itemStatus>
      <LastUpdateDate />
      <LastUpdateTime />
    </Product>
    <Product>
      <PriceUpdateDate>2018/04/26 12:09</PriceUpdateDate>
      <ItemCode>7290014673434</ItemCode>
      <ItemType>1</ItemType>
      <ItemName>פלפל שחור גרוס דק שקית 80 גר`</ItemName>
      <ManufactureName>א.ל.ייצור ושיווק תבלינים בעמ</ManufactureName>
      <ManufactureCountry />
      <ManufactureItemDescription />
      <UnitQty>יח`</UnitQty>
      <Quantity>0.80</Quantity>
      <UnitMeasure>100 גרם</UnitMeasure>
      <BisWeighted>0</BisWeighted>
      <QtyInPackage>1</QtyInPackage>
      <ItemPrice>9.90</ItemPrice>
      <UnitOfMeasurePrice>12.38</UnitOfMeasurePrice>
      <AllowDiscount>0</AllowDiscount>
      <itemStatus>1</itemStatus>
      <LastUpdateDate />
      <LastUpdateTime />
    </Product>
    <Product>
      <PriceUpdateDate>2018/07/25 13:24</PriceUpdateDate>
      <ItemCode>7290014692336</ItemCode>
      <ItemType>1</ItemType>
      <ItemName>שיני שום במי מלח 340 גרם</ItemName>
      <ManufactureName>ג.וילי-פוד אינטרנשיונל בעמ</ManufactureName>
      <ManufactureCountry />
      <ManufactureItemDescription />
      <UnitQty>יח`</UnitQty>
      <Quantity>3.40</Quantity>
      <UnitMeasure>100 גרם</UnitMeasure>
      <BisWeighted>0</BisWeighted>
      <QtyInPackage>1</QtyInPackage>
      <ItemPrice>11.90</ItemPrice>
      <UnitOfMeasurePrice>3.50</UnitOfMeasurePrice>
      <AllowDiscount>1</AllowDiscount>
      <itemStatus>1</itemStatus>
      <LastUpdateDate />
      <LastUpdateTime />
    </Product>
    <Product>
      <PriceUpdateDate>2018/04/24 11:45</PriceUpdateDate>
      <ItemCode>7290014692350</ItemCode>
      <ItemType>1</ItemType>
      <ItemName>עגבניות מיובשות בשמן 340 גר</ItemName>
      <ManufactureName>ג.וילי-פוד אינטרנשיונל בעמ</ManufactureName>
      <ManufactureCountry />
      <ManufactureItemDescription />
      <UnitQty>יח`</UnitQty>
      <Quantity>3.40</Quantity>
      <UnitMeasure>100 גרם</UnitMeasure>
      <BisWeighted>0</BisWeighted>
      <QtyInPackage>1</QtyInPackage>
      <ItemPrice>11.90</ItemPrice>
      <UnitOfMeasurePrice>3.50</UnitOfMeasurePrice>
      <AllowDiscount>1</AllowDiscount>
      <itemStatus>1</itemStatus>
      <LastUpdateDate />
      <LastUpdateTime />
    </Product>
    <Product>
      <PriceUpdateDate>2018/04/24 11:44</PriceUpdateDate>
      <ItemCode>7290014692541</ItemCode>
      <ItemType>1</ItemType>
      <ItemName>פתיתים מגורדת וילי פוד (500 גרם) GOLDEN</ItemName>
      <ManufactureName>ג.וילי-פוד אינטרנשיונל בעמ</ManufactureName>
      <ManufactureCountry />
      <ManufactureItemDescription />
      <UnitQty>יח`</UnitQty>
      <Quantity>5</Quantity>
      <UnitMeasure>100 גרם</UnitMeasure>
      <BisWeighted>0</BisWeighted>
      <QtyInPackage>1</QtyInPackage>
      <ItemPrice>21.90</ItemPrice>
      <UnitOfMeasurePrice>4.38</UnitOfMeasurePrice>
      <AllowDiscount>1</AllowDiscount>
      <itemStatus>1</itemStatus>
      <LastUpdateDate />
      <LastUpdateTime />
    </Product>
    <Product>
      <PriceUpdateDate>2018/04/24 11:40</PriceUpdateDate>
      <ItemCode>7290014692565</ItemCode>
      <ItemType>1</ItemType>
      <ItemName>גרעיני תירס מתוק וילי פוד (320 גרם)</ItemName>
      <ManufactureName>ג.וילי-פוד אינטרנשיונל בעמ</ManufactureName>
      <ManufactureCountry />
      <ManufactureItemDescription />
      <UnitQty>יח`</UnitQty>
      <Quantity>2.85</Quantity>
      <UnitMeasure>100 גרם</UnitMeasure>
      <BisWeighted>0</BisWeighted>
      <QtyInPackage>1</QtyInPackage>
      <ItemPrice>4.90</ItemPrice>
      <UnitOfMeasurePrice>1.72</UnitOfMeasurePrice>
      <AllowDiscount>0</AllowDiscount>
      <itemStatus>1</itemStatus>
      <LastUpdateDate />
      <LastUpdateTime />
    </Product>
    <Product>
      <PriceUpdateDate>2018/04/24 12:05</PriceUpdateDate>
      <ItemCode>7290014725294</ItemCode>
      <ItemType>1</ItemType>
      <ItemName>סוכרלוז סוכרזית (100)</ItemName>
      <ManufactureName>שטראוס גרופ בעמ</ManufactureName>
      <ManufactureCountry />
      <ManufactureItemDescription />
      <UnitQty>יח`</UnitQty>
      <Quantity>1</Quantity>
      <UnitMeasure>100 גרם</UnitMeasure>
      <BisWeighted>0</BisWeighted>
      <QtyInPackage>1</QtyInPackage>
      <ItemPrice>16.90</ItemPrice>
      <UnitOfMeasurePrice>16.90</UnitOfMeasurePrice>
      <AllowDiscount>0</AllowDiscount>
      <itemStatus>1</itemStatus>
      <LastUpdateDate />
      <LastUpdateTime />
    </Product>
    <Product>
      <PriceUpdateDate>2018/04/24 11:58</PriceUpdateDate>
      <ItemCode>7290014745599</ItemCode>
      <ItemType>1</ItemType>
      <ItemName>שניצל ביתי עם צ`יפס שמח 600 גר` עוף טוב</ItemName>
      <ManufactureName>קבוצת אסם סחר שות. מוגבלת</ManufactureName>
      <ManufactureCountry />
      <ManufactureItemDescription />
      <UnitQty>יח`</UnitQty>
      <Quantity>6</Quantity>
      <UnitMeasure>100 גרם</UnitMeasure>
      <BisWeighted>0</BisWeighted>
      <QtyInPackage>1</QtyInPackage>
      <ItemPrice>38.90</ItemPrice>
      <UnitOfMeasurePrice>6.48</UnitOfMeasurePrice>
      <AllowDiscount>1</AllowDiscount>
      <itemStatus>1</itemStatus>
      <LastUpdateDate />
      <LastUpdateTime />
    </Product>
    <Product>
      <PriceUpdateDate>2018/04/24 11:49</PriceUpdateDate>
      <ItemCode>7290014745919</ItemCode>
      <ItemType>1</ItemType>
      <ItemName>שניצל עוף דקיק קריספי 700 גר` עוף טוב</ItemName>
      <ManufactureName>קבוצת אסם סחר שות. מוגבלת</ManufactureName>
      <ManufactureCountry />
      <ManufactureItemDescription />
      <UnitQty>יח`</UnitQty>
      <Quantity>7</Quantity>
      <UnitMeasure>100 גרם</UnitMeasure>
      <BisWeighted>0</BisWeighted>
      <QtyInPackage>1</QtyInPackage>
      <ItemPrice>35.90</ItemPrice>
      <UnitOfMeasurePrice>5.13</UnitOfMeasurePrice>
      <AllowDiscount>1</AllowDiscount>
      <itemStatus>1</itemStatus>
      <LastUpdateDate />
      <LastUpdateTime />
    </Product>
    <Product>
      <PriceUpdateDate>2018/08/20 06:50</PriceUpdateDate>
      <ItemCode>7290014748729</ItemCode>
      <ItemType>1</ItemType>
      <ItemName>שניצל עוף ביתי  בטאץ`מתובל 600  גר`עוף ט</ItemName>
      <ManufactureName>קבוצת אסם סחר שות. מוגבלת</ManufactureName>
      <ManufactureCountry />
      <ManufactureItemDescription />
      <UnitQty>יח`</UnitQty>
      <Quantity>6</Quantity>
      <UnitMeasure>100 גרם</UnitMeasure>
      <BisWeighted>0</BisWeighted>
      <QtyInPackage>1</QtyInPackage>
      <ItemPrice>37.90</ItemPrice>
      <UnitOfMeasurePrice>6.32</UnitOfMeasurePrice>
      <AllowDiscount>0</AllowDiscount>
      <itemStatus>1</itemStatus>
      <LastUpdateDate />
      <LastUpdateTime />
    </Product>
    <Product>
      <PriceUpdateDate>2019/02/21 14:42</PriceUpdateDate>
      <ItemCode>7290014748927</ItemCode>
      <ItemType>1</ItemType>
      <ItemName>עוף טוב שניצל עוף אהבה בשחקים רכיביים טי</ItemName>
      <ManufactureName>קבוצת אסם סחר שות. מוגבלת</ManufactureName>
      <ManufactureCountry />
      <ManufactureItemDescription />
      <UnitQty>יח`</UnitQty>
      <Quantity>6</Quantity>
      <UnitMeasure>100 גרם</UnitMeasure>
      <BisWeighted>0</BisWeighted>
      <QtyInPackage>1</QtyInPackage>
      <ItemPrice>32.90</ItemPrice>
      <UnitOfMeasurePrice>5.48</UnitOfMeasurePrice>
      <AllowDiscount>0</AllowDiscount>
      <itemStatus>1</itemStatus>
      <LastUpdateDate />
      <LastUpdateTime />
    </Product>
    <Product>
      <PriceUpdateDate>2019/11/14 14:34</PriceUpdateDate>
      <ItemCode>7290014749139</ItemCode>
      <ItemType>1</ItemType>
      <ItemName>שניצל מיני דקיק מצופה 500  גר`עוף טוב</ItemName>
      <ManufactureName>קבוצת אסם סחר שות. מוגבלת</ManufactureName>
      <ManufactureCountry />
      <ManufactureItemDescription />
      <UnitQty>יח`</UnitQty>
      <Quantity>5</Quantity>
      <UnitMeasure>100 גרם</UnitMeasure>
      <BisWeighted>0</BisWeighted>
      <QtyInPackage>1</QtyInPackage>
      <ItemPrice>27.90</ItemPrice>
      <UnitOfMeasurePrice>5.58</UnitOfMeasurePrice>
      <AllowDiscount>0</AllowDiscount>
      <itemStatus>1</itemStatus>
      <LastUpdateDate />
      <LastUpdateTime />
    </Product>
    <Product>
      <PriceUpdateDate>2018/08/08 12:35</PriceUpdateDate>
      <ItemCode>7290014758100</ItemCode>
      <ItemType>1</ItemType>
      <ItemName>יוגורט ביו 3% תנובה (150x8 גרם)</ItemName>
      <ManufactureName>תנובה - חלב</ManufactureName>
      <ManufactureCountry />
      <ManufactureItemDescription />
      <UnitQty>יח`</UnitQty>
      <Quantity>12</Quantity>
      <UnitMeasure>100 גרם</UnitMeasure>
      <BisWeighted>0</BisWeighted>
      <QtyInPackage>1</QtyInPackage>
      <ItemPrice>16.50</ItemPrice>
      <UnitOfMeasurePrice>1.38</UnitOfMeasurePrice>
      <AllowDiscount>1</AllowDiscount>
      <itemStatus>1</itemStatus>
      <LastUpdateDate />
      <LastUpdateTime />
    </Product>
    <Product>
      <PriceUpdateDate>2018/08/08 12:35</PriceUpdateDate>
      <ItemCode>7290014758117</ItemCode>
      <ItemType>1</ItemType>
      <ItemName>יוגורט ביו 1.5% תנובה (150x8 גרם)</ItemName>
      <ManufactureName>תנובה - חלב</ManufactureName>
      <ManufactureCountry />
      <ManufactureItemDescription />
      <UnitQty>יח`</UnitQty>
      <Quantity>12</Quantity>
      <UnitMeasure>100 גרם</UnitMeasure>
      <BisWeighted>0</BisWeighted>
      <QtyInPackage>1</QtyInPackage>
      <ItemPrice>16.50</ItemPrice>
      <UnitOfMeasurePrice>1.38</UnitOfMeasurePrice>
      <AllowDiscount>1</AllowDiscount>
      <itemStatus>1</itemStatus>
      <LastUpdateDate />
      <LastUpdateTime />
    </Product>
    <Product>
      <PriceUpdateDate>2018/08/08 12:35</PriceUpdateDate>
      <ItemCode>7290014758148</ItemCode>
      <ItemType>1</ItemType>
      <ItemName>סמי גלבוע 400 גר</ItemName>
      <ManufactureName>תנובה - חלב</ManufactureName>
      <ManufactureCountry />
      <ManufactureItemDescription />
      <UnitQty>יח`</UnitQty>
      <Quantity>4</Quantity>
      <UnitMeasure>100 גרם</UnitMeasure>
      <BisWeighted>0</BisWeighted>
      <QtyInPackage>1</QtyInPackage>
      <ItemPrice>20.50</ItemPrice>
      <UnitOfMeasurePrice>5.13</UnitOfMeasurePrice>
      <AllowDiscount>0</AllowDiscount>
      <itemStatus>1</itemStatus>
      <LastUpdateDate />
      <LastUpdateTime />
    </Product>
    <Product>
      <PriceUpdateDate>2019/01/07 10:57</PriceUpdateDate>
      <ItemCode>7290014758162</ItemCode>
      <ItemType>1</ItemType>
      <ItemName>חלב עיזים מלא 3.6% שומן תנובה (1 ליטר)</ItemName>
      <ManufactureName>תנובה - חלב</ManufactureName>
      <ManufactureCountry />
      <ManufactureItemDescription />
      <UnitQty>יח`</UnitQty>
      <Quantity>1</Quantity>
      <UnitMeasure>1 ליטר</UnitMeasure>
      <BisWeighted>0</BisWeighted>
      <QtyInPackage>1</QtyInPackage>
      <ItemPrice>15</ItemPrice>
      <UnitOfMeasurePrice>15</UnitOfMeasurePrice>
      <AllowDiscount>0</AllowDiscount>
      <itemStatus>1</itemStatus>
      <LastUpdateDate />
      <LastUpdateTime />
    </Product>
    <Product>
      <PriceUpdateDate>2018/08/08 12:35</PriceUpdateDate>
      <ItemCode>7290014759084</ItemCode>
      <ItemType>1</ItemType>
      <ItemName>גבינת נפוליאון 225 גר` 16% גביע</ItemName>
      <ManufactureName>תנובה - חלב</ManufactureName>
      <ManufactureCountry />
      <ManufactureItemDescription />
      <UnitQty>יח`</UnitQty>
      <Quantity>2.25</Quantity>
      <UnitMeasure>100 גרם</UnitMeasure>
      <BisWeighted>0</BisWeighted>
      <QtyInPackage>1</QtyInPackage>
      <ItemPrice>13.90</ItemPrice>
      <UnitOfMeasurePrice>6.18</UnitOfMeasurePrice>
      <AllowDiscount>0</AllowDiscount>
      <itemStatus>1</itemStatus>
      <LastUpdateDate />
      <LastUpdateTime />
    </Product>
    <Product>
      <PriceUpdateDate>2018/08/08 12:35</PriceUpdateDate>
      <ItemCode>7290014759978</ItemCode>
      <ItemType>1</ItemType>
      <ItemName>קצ`קאבל פלח 200 גר</ItemName>
      <ManufactureName>תנובה - חלב</ManufactureName>
      <ManufactureCountry />
      <ManufactureItemDescription />
      <UnitQty>יח`</UnitQty>
      <Quantity>2</Quantity>
      <UnitMeasure>100 גרם</UnitMeasure>
      <BisWeighted>0</BisWeighted>
      <QtyInPackage>1</QtyInPackage>
      <ItemPrice>25.50</ItemPrice>
      <UnitOfMeasurePrice>12.75</UnitOfMeasurePrice>
      <AllowDiscount>0</AllowDiscount>
      <itemStatus>1</itemStatus>
      <LastUpdateDate />
      <LastUpdateTime />
    </Product>
    <Product>
      <PriceUpdateDate>2018/08/08 12:35</PriceUpdateDate>
      <ItemCode>7290014759992</ItemCode>
      <ItemType>1</ItemType>
      <ItemName>קולאז רוקפור/גליל תנובה (140 גרם)</ItemName>
      <ManufactureName>תנובה - חלב</ManufactureName>
      <ManufactureCountry />
      <ManufactureItemDescription />
      <UnitQty>יח`</UnitQty>
      <Quantity>2</Quantity>
      <UnitMeasure>100 גרם</UnitMeasure>
      <BisWeighted>0</BisWeighted>
      <QtyInPackage>1</QtyInPackage>
      <ItemPrice>18.90</ItemPrice>
      <UnitOfMeasurePrice>9.45</UnitOfMeasurePrice>
      <AllowDiscount>0</AllowDiscount>
      <itemStatus>1</itemStatus>
      <LastUpdateDate />
      <LastUpdateTime />
    </Product>
    <Product>
      <PriceUpdateDate>2018/04/24 12:27</PriceUpdateDate>
      <ItemCode>7290014760141</ItemCode>
      <ItemType>1</ItemType>
      <ItemName>משקה שקדים טרי תנובה (1 ליטר)</ItemName>
      <ManufactureName>תנובה - חלב</ManufactureName>
      <ManufactureCountry />
      <ManufactureItemDescription />
      <UnitQty>יח`</UnitQty>
      <Quantity>10</Quantity>
      <UnitMeasure>100 מ"ל</UnitMeasure>
      <BisWeighted>0</BisWeighted>
      <QtyInPackage>1</QtyInPackage>
      <ItemPrice>11.90</ItemPrice>
      <UnitOfMeasurePrice>1.19</UnitOfMeasurePrice>
      <AllowDiscount>1</AllowDiscount>
      <itemStatus>1</itemStatus>
      <LastUpdateDate />
      <LastUpdateTime />
    </Product>
    <Product>
      <PriceUpdateDate>2018/08/08 12:35</PriceUpdateDate>
      <ItemCode>7290014760448</ItemCode>
      <ItemType>1</ItemType>
      <ItemName>גבינה צהובה 22% שומן גלבוע (400 גרם)</ItemName>
      <ManufactureName>תנובה - חלב</ManufactureName>
      <ManufactureCountry />
      <ManufactureItemDescription />
      <UnitQty>יח`</UnitQty>
      <Quantity>4</Quantity>
      <UnitMeasure>100 גרם</UnitMeasure>
      <BisWeighted>0</BisWeighted>
      <QtyInPackage>1</QtyInPackage>
      <ItemPrice>22.90</ItemPrice>
      <UnitOfMeasurePrice>5.73</UnitOfMeasurePrice>
      <AllowDiscount>0</AllowDiscount>
      <itemStatus>1</itemStatus>
      <LastUpdateDate />
      <LastUpdateTime />
    </Product>
    <Product>
      <PriceUpdateDate>2018/08/08 12:35</PriceUpdateDate>
      <ItemCode>7290014761056</ItemCode>
      <ItemType>1</ItemType>
      <ItemName>מעדן שוקולד חלב יולו (123 גרם)</ItemName>
      <ManufactureName>תנובה - חלב</ManufactureName>
      <ManufactureCountry />
      <ManufactureItemDescription />
      <UnitQty>יח`</UnitQty>
      <Quantity>1.23</Quantity>
      <UnitMeasure>100 מ"ל</UnitMeasure>
      <BisWeighted>0</BisWeighted>
      <QtyInPackage>1</QtyInPackage>
      <ItemPrice>4.50</ItemPrice>
      <UnitOfMeasurePrice>3.66</UnitOfMeasurePrice>
      <AllowDiscount>1</AllowDiscount>
      <itemStatus>1</itemStatus>
      <LastUpdateDate />
      <LastUpdateTime />
    </Product>
    <Product>
      <PriceUpdateDate>2018/08/08 12:35</PriceUpdateDate>
      <ItemCode>7290014761070</ItemCode>
      <ItemType>1</ItemType>
      <ItemName>מעדן שוקולד לבן יולו (123 גרם)</ItemName>
      <ManufactureName>תנובה - חלב</ManufactureName>
      <ManufactureCountry />
      <ManufactureItemDescription />
      <UnitQty>יח`</UnitQty>
      <Quantity>1.23</Quantity>
      <UnitMeasure>100 מ"ל</UnitMeasure>
      <BisWeighted>0</BisWeighted>
      <QtyInPackage>1</QtyInPackage>
      <ItemPrice>4.50</ItemPrice>
      <UnitOfMeasurePrice>3.66</UnitOfMeasurePrice>
      <AllowDiscount>1</AllowDiscount>
      <itemStatus>1</itemStatus>
      <LastUpdateDate />
      <LastUpdateTime />
    </Product>
    <Product>
      <PriceUpdateDate>2018/08/08 12:35</PriceUpdateDate>
      <ItemCode>7290014761414</ItemCode>
      <ItemType>1</ItemType>
      <ItemName>יולו מעדן שכבות שוקולד חלבי לבן</ItemName>
      <ManufactureName>תנובה - חלב</ManufactureName>
      <ManufactureCountry />
      <ManufactureItemDescription />
      <UnitQty>יח`</UnitQty>
      <Quantity>1.23</Quantity>
      <UnitMeasure>100 מ"ל</UnitMeasure>
      <BisWeighted>0</BisWeighted>
      <QtyInPackage>1</QtyInPackage>
      <ItemPrice>4.50</ItemPrice>
      <UnitOfMeasurePrice>3.66</UnitOfMeasurePrice>
      <AllowDiscount>1</AllowDiscount>
      <itemStatus>1</itemStatus>
      <LastUpdateDate />
      <LastUpdateTime />
    </Product>
    <Product>
      <PriceUpdateDate>2018/08/08 12:35</PriceUpdateDate>
      <ItemCode>7290014761612</ItemCode>
      <ItemType>1</ItemType>
      <ItemName>יולו מעדן שכבות שוקולד מריר לבן</ItemName>
      <ManufactureName>תנובה - חלב</ManufactureName>
      <ManufactureCountry />
      <ManufactureItemDescription />
      <UnitQty>יח`</UnitQty>
      <Quantity>1.23</Quantity>
      <UnitMeasure>100 מ"ל</UnitMeasure>
      <BisWeighted>0</BisWeighted>
      <QtyInPackage>1</QtyInPackage>
      <ItemPrice>4.50</ItemPrice>
      <UnitOfMeasurePrice>3.66</UnitOfMeasurePrice>
      <AllowDiscount>1</AllowDiscount>
      <itemStatus>1</itemStatus>
      <LastUpdateDate />
      <LastUpdateTime />
    </Product>
    <Product>
      <PriceUpdateDate>2018/04/24 12:32</PriceUpdateDate>
      <ItemCode>7290014762282</ItemCode>
      <ItemType>1</ItemType>
      <ItemName>דייאט יופלה 0% אוכמניות בתחתית</ItemName>
      <ManufactureName>תנובה - חלב</ManufactureName>
      <ManufactureCountry />
      <ManufactureItemDescription />
      <UnitQty>יח`</UnitQty>
      <Quantity>1.50</Quantity>
      <UnitMeasure>100 גרם</UnitMeasure>
      <BisWeighted>0</BisWeighted>
      <QtyInPackage>1</QtyInPackage>
      <ItemPrice>4.90</ItemPrice>
      <UnitOfMeasurePrice>3.27</UnitOfMeasurePrice>
      <AllowDiscount>1</AllowDiscount>
      <itemStatus>1</itemStatus>
      <LastUpdateDate />
      <LastUpdateTime />
    </Product>
    <Product>
      <PriceUpdateDate>2018/08/08 12:35</PriceUpdateDate>
      <ItemCode>7290014762756</ItemCode>
      <ItemType>1</ItemType>
      <ItemName>גבינת שמנת 16% עם בצל נפוליאון (225 גרם)</ItemName>
      <ManufactureName>תנובה - חלב</ManufactureName>
      <ManufactureCountry />
      <ManufactureItemDescription />
      <UnitQty>יח`</UnitQty>
      <Quantity>2.25</Quantity>
      <UnitMeasure>100 גרם</UnitMeasure>
      <BisWeighted>0</BisWeighted>
      <QtyInPackage>1</QtyInPackage>
      <ItemPrice>13.90</ItemPrice>
      <UnitOfMeasurePrice>6.18</UnitOfMeasurePrice>
      <AllowDiscount>0</AllowDiscount>
      <itemStatus>1</itemStatus>
      <LastUpdateDate />
      <LastUpdateTime />
    </Product>
    <Product>
      <PriceUpdateDate>2018/04/24 13:10</PriceUpdateDate>
      <ItemCode>7290014762770</ItemCode>
      <ItemType>1</ItemType>
      <ItemName>מעדן סויה טעם אפרסק</ItemName>
      <ManufactureName>תנובה - חלב</ManufactureName>
      <ManufactureCountry />
      <ManufactureItemDescription />
      <UnitQty>יח`</UnitQty>
      <Quantity>1.25</Quantity>
      <UnitMeasure>100 גרם</UnitMeasure>
      <BisWeighted>0</BisWeighted>
      <QtyInPackage>1</QtyInPackage>
      <ItemPrice>3.90</ItemPrice>
      <UnitOfMeasurePrice>3.12</UnitOfMeasurePrice>
      <AllowDiscount>0</AllowDiscount>
      <itemStatus>1</itemStatus>
      <LastUpdateDate />
      <LastUpdateTime />
    </Product>
    <Product>
      <PriceUpdateDate>2018/04/24 13:10</PriceUpdateDate>
      <ItemCode>7290014762787</ItemCode>
      <ItemType>1</ItemType>
      <ItemName>מעדן סויה טעם תות</ItemName>
      <ManufactureName>תנובה - חלב</ManufactureName>
      <ManufactureCountry />
      <ManufactureItemDescription />
      <UnitQty>יח`</UnitQty>
      <Quantity>1.25</Quantity>
      <UnitMeasure>100 גרם</UnitMeasure>
      <BisWeighted>0</BisWeighted>
      <QtyInPackage>1</QtyInPackage>
      <ItemPrice>3.90</ItemPrice>
      <UnitOfMeasurePrice>3.12</UnitOfMeasurePrice>
      <AllowDiscount>0</AllowDiscount>
      <itemStatus>1</itemStatus>
      <LastUpdateDate />
      <LastUpdateTime />
    </Product>
    <Product>
      <PriceUpdateDate>2018/04/24 13:10</PriceUpdateDate>
      <ItemCode>7290014762794</ItemCode>
      <ItemType>1</ItemType>
      <ItemName>מעדן סויה במתיקות מעודנת</ItemName>
      <ManufactureName>תנובה - חלב</ManufactureName>
      <ManufactureCountry />
      <ManufactureItemDescription />
      <UnitQty>יח`</UnitQty>
      <Quantity>1.25</Quantity>
      <UnitMeasure>100 גרם</UnitMeasure>
      <BisWeighted>0</BisWeighted>
      <QtyInPackage>1</QtyInPackage>
      <ItemPrice>3.90</ItemPrice>
      <UnitOfMeasurePrice>3.12</UnitOfMeasurePrice>
      <AllowDiscount>0</AllowDiscount>
      <itemStatus>1</itemStatus>
      <LastUpdateDate />
      <LastUpdateTime />
    </Product>
    <Product>
      <PriceUpdateDate>2018/04/24 13:10</PriceUpdateDate>
      <ItemCode>7290014762800</ItemCode>
      <ItemType>1</ItemType>
      <ItemName>מעדן סויה טעם שוקולד</ItemName>
      <ManufactureName>תנובה - חלב</ManufactureName>
      <ManufactureCountry />
      <ManufactureItemDescription />
      <UnitQty>יח`</UnitQty>
      <Quantity>1.25</Quantity>
      <UnitMeasure>100 גרם</UnitMeasure>
      <BisWeighted>0</BisWeighted>
      <QtyInPackage>1</QtyInPackage>
      <ItemPrice>3.90</ItemPrice>
      <UnitOfMeasurePrice>3.12</UnitOfMeasurePrice>
      <AllowDiscount>0</AllowDiscount>
      <itemStatus>1</itemStatus>
      <LastUpdateDate />
      <LastUpdateTime />
    </Product>
    <Product>
      <PriceUpdateDate>2018/04/24 13:01</PriceUpdateDate>
      <ItemCode>7290014762848</ItemCode>
      <ItemType>1</ItemType>
      <ItemName>פתיתי גלבוע 22% 500 גר</ItemName>
      <ManufactureName>תנובה - חלב</ManufactureName>
      <ManufactureCountry />
      <ManufactureItemDescription />
      <UnitQty>יח`</UnitQty>
      <Quantity>5</Quantity>
      <UnitMeasure>100 גרם</UnitMeasure>
      <BisWeighted>0</BisWeighted>
      <QtyInPackage>1</QtyInPackage>
      <ItemPrice>33.90</ItemPrice>
      <UnitOfMeasurePrice>6.78</UnitOfMeasurePrice>
      <AllowDiscount>0</AllowDiscount>
      <itemStatus>1</itemStatus>
      <LastUpdateDate />
      <LastUpdateTime />
    </Product>
    <Product>
      <PriceUpdateDate>2018/08/08 12:35</PriceUpdateDate>
      <ItemCode>7290014763098</ItemCode>
      <ItemType>1</ItemType>
      <ItemName>קרם גבינה שמנת 5% טוסקנה 200 גרם</ItemName>
      <ManufactureName>תנובה - חלב</ManufactureName>
      <ManufactureCountry />
      <ManufactureItemDescription />
      <UnitQty>יח`</UnitQty>
      <Quantity>2</Quantity>
      <UnitMeasure>100 גרם</UnitMeasure>
      <BisWeighted>0</BisWeighted>
      <QtyInPackage>1</QtyInPackage>
      <ItemPrice>11.50</ItemPrice>
      <UnitOfMeasurePrice>5.75</UnitOfMeasurePrice>
      <AllowDiscount>0</AllowDiscount>
      <itemStatus>1</itemStatus>
      <LastUpdateDate />
      <LastUpdateTime />
    </Product>
    <Product>
      <PriceUpdateDate>2018/08/08 12:35</PriceUpdateDate>
      <ItemCode>7290014763319</ItemCode>
      <ItemType>1</ItemType>
      <ItemName>גבינת קרם שמנת 5% עירית ובצל</ItemName>
      <ManufactureName>תנובה - חלב</ManufactureName>
      <ManufactureCountry />
      <ManufactureItemDescription />
      <UnitQty>יח`</UnitQty>
      <Quantity>2</Quantity>
      <UnitMeasure>100 גרם</UnitMeasure>
      <BisWeighted>0</BisWeighted>
      <QtyInPackage>1</QtyInPackage>
      <ItemPrice>11.50</ItemPrice>
      <UnitOfMeasurePrice>5.75</UnitOfMeasurePrice>
      <AllowDiscount>0</AllowDiscount>
      <itemStatus>1</itemStatus>
      <LastUpdateDate />
      <LastUpdateTime />
    </Product>
    <Product>
      <PriceUpdateDate>2018/04/24 12:39</PriceUpdateDate>
      <ItemCode>7290014763401</ItemCode>
      <ItemType>1</ItemType>
      <ItemName>משקה סויה BIO עם אפרסק בתוספת חיידקי יוג</ItemName>
      <ManufactureName>תנובה - חלב</ManufactureName>
      <ManufactureCountry />
      <ManufactureItemDescription />
      <UnitQty>יח`</UnitQty>
      <Quantity>2.50</Quantity>
      <UnitMeasure>100 גרם</UnitMeasure>
      <BisWeighted>0</BisWeighted>
      <QtyInPackage>1</QtyInPackage>
      <ItemPrice>5.30</ItemPrice>
      <UnitOfMeasurePrice>2.12</UnitOfMeasurePrice>
      <AllowDiscount>0</AllowDiscount>
      <itemStatus>1</itemStatus>
      <LastUpdateDate />
      <LastUpdateTime />
    </Product>
    <Product>
      <PriceUpdateDate>2018/04/24 13:09</PriceUpdateDate>
      <ItemCode>7290014763579</ItemCode>
      <ItemType>1</ItemType>
      <ItemName>מעדן סויה ביו בטעם פירות יער 125 גר`</ItemName>
      <ManufactureName>תנובה - חלב</ManufactureName>
      <ManufactureCountry />
      <ManufactureItemDescription />
      <UnitQty>יח`</UnitQty>
      <Quantity>1.25</Quantity>
      <UnitMeasure>100 גרם</UnitMeasure>
      <BisWeighted>0</BisWeighted>
      <QtyInPackage>1</QtyInPackage>
      <ItemPrice>3.90</ItemPrice>
      <UnitOfMeasurePrice>3.12</UnitOfMeasurePrice>
      <AllowDiscount>0</AllowDiscount>
      <itemStatus>1</itemStatus>
      <LastUpdateDate />
      <LastUpdateTime />
    </Product>
    <Product>
      <PriceUpdateDate>2018/04/24 12:57</PriceUpdateDate>
      <ItemCode>7290014763678</ItemCode>
      <ItemType>1</ItemType>
      <ItemName>משקה טעם וניל תנובה GO</ItemName>
      <ManufactureName>תנובה - חלב</ManufactureName>
      <ManufactureCountry />
      <ManufactureItemDescription />
      <UnitQty>יח`</UnitQty>
      <Quantity>2.50</Quantity>
      <UnitMeasure>100 מ"ל</UnitMeasure>
      <BisWeighted>0</BisWeighted>
      <QtyInPackage>1</QtyInPackage>
      <ItemPrice>5.90</ItemPrice>
      <UnitOfMeasurePrice>2.36</UnitOfMeasurePrice>
      <AllowDiscount>1</AllowDiscount>
      <itemStatus>1</itemStatus>
      <LastUpdateDate />
      <LastUpdateTime />
    </Product>
    <Product>
      <PriceUpdateDate>2018/04/24 11:54</PriceUpdateDate>
      <ItemCode>7290014785069</ItemCode>
      <ItemType>1</ItemType>
      <ItemName>מירין משובח טעמי אסיה (250 מל)</ItemName>
      <ManufactureName>טעמי אסיה בעמ</ManufactureName>
      <ManufactureCountry />
      <ManufactureItemDescription />
      <UnitQty>יח`</UnitQty>
      <Quantity>2.50</Quantity>
      <UnitMeasure>100 מ"ל</UnitMeasure>
      <BisWeighted>0</BisWeighted>
      <QtyInPackage>1</QtyInPackage>
      <ItemPrice>14.90</ItemPrice>
      <UnitOfMeasurePrice>5.96</UnitOfMeasurePrice>
      <AllowDiscount>0</AllowDiscount>
      <itemStatus>1</itemStatus>
      <LastUpdateDate />
      <LastUpdateTime />
    </Product>
    <Product>
      <PriceUpdateDate>2018/04/24 12:12</PriceUpdateDate>
      <ItemCode>7290014785076</ItemCode>
      <ItemType>1</ItemType>
      <ItemName>קרם קוקוס ללא חומר משמר 400מל כשר</ItemName>
      <ManufactureName>טעמי אסיה בעמ</ManufactureName>
      <ManufactureCountry />
      <ManufactureItemDescription />
      <UnitQty>יח`</UnitQty>
      <Quantity>4</Quantity>
      <UnitMeasure>100 מ"ל</UnitMeasure>
      <BisWeighted>0</BisWeighted>
      <QtyInPackage>1</QtyInPackage>
      <ItemPrice>9.90</ItemPrice>
      <UnitOfMeasurePrice>2.48</UnitOfMeasurePrice>
      <AllowDiscount>0</AllowDiscount>
      <itemStatus>1</itemStatus>
      <LastUpdateDate />
      <LastUpdateTime />
    </Product>
    <Product>
      <PriceUpdateDate>2018/04/24 11:54</PriceUpdateDate>
      <ItemCode>7290014785113</ItemCode>
      <ItemType>1</ItemType>
      <ItemName>רוטב טריאקי טעמי אסיה (500 מל)</ItemName>
      <ManufactureName>טעמי אסיה בעמ</ManufactureName>
      <ManufactureCountry />
      <ManufactureItemDescription />
      <UnitQty>יח`</UnitQty>
      <Quantity>5</Quantity>
      <UnitMeasure>100 מ"ל</UnitMeasure>
      <BisWeighted>0</BisWeighted>
      <QtyInPackage>1</QtyInPackage>
      <ItemPrice>14.90</ItemPrice>
      <UnitOfMeasurePrice>2.98</UnitOfMeasurePrice>
      <AllowDiscount>0</AllowDiscount>
      <itemStatus>1</itemStatus>
      <LastUpdateDate />
      <LastUpdateTime />
    </Product>
    <Product>
      <PriceUpdateDate>2019/06/20 09:35</PriceUpdateDate>
      <ItemCode>7290014785588</ItemCode>
      <ItemType>1</ItemType>
      <ItemName>אטריות ראמן מוכנות 180 גר`</ItemName>
      <ManufactureName>טעמי אסיה בעמ</ManufactureName>
      <ManufactureCountry />
      <ManufactureItemDescription />
      <UnitQty>יח`</UnitQty>
      <Quantity>1.80</Quantity>
      <UnitMeasure>100 גרם</UnitMeasure>
      <BisWeighted>0</BisWeighted>
      <QtyInPackage>1</QtyInPackage>
      <ItemPrice>4.90</ItemPrice>
      <UnitOfMeasurePrice>2.72</UnitOfMeasurePrice>
      <AllowDiscount>1</AllowDiscount>
      <itemStatus>1</itemStatus>
      <LastUpdateDate />
      <LastUpdateTime />
    </Product>
    <Product>
      <PriceUpdateDate>2019/01/13 07:26</PriceUpdateDate>
      <ItemCode>7290014785991</ItemCode>
      <ItemType>1</ItemType>
      <ItemName>רוטב סויה ללא גולטן 500 מל טעמי אסיה</ItemName>
      <ManufactureName>טעמי אסיה בעמ</ManufactureName>
      <ManufactureCountry />
      <ManufactureItemDescription />
      <UnitQty>יח`</UnitQty>
      <Quantity>5</Quantity>
      <UnitMeasure>100 מ"ל</UnitMeasure>
      <BisWeighted>0</BisWeighted>
      <QtyInPackage>1</QtyInPackage>
      <ItemPrice>13.90</ItemPrice>
      <UnitOfMeasurePrice>2.78</UnitOfMeasurePrice>
      <AllowDiscount>0</AllowDiscount>
      <itemStatus>1</itemStatus>
      <LastUpdateDate />
      <LastUpdateTime />
    </Product>
    <Product>
      <PriceUpdateDate>2019/01/14 09:58</PriceUpdateDate>
      <ItemCode>7290014791213</ItemCode>
      <ItemType>1</ItemType>
      <ItemName>שוופס ווטר 0 קלוריות תפוח 1.5 ליטר</ItemName>
      <ManufactureName>יפאורה</ManufactureName>
      <ManufactureCountry />
      <ManufactureItemDescription />
      <UnitQty>יח`</UnitQty>
      <Quantity>15</Quantity>
      <UnitMeasure>100 מ"ל</UnitMeasure>
      <BisWeighted>0</BisWeighted>
      <QtyInPackage>1</QtyInPackage>
      <ItemPrice>6.30</ItemPrice>
      <UnitOfMeasurePrice>0.42</UnitOfMeasurePrice>
      <AllowDiscount>1</AllowDiscount>
      <itemStatus>1</itemStatus>
      <LastUpdateDate />
      <LastUpdateTime />
    </Product>
    <Product>
      <PriceUpdateDate>2020/02/24 08:44</PriceUpdateDate>
      <ItemCode>7290014791558</ItemCode>
      <ItemType>1</ItemType>
      <ItemName>רביעייה שוופס סודה נענע ליים 1.5 ליטר</ItemName>
      <ManufactureName>יפאורה</ManufactureName>
      <ManufactureCountry />
      <ManufactureItemDescription />
      <UnitQty>יח`</UnitQty>
      <Quantity>6</Quantity>
      <UnitMeasure>1 ליטר</UnitMeasure>
      <BisWeighted>0</BisWeighted>
      <QtyInPackage>1</QtyInPackage>
      <ItemPrice>11</ItemPrice>
      <UnitOfMeasurePrice>1.83</UnitOfMeasurePrice>
      <AllowDiscount>0</AllowDiscount>
      <itemStatus>1</itemStatus>
      <LastUpdateDate />
      <LastUpdateTime />
    </Product>
    <Product>
      <PriceUpdateDate>2019/03/24 20:17</PriceUpdateDate>
      <ItemCode>7290014791589</ItemCode>
      <ItemType>1</ItemType>
      <ItemName>משקה קל לימונדה נענע תפוזינה (1.5 ליטר)</ItemName>
      <ManufactureName>יפאורה</ManufactureName>
      <ManufactureCountry />
      <ManufactureItemDescription />
      <UnitQty>יח`</UnitQty>
      <Quantity>15</Quantity>
      <UnitMeasure>100 מ"ל</UnitMeasure>
      <BisWeighted>0</BisWeighted>
      <QtyInPackage>1</QtyInPackage>
      <ItemPrice>6.50</ItemPrice>
      <UnitOfMeasurePrice>0.43</UnitOfMeasurePrice>
      <AllowDiscount>1</AllowDiscount>
      <itemStatus>1</itemStatus>
      <LastUpdateDate />
      <LastUpdateTime />
    </Product>
    <Product>
      <PriceUpdateDate>2018/04/24 12:30</PriceUpdateDate>
      <ItemCode>7290014791619</ItemCode>
      <ItemType>1</ItemType>
      <ItemName>שוופס סודה נענע ליים 1.5 ליטר</ItemName>
      <ManufactureName>יפאורה</ManufactureName>
      <ManufactureCountry />
      <ManufactureItemDescription />
      <UnitQty>יח`</UnitQty>
      <Quantity>15</Quantity>
      <UnitMeasure>100 מ"ל</UnitMeasure>
      <BisWeighted>0</BisWeighted>
      <QtyInPackage>1</QtyInPackage>
      <ItemPrice>3.90</ItemPrice>
      <UnitOfMeasurePrice>0.26</UnitOfMeasurePrice>
      <AllowDiscount>1</AllowDiscount>
      <itemStatus>1</itemStatus>
      <LastUpdateDate />
      <LastUpdateTime />
    </Product>
    <Product>
      <PriceUpdateDate>2018/04/24 12:39</PriceUpdateDate>
      <ItemCode>7290014791787</ItemCode>
      <ItemType>1</ItemType>
      <ItemName>משקה בטעם אננס פרוט ווטר (1.5 ליטר)</ItemName>
      <ManufactureName>יפאורה</ManufactureName>
      <ManufactureCountry />
      <ManufactureItemDescription />
      <UnitQty>יח`</UnitQty>
      <Quantity>15</Quantity>
      <UnitMeasure>100 מ"ל</UnitMeasure>
      <BisWeighted>0</BisWeighted>
      <QtyInPackage>1</QtyInPackage>
      <ItemPrice>6.90</ItemPrice>
      <UnitOfMeasurePrice>0.46</UnitOfMeasurePrice>
      <AllowDiscount>1</AllowDiscount>
      <itemStatus>1</itemStatus>
      <LastUpdateDate />
      <LastUpdateTime />
    </Product>
    <Product>
      <PriceUpdateDate>2018/04/24 12:39</PriceUpdateDate>
      <ItemCode>7290014791800</ItemCode>
      <ItemType>1</ItemType>
      <ItemName>משקה בטעם אפרסק פרוט ווטר (1.5 ליטר)</ItemName>
      <ManufactureName>יפאורה</ManufactureName>
      <ManufactureCountry />
      <ManufactureItemDescription />
      <UnitQty>יח`</UnitQty>
      <Quantity>15</Quantity>
      <UnitMeasure>100 מ"ל</UnitMeasure>
      <BisWeighted>0</BisWeighted>
      <QtyInPackage>1</QtyInPackage>
      <ItemPrice>6.90</ItemPrice>
      <UnitOfMeasurePrice>0.46</UnitOfMeasurePrice>
      <AllowDiscount>1</AllowDiscount>
      <itemStatus>1</itemStatus>
      <LastUpdateDate />
      <LastUpdateTime />
    </Product>
    <Product>
      <PriceUpdateDate>2018/04/24 12:39</PriceUpdateDate>
      <ItemCode>7290014791817</ItemCode>
      <ItemType>1</ItemType>
      <ItemName>משקה בטעם אבטיח פרוט ווטר (1.5 ליטר)</ItemName>
      <ManufactureName>יפאורה</ManufactureName>
      <ManufactureCountry />
      <ManufactureItemDescription />
      <UnitQty>יח`</UnitQty>
      <Quantity>15</Quantity>
      <UnitMeasure>100 מ"ל</UnitMeasure>
      <BisWeighted>0</BisWeighted>
      <QtyInPackage>1</QtyInPackage>
      <ItemPrice>6.90</ItemPrice>
      <UnitOfMeasurePrice>0.46</UnitOfMeasurePrice>
      <AllowDiscount>1</AllowDiscount>
      <itemStatus>1</itemStatus>
      <LastUpdateDate />
      <LastUpdateTime />
    </Product>
    <Product>
      <PriceUpdateDate>2018/04/24 12:18</PriceUpdateDate>
      <ItemCode>7290014791824</ItemCode>
      <ItemType>1</ItemType>
      <ItemName>משקה בטעם תות פרוט ווטר (1.5 ליטר)</ItemName>
      <ManufactureName>יפאורה</ManufactureName>
      <ManufactureCountry />
      <ManufactureItemDescription />
      <UnitQty>יח`</UnitQty>
      <Quantity>15</Quantity>
      <UnitMeasure>100 מ"ל</UnitMeasure>
      <BisWeighted>0</BisWeighted>
      <QtyInPackage>1</QtyInPackage>
      <ItemPrice>6.90</ItemPrice>
      <UnitOfMeasurePrice>0.46</UnitOfMeasurePrice>
      <AllowDiscount>1</AllowDiscount>
      <itemStatus>1</itemStatus>
      <LastUpdateDate />
      <LastUpdateTime />
    </Product>
    <Product>
      <PriceUpdateDate>2018/04/24 12:46</PriceUpdateDate>
      <ItemCode>7290014855427</ItemCode>
      <ItemType>1</ItemType>
      <ItemName>בייביסיטר פרפורמנס 72 מבושם</ItemName>
      <ManufactureName>שקד תבל בעמ</ManufactureName>
      <ManufactureCountry />
      <ManufactureItemDescription />
      <UnitQty>יח`</UnitQty>
      <Quantity>1</Quantity>
      <UnitMeasure />
      <BisWeighted>0</BisWeighted>
      <QtyInPackage>1</QtyInPackage>
      <ItemPrice>4.90</ItemPrice>
      <UnitOfMeasurePrice>4.90</UnitOfMeasurePrice>
      <AllowDiscount>0</AllowDiscount>
      <itemStatus>1</itemStatus>
      <LastUpdateDate />
      <LastUpdateTime />
    </Product>
    <Product>
      <PriceUpdateDate>2018/08/01 13:56</PriceUpdateDate>
      <ItemCode>7290014855434</ItemCode>
      <ItemType>1</ItemType>
      <ItemName>מגבונים בייביסיטר רביעייה</ItemName>
      <ManufactureName>שקד תבל בעמ</ManufactureName>
      <ManufactureCountry />
      <ManufactureItemDescription />
      <UnitQty>יח`</UnitQty>
      <Quantity>1</Quantity>
      <UnitMeasure />
      <BisWeighted>0</BisWeighted>
      <QtyInPackage>1</QtyInPackage>
      <ItemPrice>17.90</ItemPrice>
      <UnitOfMeasurePrice>17.90</UnitOfMeasurePrice>
      <AllowDiscount>1</AllowDiscount>
      <itemStatus>1</itemStatus>
      <LastUpdateDate />
      <LastUpdateTime />
    </Product>
    <Product>
      <PriceUpdateDate>2018/08/01 13:56</PriceUpdateDate>
      <ItemCode>7290014855458</ItemCode>
      <ItemType>1</ItemType>
      <ItemName>מגבונים בייביסיטר רביעייה</ItemName>
      <ManufactureName>שקד תבל בעמ</ManufactureName>
      <ManufactureCountry />
      <ManufactureItemDescription />
      <UnitQty>יח`</UnitQty>
      <Quantity>1</Quantity>
      <UnitMeasure />
      <BisWeighted>0</BisWeighted>
      <QtyInPackage>1</QtyInPackage>
      <ItemPrice>17.90</ItemPrice>
      <UnitOfMeasurePrice>17.90</UnitOfMeasurePrice>
      <AllowDiscount>1</AllowDiscount>
      <itemStatus>1</itemStatus>
      <LastUpdateDate />
      <LastUpdateTime />
    </Product>
    <Product>
      <PriceUpdateDate>2019/01/17 08:00</PriceUpdateDate>
      <ItemCode>7290014901247</ItemCode>
      <ItemType>1</ItemType>
      <ItemName>שמפו קרטין 750 מל סטייל</ItemName>
      <ManufactureName>גורי ע.ע.ע בעמ</ManufactureName>
      <ManufactureCountry />
      <ManufactureItemDescription />
      <UnitQty>יח`</UnitQty>
      <Quantity>7.50</Quantity>
      <UnitMeasure>100 מ"ל</UnitMeasure>
      <BisWeighted>0</BisWeighted>
      <QtyInPackage>1</QtyInPackage>
      <ItemPrice>29.90</ItemPrice>
      <UnitOfMeasurePrice>3.99</UnitOfMeasurePrice>
      <AllowDiscount>1</AllowDiscount>
      <itemStatus>1</itemStatus>
      <LastUpdateDate />
      <LastUpdateTime />
    </Product>
    <Product>
      <PriceUpdateDate>2018/04/24 12:09</PriceUpdateDate>
      <ItemCode>7290014901315</ItemCode>
      <ItemType>1</ItemType>
      <ItemName>סנסודיין הגנה מלאה 75</ItemName>
      <ManufactureName>גורי ע.ע.ע בעמ</ManufactureName>
      <ManufactureCountry />
      <ManufactureItemDescription />
      <UnitQty>יח`</UnitQty>
      <Quantity>1</Quantity>
      <UnitMeasure />
      <BisWeighted>0</BisWeighted>
      <QtyInPackage>1</QtyInPackage>
      <ItemPrice>17.90</ItemPrice>
      <UnitOfMeasurePrice>17.90</UnitOfMeasurePrice>
      <AllowDiscount>0</AllowDiscount>
      <itemStatus>1</itemStatus>
      <LastUpdateDate />
      <LastUpdateTime />
    </Product>
    <Product>
      <PriceUpdateDate>2018/04/24 12:09</PriceUpdateDate>
      <ItemCode>7290014905207</ItemCode>
      <ItemType>1</ItemType>
      <ItemName>הפי ג`ל מנקה אסלות יעקבי (750 מל)</ItemName>
      <ManufactureName>יעקב יעקבי ובניו בעמ</ManufactureName>
      <ManufactureCountry />
      <ManufactureItemDescription />
      <UnitQty>יח`</UnitQty>
      <Quantity>7.50</Quantity>
      <UnitMeasure>100 מ"ל</UnitMeasure>
      <BisWeighted>0</BisWeighted>
      <QtyInPackage>1</QtyInPackage>
      <ItemPrice>9.90</ItemPrice>
      <UnitOfMeasurePrice>1.32</UnitOfMeasurePrice>
      <AllowDiscount>0</AllowDiscount>
      <itemStatus>1</itemStatus>
      <LastUpdateDate />
      <LastUpdateTime />
    </Product>
    <Product>
      <PriceUpdateDate>2018/04/24 11:52</PriceUpdateDate>
      <ItemCode>7290014905368</ItemCode>
      <ItemType>1</ItemType>
      <ItemName>הפי עוד ועוד--מטלית  דמוית בד--גליל  לב</ItemName>
      <ManufactureName>יעקב יעקבי ובניו בעמ</ManufactureName>
      <ManufactureCountry />
      <ManufactureItemDescription />
      <UnitQty>יח`</UnitQty>
      <Quantity>1</Quantity>
      <UnitMeasure />
      <BisWeighted>0</BisWeighted>
      <QtyInPackage>1</QtyInPackage>
      <ItemPrice>10</ItemPrice>
      <UnitOfMeasurePrice>10</UnitOfMeasurePrice>
      <AllowDiscount>0</AllowDiscount>
      <itemStatus>1</itemStatus>
      <LastUpdateDate />
      <LastUpdateTime />
    </Product>
    <Product>
      <PriceUpdateDate>2018/04/24 11:52</PriceUpdateDate>
      <ItemCode>7290014905498</ItemCode>
      <ItemType>1</ItemType>
      <ItemName>הפי מטלית רב פעמית יעקבי (20)</ItemName>
      <ManufactureName>יעקב יעקבי ובניו בעמ</ManufactureName>
      <ManufactureCountry />
      <ManufactureItemDescription />
      <UnitQty>יח`</UnitQty>
      <Quantity>1</Quantity>
      <UnitMeasure />
      <BisWeighted>0</BisWeighted>
      <QtyInPackage>1</QtyInPackage>
      <ItemPrice>11.90</ItemPrice>
      <UnitOfMeasurePrice>11.90</UnitOfMeasurePrice>
      <AllowDiscount>0</AllowDiscount>
      <itemStatus>1</itemStatus>
      <LastUpdateDate />
      <LastUpdateTime />
    </Product>
    <Product>
      <PriceUpdateDate>2018/04/24 12:30</PriceUpdateDate>
      <ItemCode>7290014905689</ItemCode>
      <ItemType>1</ItemType>
      <ItemName>הפי כלים ירוק תפוח 563 - מרוכז 24%</ItemName>
      <ManufactureName>יעקב יעקבי ובניו בעמ</ManufactureName>
      <ManufactureCountry />
      <ManufactureItemDescription />
      <UnitQty>יח`</UnitQty>
      <Quantity>7.50</Quantity>
      <UnitMeasure>100 מ"ל</UnitMeasure>
      <BisWeighted>0</BisWeighted>
      <QtyInPackage>1</QtyInPackage>
      <ItemPrice>10.90</ItemPrice>
      <UnitOfMeasurePrice>1.45</UnitOfMeasurePrice>
      <AllowDiscount>0</AllowDiscount>
      <itemStatus>1</itemStatus>
      <LastUpdateDate />
      <LastUpdateTime />
    </Product>
    <Product>
      <PriceUpdateDate>2018/04/24 12:30</PriceUpdateDate>
      <ItemCode>7290014905696</ItemCode>
      <ItemType>1</ItemType>
      <ItemName>הפי כלים צהוב לימון 210- מרוכז 24%</ItemName>
      <ManufactureName>יעקב יעקבי ובניו בעמ</ManufactureName>
      <ManufactureCountry />
      <ManufactureItemDescription />
      <UnitQty>יח`</UnitQty>
      <Quantity>7.50</Quantity>
      <UnitMeasure>100 מ"ל</UnitMeasure>
      <BisWeighted>0</BisWeighted>
      <QtyInPackage>1</QtyInPackage>
      <ItemPrice>10.90</ItemPrice>
      <UnitOfMeasurePrice>1.45</UnitOfMeasurePrice>
      <AllowDiscount>0</AllowDiscount>
      <itemStatus>1</itemStatus>
      <LastUpdateDate />
      <LastUpdateTime />
    </Product>
    <Product>
      <PriceUpdateDate>2018/04/24 12:30</PriceUpdateDate>
      <ItemCode>7290014905733</ItemCode>
      <ItemType>1</ItemType>
      <ItemName>נוזל לניקוי חלונות הפי (750 מל)</ItemName>
      <ManufactureName>יעקב יעקבי ובניו בעמ</ManufactureName>
      <ManufactureCountry />
      <ManufactureItemDescription />
      <UnitQty>יח`</UnitQty>
      <Quantity>7.50</Quantity>
      <UnitMeasure>100 מ"ל</UnitMeasure>
      <BisWeighted>0</BisWeighted>
      <QtyInPackage>1</QtyInPackage>
      <ItemPrice>9.90</ItemPrice>
      <UnitOfMeasurePrice>1.32</UnitOfMeasurePrice>
      <AllowDiscount>0</AllowDiscount>
      <itemStatus>1</itemStatus>
      <LastUpdateDate />
      <LastUpdateTime />
    </Product>
    <Product>
      <PriceUpdateDate>2018/04/24 12:36</PriceUpdateDate>
      <ItemCode>7290014910379</ItemCode>
      <ItemType>1</ItemType>
      <ItemName>מלפפונים במלח 690 גר` לינה</ItemName>
      <ManufactureName>יורוסטנדרט בעמ</ManufactureName>
      <ManufactureCountry />
      <ManufactureItemDescription />
      <UnitQty>יח`</UnitQty>
      <Quantity>6.90</Quantity>
      <UnitMeasure>100 גרם</UnitMeasure>
      <BisWeighted>0</BisWeighted>
      <QtyInPackage>1</QtyInPackage>
      <ItemPrice>9.90</ItemPrice>
      <UnitOfMeasurePrice>1.43</UnitOfMeasurePrice>
      <AllowDiscount>1</AllowDiscount>
      <itemStatus>1</itemStatus>
      <LastUpdateDate />
      <LastUpdateTime />
    </Product>
    <Product>
      <PriceUpdateDate>2018/04/24 12:36</PriceUpdateDate>
      <ItemCode>7290014910386</ItemCode>
      <ItemType>1</ItemType>
      <ItemName>קורנישונים במלח 690 גר` לינה</ItemName>
      <ManufactureName>יורוסטנדרט בעמ</ManufactureName>
      <ManufactureCountry />
      <ManufactureItemDescription />
      <UnitQty>יח`</UnitQty>
      <Quantity>6.90</Quantity>
      <UnitMeasure>100 גרם</UnitMeasure>
      <BisWeighted>0</BisWeighted>
      <QtyInPackage>1</QtyInPackage>
      <ItemPrice>9.90</ItemPrice>
      <UnitOfMeasurePrice>1.43</UnitOfMeasurePrice>
      <AllowDiscount>1</AllowDiscount>
      <itemStatus>1</itemStatus>
      <LastUpdateDate />
      <LastUpdateTime />
    </Product>
    <Product>
      <PriceUpdateDate>2018/04/24 13:02</PriceUpdateDate>
      <ItemCode>7290014910515</ItemCode>
      <ItemType>1</ItemType>
      <ItemName>שימורי דגים שפרוטים מעושנים בשמן צמחי 25</ItemName>
      <ManufactureName>יורוסטנדרט בעמ</ManufactureName>
      <ManufactureCountry />
      <ManufactureItemDescription />
      <UnitQty>יח`</UnitQty>
      <Quantity>2.50</Quantity>
      <UnitMeasure>100 גרם</UnitMeasure>
      <BisWeighted>0</BisWeighted>
      <QtyInPackage>1</QtyInPackage>
      <ItemPrice>9.90</ItemPrice>
      <UnitOfMeasurePrice>3.96</UnitOfMeasurePrice>
      <AllowDiscount>0</AllowDiscount>
      <itemStatus>1</itemStatus>
      <LastUpdateDate />
      <LastUpdateTime />
    </Product>
    <Product>
      <PriceUpdateDate>2020/01/29 12:46</PriceUpdateDate>
      <ItemCode>7290014910522</ItemCode>
      <ItemType>1</ItemType>
      <ItemName>תחתיות ארטישוק במי מלח 420 גר` לינה</ItemName>
      <ManufactureName>יורוסטנדרט בעמ</ManufactureName>
      <ManufactureCountry />
      <ManufactureItemDescription />
      <UnitQty>יח`</UnitQty>
      <Quantity>4.20</Quantity>
      <UnitMeasure>100 גרם</UnitMeasure>
      <BisWeighted>0</BisWeighted>
      <QtyInPackage>1</QtyInPackage>
      <ItemPrice>9.90</ItemPrice>
      <UnitOfMeasurePrice>2.36</UnitOfMeasurePrice>
      <AllowDiscount>1</AllowDiscount>
      <itemStatus>1</itemStatus>
      <LastUpdateDate />
      <LastUpdateTime />
    </Product>
    <Product>
      <PriceUpdateDate>2018/04/24 12:47</PriceUpdateDate>
      <ItemCode>7290014940901</ItemCode>
      <ItemType>1</ItemType>
      <ItemName>לחם פשוט מלא לילדים פרוס אנג`ל (750 גרם)</ItemName>
      <ManufactureName>שלמה א. אנג`ל בעמ</ManufactureName>
      <ManufactureCountry />
      <ManufactureItemDescription />
      <UnitQty>יח`</UnitQty>
      <Quantity>5</Quantity>
      <UnitMeasure>100 גרם</UnitMeasure>
      <BisWeighted>0</BisWeighted>
      <QtyInPackage>1</QtyInPackage>
      <ItemPrice>12.90</ItemPrice>
      <UnitOfMeasurePrice>2.58</UnitOfMeasurePrice>
      <AllowDiscount>1</AllowDiscount>
      <itemStatus>1</itemStatus>
      <LastUpdateDate />
      <LastUpdateTime />
    </Product>
    <Product>
      <PriceUpdateDate>2018/04/24 12:40</PriceUpdateDate>
      <ItemCode>7290014947047</ItemCode>
      <ItemType>1</ItemType>
      <ItemName>פריכיות כוסמת עם מלח</ItemName>
      <ManufactureName>זנבר טבע בעמ</ManufactureName>
      <ManufactureCountry />
      <ManufactureItemDescription />
      <UnitQty>יח`</UnitQty>
      <Quantity>0.25</Quantity>
      <UnitMeasure>100 גרם</UnitMeasure>
      <BisWeighted>0</BisWeighted>
      <QtyInPackage>1</QtyInPackage>
      <ItemPrice>9.90</ItemPrice>
      <UnitOfMeasurePrice>39.60</UnitOfMeasurePrice>
      <AllowDiscount>0</AllowDiscount>
      <itemStatus>1</itemStatus>
      <LastUpdateDate />
      <LastUpdateTime />
    </Product>
    <Product>
      <PriceUpdateDate>2020/04/30 08:21</PriceUpdateDate>
      <ItemCode>7290014947108</ItemCode>
      <ItemType>1</ItemType>
      <ItemName>זן בר פריכיות כוסמין ללא מלח 120 גר</ItemName>
      <ManufactureName>אבאל יזמות בעמ</ManufactureName>
      <ManufactureCountry />
      <ManufactureItemDescription />
      <UnitQty>יח`</UnitQty>
      <Quantity>1.20</Quantity>
      <UnitMeasure>100 גרם</UnitMeasure>
      <BisWeighted>0</BisWeighted>
      <QtyInPackage>1</QtyInPackage>
      <ItemPrice>7.90</ItemPrice>
      <UnitOfMeasurePrice>6.58</UnitOfMeasurePrice>
      <AllowDiscount>0</AllowDiscount>
      <itemStatus>1</itemStatus>
      <LastUpdateDate />
      <LastUpdateTime />
    </Product>
    <Product>
      <PriceUpdateDate>2020/04/30 08:21</PriceUpdateDate>
      <ItemCode>7290014947115</ItemCode>
      <ItemType>1</ItemType>
      <ItemName>זן בר פריכיות כוסמת עם מלח 120 גר</ItemName>
      <ManufactureName>אבאל יזמות בעמ</ManufactureName>
      <ManufactureCountry />
      <ManufactureItemDescription />
      <UnitQty>יח`</UnitQty>
      <Quantity>1.20</Quantity>
      <UnitMeasure>100 גרם</UnitMeasure>
      <BisWeighted>0</BisWeighted>
      <QtyInPackage>1</QtyInPackage>
      <ItemPrice>7.90</ItemPrice>
      <UnitOfMeasurePrice>6.58</UnitOfMeasurePrice>
      <AllowDiscount>0</AllowDiscount>
      <itemStatus>1</itemStatus>
      <LastUpdateDate />
      <LastUpdateTime />
    </Product>
    <Product>
      <PriceUpdateDate>2020/04/30 08:21</PriceUpdateDate>
      <ItemCode>7290014947122</ItemCode>
      <ItemType>1</ItemType>
      <ItemName>זן בר פריכיות כוסמת ללא מלח 120 גר</ItemName>
      <ManufactureName>אבאל יזמות בעמ</ManufactureName>
      <ManufactureCountry />
      <ManufactureItemDescription />
      <UnitQty>יח`</UnitQty>
      <Quantity>1.20</Quantity>
      <UnitMeasure>100 גרם</UnitMeasure>
      <BisWeighted>0</BisWeighted>
      <QtyInPackage>1</QtyInPackage>
      <ItemPrice>7.90</ItemPrice>
      <UnitOfMeasurePrice>6.58</UnitOfMeasurePrice>
      <AllowDiscount>0</AllowDiscount>
      <itemStatus>1</itemStatus>
      <LastUpdateDate />
      <LastUpdateTime />
    </Product>
    <Product>
      <PriceUpdateDate>2020/04/30 08:21</PriceUpdateDate>
      <ItemCode>7290014947139</ItemCode>
      <ItemType>1</ItemType>
      <ItemName>זן בר פריכיות תירס עם מלח 120 גר</ItemName>
      <ManufactureName>אבאל יזמות בעמ</ManufactureName>
      <ManufactureCountry />
      <ManufactureItemDescription />
      <UnitQty>יח`</UnitQty>
      <Quantity>1.20</Quantity>
      <UnitMeasure>100 גרם</UnitMeasure>
      <BisWeighted>0</BisWeighted>
      <QtyInPackage>1</QtyInPackage>
      <ItemPrice>7.90</ItemPrice>
      <UnitOfMeasurePrice>6.58</UnitOfMeasurePrice>
      <AllowDiscount>0</AllowDiscount>
      <itemStatus>1</itemStatus>
      <LastUpdateDate />
      <LastUpdateTime />
    </Product>
    <Product>
      <PriceUpdateDate>2019/01/23 08:24</PriceUpdateDate>
      <ItemCode>7290014974531</ItemCode>
      <ItemType>1</ItemType>
      <ItemName>וופל לימון ללא גלוטן 150  גר`עלמה</ItemName>
      <ManufactureName>רזיט שיווק בעמ</ManufactureName>
      <ManufactureCountry />
      <ManufactureItemDescription />
      <UnitQty>יח`</UnitQty>
      <Quantity>1.50</Quantity>
      <UnitMeasure>100 גרם</UnitMeasure>
      <BisWeighted>0</BisWeighted>
      <QtyInPackage>1</QtyInPackage>
      <ItemPrice>6.50</ItemPrice>
      <UnitOfMeasurePrice>4.33</UnitOfMeasurePrice>
      <AllowDiscount>0</AllowDiscount>
      <itemStatus>1</itemStatus>
      <LastUpdateDate />
      <LastUpdateTime />
    </Product>
    <Product>
      <PriceUpdateDate>2019/06/06 09:28</PriceUpdateDate>
      <ItemCode>7290015039130</ItemCode>
      <ItemType>1</ItemType>
      <ItemName>חמאה ללא מלח 200 גר</ItemName>
      <ManufactureName>ג.וילי-פוד אינטרנשיונל בעמ</ManufactureName>
      <ManufactureCountry />
      <ManufactureItemDescription />
      <UnitQty>יח`</UnitQty>
      <Quantity>2</Quantity>
      <UnitMeasure>100 גרם</UnitMeasure>
      <BisWeighted>0</BisWeighted>
      <QtyInPackage>1</QtyInPackage>
      <ItemPrice>6.80</ItemPrice>
      <UnitOfMeasurePrice>3.40</UnitOfMeasurePrice>
      <AllowDiscount>0</AllowDiscount>
      <itemStatus>1</itemStatus>
      <LastUpdateDate />
      <LastUpdateTime />
    </Product>
    <Product>
      <PriceUpdateDate>2019/02/20 11:29</PriceUpdateDate>
      <ItemCode>7290015039246</ItemCode>
      <ItemType>1</ItemType>
      <ItemName>טונה בשמן רביעייה 160 גר - וילי פוד</ItemName>
      <ManufactureName>ג.וילי-פוד אינטרנשיונל בעמ</ManufactureName>
      <ManufactureCountry />
      <ManufactureItemDescription />
      <UnitQty>יח`</UnitQty>
      <Quantity>6.40</Quantity>
      <UnitMeasure>100 גרם</UnitMeasure>
      <BisWeighted>0</BisWeighted>
      <QtyInPackage>1</QtyInPackage>
      <ItemPrice>21.90</ItemPrice>
      <UnitOfMeasurePrice>3.42</UnitOfMeasurePrice>
      <AllowDiscount>1</AllowDiscount>
      <itemStatus>1</itemStatus>
      <LastUpdateDate />
      <LastUpdateTime />
    </Product>
    <Product>
      <PriceUpdateDate>2018/04/24 12:13</PriceUpdateDate>
      <ItemCode>7290015039253</ItemCode>
      <ItemType>1</ItemType>
      <ItemName>עלי גפן במי מלח 620 גר</ItemName>
      <ManufactureName>ג.וילי-פוד אינטרנשיונל בעמ</ManufactureName>
      <ManufactureCountry />
      <ManufactureItemDescription />
      <UnitQty>יח`</UnitQty>
      <Quantity>6.20</Quantity>
      <UnitMeasure>100 גרם</UnitMeasure>
      <BisWeighted>0</BisWeighted>
      <QtyInPackage>1</QtyInPackage>
      <ItemPrice>11.90</ItemPrice>
      <UnitOfMeasurePrice>1.92</UnitOfMeasurePrice>
      <AllowDiscount>0</AllowDiscount>
      <itemStatus>1</itemStatus>
      <LastUpdateDate />
      <LastUpdateTime />
    </Product>
    <Product>
      <PriceUpdateDate>2019/02/20 11:29</PriceUpdateDate>
      <ItemCode>7290015039338</ItemCode>
      <ItemType>1</ItemType>
      <ItemName>טונה במים רביעייה 160 גר - וילי פוד</ItemName>
      <ManufactureName>ג.וילי-פוד אינטרנשיונל בעמ</ManufactureName>
      <ManufactureCountry />
      <ManufactureItemDescription />
      <UnitQty>יח`</UnitQty>
      <Quantity>6.40</Quantity>
      <UnitMeasure>100 גרם</UnitMeasure>
      <BisWeighted>0</BisWeighted>
      <QtyInPackage>1</QtyInPackage>
      <ItemPrice>21.90</ItemPrice>
      <UnitOfMeasurePrice>3.42</UnitOfMeasurePrice>
      <AllowDiscount>1</AllowDiscount>
      <itemStatus>1</itemStatus>
      <LastUpdateDate />
      <LastUpdateTime />
    </Product>
    <Product>
      <PriceUpdateDate>2018/04/24 12:22</PriceUpdateDate>
      <ItemCode>7290015139267</ItemCode>
      <ItemType>1</ItemType>
      <ItemName>שוקולד מריר ללס שקדים 85 גרם</ItemName>
      <ManufactureName>כרמית תעשיות ממתקים בעמ</ManufactureName>
      <ManufactureCountry />
      <ManufactureItemDescription />
      <UnitQty>יח`</UnitQty>
      <Quantity>0.85</Quantity>
      <UnitMeasure>100 גרם</UnitMeasure>
      <BisWeighted>0</BisWeighted>
      <QtyInPackage>1</QtyInPackage>
      <ItemPrice>5.90</ItemPrice>
      <UnitOfMeasurePrice>6.94</UnitOfMeasurePrice>
      <AllowDiscount>0</AllowDiscount>
      <itemStatus>1</itemStatus>
      <LastUpdateDate />
      <LastUpdateTime />
    </Product>
    <Product>
      <PriceUpdateDate>2018/07/25 08:50</PriceUpdateDate>
      <ItemCode>7290015150088</ItemCode>
      <ItemType>1</ItemType>
      <ItemName>מחית עגבניות קלה גראנד איטליה (700 גרם)</ItemName>
      <ManufactureName>תה ויסוצקי (ישראל) בעמ</ManufactureName>
      <ManufactureCountry />
      <ManufactureItemDescription />
      <UnitQty>יח`</UnitQty>
      <Quantity>7</Quantity>
      <UnitMeasure>100 גרם</UnitMeasure>
      <BisWeighted>0</BisWeighted>
      <QtyInPackage>1</QtyInPackage>
      <ItemPrice>13.90</ItemPrice>
      <UnitOfMeasurePrice>1.99</UnitOfMeasurePrice>
      <AllowDiscount>0</AllowDiscount>
      <itemStatus>1</itemStatus>
      <LastUpdateDate />
      <LastUpdateTime />
    </Product>
    <Product>
      <PriceUpdateDate>2019/01/30 09:36</PriceUpdateDate>
      <ItemCode>7290015150583</ItemCode>
      <ItemType>1</ItemType>
      <ItemName>תה ירוק בתוספת לימון ודבש ויסוצקי) (25</ItemName>
      <ManufactureName>תה ויסוצקי (ישראל) בעמ</ManufactureName>
      <ManufactureCountry />
      <ManufactureItemDescription />
      <UnitQty>יח`</UnitQty>
      <Quantity>1</Quantity>
      <UnitMeasure />
      <BisWeighted>0</BisWeighted>
      <QtyInPackage>1</QtyInPackage>
      <ItemPrice>24.90</ItemPrice>
      <UnitOfMeasurePrice>24.90</UnitOfMeasurePrice>
      <AllowDiscount>0</AllowDiscount>
      <itemStatus>1</itemStatus>
      <LastUpdateDate />
      <LastUpdateTime />
    </Product>
    <Product>
      <PriceUpdateDate>2019/01/30 09:36</PriceUpdateDate>
      <ItemCode>7290015150729</ItemCode>
      <ItemType>1</ItemType>
      <ItemName>סקיני  גריני- תה ירוק</ItemName>
      <ManufactureName>תה ויסוצקי (ישראל) בעמ</ManufactureName>
      <ManufactureCountry />
      <ManufactureItemDescription />
      <UnitQty>יח`</UnitQty>
      <Quantity>1</Quantity>
      <UnitMeasure />
      <BisWeighted>0</BisWeighted>
      <QtyInPackage>1</QtyInPackage>
      <ItemPrice>24.90</ItemPrice>
      <UnitOfMeasurePrice>24.90</UnitOfMeasurePrice>
      <AllowDiscount>0</AllowDiscount>
      <itemStatus>1</itemStatus>
      <LastUpdateDate />
      <LastUpdateTime />
    </Product>
    <Product>
      <PriceUpdateDate>2019/01/30 09:36</PriceUpdateDate>
      <ItemCode>7290015150903</ItemCode>
      <ItemType>1</ItemType>
      <ItemName>תה ירוק קינמון ודבש ויסוצקי) (25</ItemName>
      <ManufactureName>תה ויסוצקי (ישראל) בעמ</ManufactureName>
      <ManufactureCountry />
      <ManufactureItemDescription />
      <UnitQty>יח`</UnitQty>
      <Quantity>1</Quantity>
      <UnitMeasure />
      <BisWeighted>0</BisWeighted>
      <QtyInPackage>1</QtyInPackage>
      <ItemPrice>24.90</ItemPrice>
      <UnitOfMeasurePrice>24.90</UnitOfMeasurePrice>
      <AllowDiscount>0</AllowDiscount>
      <itemStatus>1</itemStatus>
      <LastUpdateDate />
      <LastUpdateTime />
    </Product>
    <Product>
      <PriceUpdateDate>2019/01/30 09:36</PriceUpdateDate>
      <ItemCode>7290015150910</ItemCode>
      <ItemType>1</ItemType>
      <ItemName>תה ירוק לימונית ויסמין ויסוצקי) (25</ItemName>
      <ManufactureName>תה ויסוצקי (ישראל) בעמ</ManufactureName>
      <ManufactureCountry />
      <ManufactureItemDescription />
      <UnitQty>יח`</UnitQty>
      <Quantity>1</Quantity>
      <UnitMeasure />
      <BisWeighted>0</BisWeighted>
      <QtyInPackage>1</QtyInPackage>
      <ItemPrice>24.90</ItemPrice>
      <UnitOfMeasurePrice>24.90</UnitOfMeasurePrice>
      <AllowDiscount>0</AllowDiscount>
      <itemStatus>1</itemStatus>
      <LastUpdateDate />
      <LastUpdateTime />
    </Product>
    <Product>
      <PriceUpdateDate>2018/04/24 13:01</PriceUpdateDate>
      <ItemCode>7290015155823</ItemCode>
      <ItemType>1</ItemType>
      <ItemName>פאוץ` פרינוק תפוח 120 גר`</ItemName>
      <ManufactureName>גורי מוצרי צריכה (1991) בעמ</ManufactureName>
      <ManufactureCountry />
      <ManufactureItemDescription />
      <UnitQty>יח`</UnitQty>
      <Quantity>1.20</Quantity>
      <UnitMeasure>100 גרם</UnitMeasure>
      <BisWeighted>0</BisWeighted>
      <QtyInPackage>1</QtyInPackage>
      <ItemPrice>5</ItemPrice>
      <UnitOfMeasurePrice>4.17</UnitOfMeasurePrice>
      <AllowDiscount>1</AllowDiscount>
      <itemStatus>1</itemStatus>
      <LastUpdateDate />
      <LastUpdateTime />
    </Product>
    <Product>
      <PriceUpdateDate>2018/04/24 13:01</PriceUpdateDate>
      <ItemCode>7290015155830</ItemCode>
      <ItemType>1</ItemType>
      <ItemName>פאוץ` פרינוק תפוח בננה 120 גר`</ItemName>
      <ManufactureName>גורי מוצרי צריכה (1991) בעמ</ManufactureName>
      <ManufactureCountry />
      <ManufactureItemDescription />
      <UnitQty>יח`</UnitQty>
      <Quantity>1.20</Quantity>
      <UnitMeasure>100 גרם</UnitMeasure>
      <BisWeighted>0</BisWeighted>
      <QtyInPackage>1</QtyInPackage>
      <ItemPrice>5</ItemPrice>
      <UnitOfMeasurePrice>4.17</UnitOfMeasurePrice>
      <AllowDiscount>1</AllowDiscount>
      <itemStatus>1</itemStatus>
      <LastUpdateDate />
      <LastUpdateTime />
    </Product>
    <Product>
      <PriceUpdateDate>2018/07/25 13:24</PriceUpdateDate>
      <ItemCode>7290015155878</ItemCode>
      <ItemType>1</ItemType>
      <ItemName>חטיפטף בטעם טבעי 28 גר` פרינוק</ItemName>
      <ManufactureName>גורי מוצרי צריכה (1991) בעמ</ManufactureName>
      <ManufactureCountry />
      <ManufactureItemDescription />
      <UnitQty>יח`</UnitQty>
      <Quantity>1</Quantity>
      <UnitMeasure>100 גרם</UnitMeasure>
      <BisWeighted>0</BisWeighted>
      <QtyInPackage>1</QtyInPackage>
      <ItemPrice>7.90</ItemPrice>
      <UnitOfMeasurePrice>7.90</UnitOfMeasurePrice>
      <AllowDiscount>0</AllowDiscount>
      <itemStatus>1</itemStatus>
      <LastUpdateDate />
      <LastUpdateTime />
    </Product>
    <Product>
      <PriceUpdateDate>2018/04/24 13:11</PriceUpdateDate>
      <ItemCode>7290015155908</ItemCode>
      <ItemType>1</ItemType>
      <ItemName>חטיפטף בטעם ירקות 29 גר` פרינוק</ItemName>
      <ManufactureName>גורי מוצרי צריכה (1991) בעמ</ManufactureName>
      <ManufactureCountry />
      <ManufactureItemDescription />
      <UnitQty>יח`</UnitQty>
      <Quantity>1</Quantity>
      <UnitMeasure>100 גרם</UnitMeasure>
      <BisWeighted>0</BisWeighted>
      <QtyInPackage>1</QtyInPackage>
      <ItemPrice>7.90</ItemPrice>
      <UnitOfMeasurePrice>7.90</UnitOfMeasurePrice>
      <AllowDiscount>0</AllowDiscount>
      <itemStatus>1</itemStatus>
      <LastUpdateDate />
      <LastUpdateTime />
    </Product>
    <Product>
      <PriceUpdateDate>2018/05/17 10:38</PriceUpdateDate>
      <ItemCode>7290015156776</ItemCode>
      <ItemType>1</ItemType>
      <ItemName>פאוץ` פרינוק פירות טרופיים 120 גר`</ItemName>
      <ManufactureName>גורי מוצרי צריכה (1991) בעמ</ManufactureName>
      <ManufactureCountry />
      <ManufactureItemDescription />
      <UnitQty>יח`</UnitQty>
      <Quantity>1.20</Quantity>
      <UnitMeasure>100 גרם</UnitMeasure>
      <BisWeighted>0</BisWeighted>
      <QtyInPackage>1</QtyInPackage>
      <ItemPrice>5</ItemPrice>
      <UnitOfMeasurePrice>4.17</UnitOfMeasurePrice>
      <AllowDiscount>1</AllowDiscount>
      <itemStatus>1</itemStatus>
      <LastUpdateDate />
      <LastUpdateTime />
    </Product>
    <Product>
      <PriceUpdateDate>2018/05/17 10:38</PriceUpdateDate>
      <ItemCode>7290015156790</ItemCode>
      <ItemType>1</ItemType>
      <ItemName>פאוץ` פרינוק לפתן פירות 120 גר`</ItemName>
      <ManufactureName>גורי מוצרי צריכה (1991) בעמ</ManufactureName>
      <ManufactureCountry />
      <ManufactureItemDescription />
      <UnitQty>יח`</UnitQty>
      <Quantity>1.20</Quantity>
      <UnitMeasure>100 גרם</UnitMeasure>
      <BisWeighted>0</BisWeighted>
      <QtyInPackage>1</QtyInPackage>
      <ItemPrice>5</ItemPrice>
      <UnitOfMeasurePrice>4.17</UnitOfMeasurePrice>
      <AllowDiscount>1</AllowDiscount>
      <itemStatus>1</itemStatus>
      <LastUpdateDate />
      <LastUpdateTime />
    </Product>
    <Product>
      <PriceUpdateDate>2018/05/17 10:38</PriceUpdateDate>
      <ItemCode>7290015156813</ItemCode>
      <ItemType>1</ItemType>
      <ItemName>פאוץ` פרינוק פירות מעורבים 120 גר`</ItemName>
      <ManufactureName>גורי מוצרי צריכה (1991) בעמ</ManufactureName>
      <ManufactureCountry />
      <ManufactureItemDescription />
      <UnitQty>יח`</UnitQty>
      <Quantity>1.20</Quantity>
      <UnitMeasure>100 גרם</UnitMeasure>
      <BisWeighted>0</BisWeighted>
      <QtyInPackage>1</QtyInPackage>
      <ItemPrice>5</ItemPrice>
      <UnitOfMeasurePrice>4.17</UnitOfMeasurePrice>
      <AllowDiscount>1</AllowDiscount>
      <itemStatus>1</itemStatus>
      <LastUpdateDate />
      <LastUpdateTime />
    </Product>
    <Product>
      <PriceUpdateDate>2019/05/30 10:17</PriceUpdateDate>
      <ItemCode>7290015193832</ItemCode>
      <ItemType>1</ItemType>
      <ItemName>קרקר עם שומשום 300 גר` ארומה</ItemName>
      <ManufactureName>רזיט שיווק בעמ</ManufactureName>
      <ManufactureCountry />
      <ManufactureItemDescription />
      <UnitQty>יח`</UnitQty>
      <Quantity>3</Quantity>
      <UnitMeasure>100 גרם</UnitMeasure>
      <BisWeighted>0</BisWeighted>
      <QtyInPackage>1</QtyInPackage>
      <ItemPrice>6.90</ItemPrice>
      <UnitOfMeasurePrice>2.30</UnitOfMeasurePrice>
      <AllowDiscount>0</AllowDiscount>
      <itemStatus>1</itemStatus>
      <LastUpdateDate />
      <LastUpdateTime />
    </Product>
    <Product>
      <PriceUpdateDate>2020/02/21 08:29</PriceUpdateDate>
      <ItemCode>7290015253055</ItemCode>
      <ItemType>1</ItemType>
      <ItemName>פחמים 2קג</ItemName>
      <ManufactureName>פחם קוואנגו סחר בעמ</ManufactureName>
      <ManufactureCountry />
      <ManufactureItemDescription />
      <UnitQty>יח`</UnitQty>
      <Quantity>20</Quantity>
      <UnitMeasure>100 גרם</UnitMeasure>
      <BisWeighted>0</BisWeighted>
      <QtyInPackage>1</QtyInPackage>
      <ItemPrice>11.90</ItemPrice>
      <UnitOfMeasurePrice>0.60</UnitOfMeasurePrice>
      <AllowDiscount>1</AllowDiscount>
      <itemStatus>1</itemStatus>
      <LastUpdateDate />
      <LastUpdateTime />
    </Product>
    <Product>
      <PriceUpdateDate>2018/04/24 12:55</PriceUpdateDate>
      <ItemCode>7290015324014</ItemCode>
      <ItemType>1</ItemType>
      <ItemName>פלפל שחור טחון 80 גר`</ItemName>
      <ManufactureName>תבליני טעם וריח בעמ</ManufactureName>
      <ManufactureCountry />
      <ManufactureItemDescription />
      <UnitQty>יח`</UnitQty>
      <Quantity>0.80</Quantity>
      <UnitMeasure>100 גרם</UnitMeasure>
      <BisWeighted>0</BisWeighted>
      <QtyInPackage>1</QtyInPackage>
      <ItemPrice>9.90</ItemPrice>
      <UnitOfMeasurePrice>12.38</UnitOfMeasurePrice>
      <AllowDiscount>1</AllowDiscount>
      <itemStatus>1</itemStatus>
      <LastUpdateDate />
      <LastUpdateTime />
    </Product>
    <Product>
      <PriceUpdateDate>2018/04/24 12:55</PriceUpdateDate>
      <ItemCode>7290015324038</ItemCode>
      <ItemType>1</ItemType>
      <ItemName>פפריקה מתוקה בשמן 80 גר`</ItemName>
      <ManufactureName>תבליני טעם וריח בעמ</ManufactureName>
      <ManufactureCountry />
      <ManufactureItemDescription />
      <UnitQty>יח`</UnitQty>
      <Quantity>0.80</Quantity>
      <UnitMeasure>100 גרם</UnitMeasure>
      <BisWeighted>0</BisWeighted>
      <QtyInPackage>1</QtyInPackage>
      <ItemPrice>5.90</ItemPrice>
      <UnitOfMeasurePrice>7.38</UnitOfMeasurePrice>
      <AllowDiscount>1</AllowDiscount>
      <itemStatus>1</itemStatus>
      <LastUpdateDate />
      <LastUpdateTime />
    </Product>
    <Product>
      <PriceUpdateDate>2019/01/07 10:57</PriceUpdateDate>
      <ItemCode>7290015324052</ItemCode>
      <ItemType>1</ItemType>
      <ItemName>פפריקה מתוקה 80 גר`</ItemName>
      <ManufactureName>תבליני טעם וריח בעמ</ManufactureName>
      <ManufactureCountry />
      <ManufactureItemDescription />
      <UnitQty>יח`</UnitQty>
      <Quantity>0.80</Quantity>
      <UnitMeasure>100 גרם</UnitMeasure>
      <BisWeighted>0</BisWeighted>
      <QtyInPackage>1</QtyInPackage>
      <ItemPrice>5.90</ItemPrice>
      <UnitOfMeasurePrice>7.38</UnitOfMeasurePrice>
      <AllowDiscount>1</AllowDiscount>
      <itemStatus>1</itemStatus>
      <LastUpdateDate />
      <LastUpdateTime />
    </Product>
    <Product>
      <PriceUpdateDate>2018/04/24 12:55</PriceUpdateDate>
      <ItemCode>7290015324083</ItemCode>
      <ItemType>1</ItemType>
      <ItemName>מלח לימון 80 גר`</ItemName>
      <ManufactureName>תבליני טעם וריח בעמ</ManufactureName>
      <ManufactureCountry />
      <ManufactureItemDescription />
      <UnitQty>יח`</UnitQty>
      <Quantity>0.80</Quantity>
      <UnitMeasure>100 גרם</UnitMeasure>
      <BisWeighted>0</BisWeighted>
      <QtyInPackage>1</QtyInPackage>
      <ItemPrice>5.90</ItemPrice>
      <UnitOfMeasurePrice>7.38</UnitOfMeasurePrice>
      <AllowDiscount>1</AllowDiscount>
      <itemStatus>1</itemStatus>
      <LastUpdateDate />
      <LastUpdateTime />
    </Product>
    <Product>
      <PriceUpdateDate>2018/04/24 12:55</PriceUpdateDate>
      <ItemCode>7290015324090</ItemCode>
      <ItemType>1</ItemType>
      <ItemName>כמון טחון 80 גר`</ItemName>
      <ManufactureName>תבליני טעם וריח בעמ</ManufactureName>
      <ManufactureCountry />
      <ManufactureItemDescription />
      <UnitQty>יח`</UnitQty>
      <Quantity>0.80</Quantity>
      <UnitMeasure>100 גרם</UnitMeasure>
      <BisWeighted>0</BisWeighted>
      <QtyInPackage>1</QtyInPackage>
      <ItemPrice>5.90</ItemPrice>
      <UnitOfMeasurePrice>7.38</UnitOfMeasurePrice>
      <AllowDiscount>1</AllowDiscount>
      <itemStatus>1</itemStatus>
      <LastUpdateDate />
      <LastUpdateTime />
    </Product>
    <Product>
      <PriceUpdateDate>2018/04/24 12:55</PriceUpdateDate>
      <ItemCode>7290015324106</ItemCode>
      <ItemType>1</ItemType>
      <ItemName>כורכום טחון 80 גר`</ItemName>
      <ManufactureName>תבליני טעם וריח בעמ</ManufactureName>
      <ManufactureCountry />
      <ManufactureItemDescription />
      <UnitQty>יח`</UnitQty>
      <Quantity>0.80</Quantity>
      <UnitMeasure>100 גרם</UnitMeasure>
      <BisWeighted>0</BisWeighted>
      <QtyInPackage>1</QtyInPackage>
      <ItemPrice>5.90</ItemPrice>
      <UnitOfMeasurePrice>7.38</UnitOfMeasurePrice>
      <AllowDiscount>1</AllowDiscount>
      <itemStatus>1</itemStatus>
      <LastUpdateDate />
      <LastUpdateTime />
    </Product>
    <Product>
      <PriceUpdateDate>2018/04/24 12:55</PriceUpdateDate>
      <ItemCode>7290015324120</ItemCode>
      <ItemType>1</ItemType>
      <ItemName>שום גבישי 80 גר`</ItemName>
      <ManufactureName>תבליני טעם וריח בעמ</ManufactureName>
      <ManufactureCountry />
      <ManufactureItemDescription />
      <UnitQty>יח`</UnitQty>
      <Quantity>0.80</Quantity>
      <UnitMeasure>100 גרם</UnitMeasure>
      <BisWeighted>0</BisWeighted>
      <QtyInPackage>1</QtyInPackage>
      <ItemPrice>7.90</ItemPrice>
      <UnitOfMeasurePrice>9.88</UnitOfMeasurePrice>
      <AllowDiscount>1</AllowDiscount>
      <itemStatus>1</itemStatus>
      <LastUpdateDate />
      <LastUpdateTime />
    </Product>
    <Product>
      <PriceUpdateDate>2018/04/24 12:55</PriceUpdateDate>
      <ItemCode>7290015324168</ItemCode>
      <ItemType>1</ItemType>
      <ItemName>תיבול על האש 80 גר`</ItemName>
      <ManufactureName>תבליני טעם וריח בעמ</ManufactureName>
      <ManufactureCountry />
      <ManufactureItemDescription />
      <UnitQty>יח`</UnitQty>
      <Quantity>0.80</Quantity>
      <UnitMeasure>100 גרם</UnitMeasure>
      <BisWeighted>0</BisWeighted>
      <QtyInPackage>1</QtyInPackage>
      <ItemPrice>5.90</ItemPrice>
      <UnitOfMeasurePrice>7.38</UnitOfMeasurePrice>
      <AllowDiscount>1</AllowDiscount>
      <itemStatus>1</itemStatus>
      <LastUpdateDate />
      <LastUpdateTime />
    </Product>
    <Product>
      <PriceUpdateDate>2018/04/24 12:55</PriceUpdateDate>
      <ItemCode>7290015324175</ItemCode>
      <ItemType>1</ItemType>
      <ItemName>תיבול לשווארמה 80 גר`</ItemName>
      <ManufactureName>תבליני טעם וריח בעמ</ManufactureName>
      <ManufactureCountry />
      <ManufactureItemDescription />
      <UnitQty>יח`</UnitQty>
      <Quantity>0.80</Quantity>
      <UnitMeasure>100 גרם</UnitMeasure>
      <BisWeighted>0</BisWeighted>
      <QtyInPackage>1</QtyInPackage>
      <ItemPrice>5.90</ItemPrice>
      <UnitOfMeasurePrice>7.38</UnitOfMeasurePrice>
      <AllowDiscount>1</AllowDiscount>
      <itemStatus>1</itemStatus>
      <LastUpdateDate />
      <LastUpdateTime />
    </Product>
    <Product>
      <PriceUpdateDate>2018/04/24 13:19</PriceUpdateDate>
      <ItemCode>7290015324427</ItemCode>
      <ItemType>1</ItemType>
      <ItemName>סודה לשתיה 80 גר`</ItemName>
      <ManufactureName>תבליני טעם וריח בעמ</ManufactureName>
      <ManufactureCountry />
      <ManufactureItemDescription />
      <UnitQty>יח`</UnitQty>
      <Quantity>0.80</Quantity>
      <UnitMeasure>100 גרם</UnitMeasure>
      <BisWeighted>0</BisWeighted>
      <QtyInPackage>1</QtyInPackage>
      <ItemPrice>3.90</ItemPrice>
      <UnitOfMeasurePrice>4.88</UnitOfMeasurePrice>
      <AllowDiscount>1</AllowDiscount>
      <itemStatus>1</itemStatus>
      <LastUpdateDate />
      <LastUpdateTime />
    </Product>
    <Product>
      <PriceUpdateDate>2019/08/09 11:31</PriceUpdateDate>
      <ItemCode>7290015324526</ItemCode>
      <ItemType>1</ItemType>
      <ItemName>תערובת תיבול לפרגיות 80 גר`</ItemName>
      <ManufactureName>תבליני טעם וריח בעמ</ManufactureName>
      <ManufactureCountry />
      <ManufactureItemDescription />
      <UnitQty>יח`</UnitQty>
      <Quantity>0.80</Quantity>
      <UnitMeasure>100 גרם</UnitMeasure>
      <BisWeighted>0</BisWeighted>
      <QtyInPackage>1</QtyInPackage>
      <ItemPrice>5.90</ItemPrice>
      <UnitOfMeasurePrice>7.38</UnitOfMeasurePrice>
      <AllowDiscount>0</AllowDiscount>
      <itemStatus>1</itemStatus>
      <LastUpdateDate />
      <LastUpdateTime />
    </Product>
    <Product>
      <PriceUpdateDate>2019/08/20 07:51</PriceUpdateDate>
      <ItemCode>7290015324557</ItemCode>
      <ItemType>1</ItemType>
      <ItemName>בהרט לבישול מיכל גדול 80 גר`</ItemName>
      <ManufactureName>תבליני טעם וריח בעמ</ManufactureName>
      <ManufactureCountry />
      <ManufactureItemDescription />
      <UnitQty>יח`</UnitQty>
      <Quantity>0.80</Quantity>
      <UnitMeasure>100 גרם</UnitMeasure>
      <BisWeighted>0</BisWeighted>
      <QtyInPackage>1</QtyInPackage>
      <ItemPrice>8.90</ItemPrice>
      <UnitOfMeasurePrice>11.13</UnitOfMeasurePrice>
      <AllowDiscount>0</AllowDiscount>
      <itemStatus>1</itemStatus>
      <LastUpdateDate />
      <LastUpdateTime />
    </Product>
    <Product>
      <PriceUpdateDate>2019/08/09 11:31</PriceUpdateDate>
      <ItemCode>7290015324564</ItemCode>
      <ItemType>1</ItemType>
      <ItemName>כוסברה טחונה מיכל גדול 70 גר`</ItemName>
      <ManufactureName>תבליני טעם וריח בעמ</ManufactureName>
      <ManufactureCountry />
      <ManufactureItemDescription />
      <UnitQty>יח`</UnitQty>
      <Quantity>0.55</Quantity>
      <UnitMeasure>100 גרם</UnitMeasure>
      <BisWeighted>0</BisWeighted>
      <QtyInPackage>1</QtyInPackage>
      <ItemPrice>8.90</ItemPrice>
      <UnitOfMeasurePrice>16.18</UnitOfMeasurePrice>
      <AllowDiscount>0</AllowDiscount>
      <itemStatus>1</itemStatus>
      <LastUpdateDate />
      <LastUpdateTime />
    </Product>
    <Product>
      <PriceUpdateDate>2020/01/31 07:57</PriceUpdateDate>
      <ItemCode>7290015324571</ItemCode>
      <ItemType>1</ItemType>
      <ItemName>פפריקה מתוקה בשמן בסגנון מרוקאי 400 גר`</ItemName>
      <ManufactureName>תבליני טעם וריח בעמ</ManufactureName>
      <ManufactureCountry />
      <ManufactureItemDescription />
      <UnitQty>יח`</UnitQty>
      <Quantity>4</Quantity>
      <UnitMeasure>100 גרם</UnitMeasure>
      <BisWeighted>0</BisWeighted>
      <QtyInPackage>1</QtyInPackage>
      <ItemPrice>17.90</ItemPrice>
      <UnitOfMeasurePrice>4.48</UnitOfMeasurePrice>
      <AllowDiscount>0</AllowDiscount>
      <itemStatus>1</itemStatus>
      <LastUpdateDate />
      <LastUpdateTime />
    </Product>
    <Product>
      <PriceUpdateDate>2018/04/24 12:52</PriceUpdateDate>
      <ItemCode>7290015325738</ItemCode>
      <ItemType>1</ItemType>
      <ItemName>מגבונים רביעייה מיכל הקטנה</ItemName>
      <ManufactureName>עיסא ערטול בעמ</ManufactureName>
      <ManufactureCountry />
      <ManufactureItemDescription />
      <UnitQty>יח`</UnitQty>
      <Quantity>1</Quantity>
      <UnitMeasure />
      <BisWeighted>0</BisWeighted>
      <QtyInPackage>1</QtyInPackage>
      <ItemPrice>12.90</ItemPrice>
      <UnitOfMeasurePrice>12.90</UnitOfMeasurePrice>
      <AllowDiscount>0</AllowDiscount>
      <itemStatus>1</itemStatus>
      <LastUpdateDate />
      <LastUpdateTime />
    </Product>
    <Product>
      <PriceUpdateDate>2018/04/24 12:52</PriceUpdateDate>
      <ItemCode>7290015325752</ItemCode>
      <ItemType>1</ItemType>
      <ItemName>מגבונים רביעייה אסותא</ItemName>
      <ManufactureName>עיסא ערטול בעמ</ManufactureName>
      <ManufactureCountry />
      <ManufactureItemDescription />
      <UnitQty>יח`</UnitQty>
      <Quantity>1</Quantity>
      <UnitMeasure />
      <BisWeighted>0</BisWeighted>
      <QtyInPackage>1</QtyInPackage>
      <ItemPrice>14.90</ItemPrice>
      <UnitOfMeasurePrice>14.90</UnitOfMeasurePrice>
      <AllowDiscount>0</AllowDiscount>
      <itemStatus>1</itemStatus>
      <LastUpdateDate />
      <LastUpdateTime />
    </Product>
    <Product>
      <PriceUpdateDate>2018/04/24 12:38</PriceUpdateDate>
      <ItemCode>7290015347259</ItemCode>
      <ItemType>1</ItemType>
      <ItemName>פירורי לחם מוזהבים 400גר`</ItemName>
      <ManufactureName>מיה תעשיות מזון מ.ת.מ. בעמ</ManufactureName>
      <ManufactureCountry />
      <ManufactureItemDescription />
      <UnitQty>יח`</UnitQty>
      <Quantity>4</Quantity>
      <UnitMeasure>100 גרם</UnitMeasure>
      <BisWeighted>0</BisWeighted>
      <QtyInPackage>1</QtyInPackage>
      <ItemPrice>5.90</ItemPrice>
      <UnitOfMeasurePrice>1.48</UnitOfMeasurePrice>
      <AllowDiscount>0</AllowDiscount>
      <itemStatus>1</itemStatus>
      <LastUpdateDate />
      <LastUpdateTime />
    </Product>
    <Product>
      <PriceUpdateDate>2018/04/24 12:38</PriceUpdateDate>
      <ItemCode>7290015347266</ItemCode>
      <ItemType>1</ItemType>
      <ItemName>פירורי לחם לבנים 200 גר` מיה</ItemName>
      <ManufactureName>מיה תעשיות מזון מ.ת.מ. בעמ</ManufactureName>
      <ManufactureCountry />
      <ManufactureItemDescription />
      <UnitQty>יח`</UnitQty>
      <Quantity>2</Quantity>
      <UnitMeasure>100 גרם</UnitMeasure>
      <BisWeighted>0</BisWeighted>
      <QtyInPackage>1</QtyInPackage>
      <ItemPrice>2.90</ItemPrice>
      <UnitOfMeasurePrice>1.45</UnitOfMeasurePrice>
      <AllowDiscount>0</AllowDiscount>
      <itemStatus>1</itemStatus>
      <LastUpdateDate />
      <LastUpdateTime />
    </Product>
    <Product>
      <PriceUpdateDate>2019/04/10 14:37</PriceUpdateDate>
      <ItemCode>7290015347280</ItemCode>
      <ItemType>1</ItemType>
      <ItemName>מעדן תות 280  גר`ללא גלוטן מיה</ItemName>
      <ManufactureName>מיה תעשיות מזון מ.ת.מ. בעמ</ManufactureName>
      <ManufactureCountry />
      <ManufactureItemDescription />
      <UnitQty>יח`</UnitQty>
      <Quantity>2.80</Quantity>
      <UnitMeasure>100 גרם</UnitMeasure>
      <BisWeighted>0</BisWeighted>
      <QtyInPackage>1</QtyInPackage>
      <ItemPrice>13.90</ItemPrice>
      <UnitOfMeasurePrice>4.96</UnitOfMeasurePrice>
      <AllowDiscount>0</AllowDiscount>
      <itemStatus>1</itemStatus>
      <LastUpdateDate />
      <LastUpdateTime />
    </Product>
    <Product>
      <PriceUpdateDate>2019/04/10 14:37</PriceUpdateDate>
      <ItemCode>7290015347303</ItemCode>
      <ItemType>1</ItemType>
      <ItemName>מעדן אוכמניות 280  גר`ללא גלוטן מיה</ItemName>
      <ManufactureName>מיה תעשיות מזון מ.ת.מ. בעמ</ManufactureName>
      <ManufactureCountry />
      <ManufactureItemDescription />
      <UnitQty>יח`</UnitQty>
      <Quantity>2.80</Quantity>
      <UnitMeasure>100 גרם</UnitMeasure>
      <BisWeighted>0</BisWeighted>
      <QtyInPackage>1</QtyInPackage>
      <ItemPrice>13.90</ItemPrice>
      <UnitOfMeasurePrice>4.96</UnitOfMeasurePrice>
      <AllowDiscount>0</AllowDiscount>
      <itemStatus>1</itemStatus>
      <LastUpdateDate />
      <LastUpdateTime />
    </Product>
    <Product>
      <PriceUpdateDate>2018/04/24 12:44</PriceUpdateDate>
      <ItemCode>7290015347464</ItemCode>
      <ItemType>1</ItemType>
      <ItemName>קינואה מעורבת 400 גר` מיה</ItemName>
      <ManufactureName>מיה תעשיות מזון מ.ת.מ. בעמ</ManufactureName>
      <ManufactureCountry />
      <ManufactureItemDescription />
      <UnitQty>יח`</UnitQty>
      <Quantity>4</Quantity>
      <UnitMeasure>100 גרם</UnitMeasure>
      <BisWeighted>0</BisWeighted>
      <QtyInPackage>1</QtyInPackage>
      <ItemPrice>19.90</ItemPrice>
      <UnitOfMeasurePrice>4.98</UnitOfMeasurePrice>
      <AllowDiscount>0</AllowDiscount>
      <itemStatus>1</itemStatus>
      <LastUpdateDate />
      <LastUpdateTime />
    </Product>
    <Product>
      <PriceUpdateDate>2018/04/24 12:03</PriceUpdateDate>
      <ItemCode>7290015347488</ItemCode>
      <ItemType>1</ItemType>
      <ItemName>סוכר דמררה שקית מיה (1 קג)</ItemName>
      <ManufactureName>מיה תעשיות מזון מ.ת.מ. בעמ</ManufactureName>
      <ManufactureCountry />
      <ManufactureItemDescription />
      <UnitQty>יח`</UnitQty>
      <Quantity>1</Quantity>
      <UnitMeasure>ק"ג</UnitMeasure>
      <BisWeighted>0</BisWeighted>
      <QtyInPackage>1</QtyInPackage>
      <ItemPrice>11.90</ItemPrice>
      <UnitOfMeasurePrice>11.90</UnitOfMeasurePrice>
      <AllowDiscount>0</AllowDiscount>
      <itemStatus>1</itemStatus>
      <LastUpdateDate />
      <LastUpdateTime />
    </Product>
    <Product>
      <PriceUpdateDate>2018/04/24 13:07</PriceUpdateDate>
      <ItemCode>7290015347525</ItemCode>
      <ItemType>1</ItemType>
      <ItemName>צ`יפס בטטה עם שום ורוזמרין 80 גר מיה</ItemName>
      <ManufactureName>מיה תעשיות מזון מ.ת.מ. בעמ</ManufactureName>
      <ManufactureCountry />
      <ManufactureItemDescription />
      <UnitQty>יח`</UnitQty>
      <Quantity>0.80</Quantity>
      <UnitMeasure>100 גרם</UnitMeasure>
      <BisWeighted>0</BisWeighted>
      <QtyInPackage>1</QtyInPackage>
      <ItemPrice>9.90</ItemPrice>
      <UnitOfMeasurePrice>12.38</UnitOfMeasurePrice>
      <AllowDiscount>0</AllowDiscount>
      <itemStatus>1</itemStatus>
      <LastUpdateDate />
      <LastUpdateTime />
    </Product>
    <Product>
      <PriceUpdateDate>2018/04/24 13:07</PriceUpdateDate>
      <ItemCode>7290015347532</ItemCode>
      <ItemType>1</ItemType>
      <ItemName>צ`יפס בטטה עם שמן זית ועשבי טיבול 80 גר</ItemName>
      <ManufactureName>מיה תעשיות מזון מ.ת.מ. בעמ</ManufactureName>
      <ManufactureCountry />
      <ManufactureItemDescription />
      <UnitQty>יח`</UnitQty>
      <Quantity>0.80</Quantity>
      <UnitMeasure>100 גרם</UnitMeasure>
      <BisWeighted>0</BisWeighted>
      <QtyInPackage>1</QtyInPackage>
      <ItemPrice>9.90</ItemPrice>
      <UnitOfMeasurePrice>12.38</UnitOfMeasurePrice>
      <AllowDiscount>0</AllowDiscount>
      <itemStatus>1</itemStatus>
      <LastUpdateDate />
      <LastUpdateTime />
    </Product>
    <Product>
      <PriceUpdateDate>2018/04/24 12:58</PriceUpdateDate>
      <ItemCode>7290015347730</ItemCode>
      <ItemType>1</ItemType>
      <ItemName>ציפס בטטה מיקס</ItemName>
      <ManufactureName>מיה תעשיות מזון מ.ת.מ. בעמ</ManufactureName>
      <ManufactureCountry />
      <ManufactureItemDescription />
      <UnitQty>יח`</UnitQty>
      <Quantity>0.80</Quantity>
      <UnitMeasure>100 גרם</UnitMeasure>
      <BisWeighted>0</BisWeighted>
      <QtyInPackage>1</QtyInPackage>
      <ItemPrice>9.90</ItemPrice>
      <UnitOfMeasurePrice>12.38</UnitOfMeasurePrice>
      <AllowDiscount>0</AllowDiscount>
      <itemStatus>1</itemStatus>
      <LastUpdateDate />
      <LastUpdateTime />
    </Product>
    <Product>
      <PriceUpdateDate>2018/04/24 13:03</PriceUpdateDate>
      <ItemCode>7290015347990</ItemCode>
      <ItemType>1</ItemType>
      <ItemName>עדשי שוקולד שמיניה 160  גר`מיה</ItemName>
      <ManufactureName>מיה תעשיות מזון מ.ת.מ. בעמ</ManufactureName>
      <ManufactureCountry />
      <ManufactureItemDescription />
      <UnitQty>יח`</UnitQty>
      <Quantity>1.60</Quantity>
      <UnitMeasure>100 גרם</UnitMeasure>
      <BisWeighted>0</BisWeighted>
      <QtyInPackage>1</QtyInPackage>
      <ItemPrice>9.90</ItemPrice>
      <UnitOfMeasurePrice>6.19</UnitOfMeasurePrice>
      <AllowDiscount>0</AllowDiscount>
      <itemStatus>1</itemStatus>
      <LastUpdateDate />
      <LastUpdateTime />
    </Product>
    <Product>
      <PriceUpdateDate>2018/04/24 13:01</PriceUpdateDate>
      <ItemCode>7290015348300</ItemCode>
      <ItemType>1</ItemType>
      <ItemName>ריחן קברנה סוביניון 750 מל ברקן</ItemName>
      <ManufactureName>טמפו משקאות בעמ</ManufactureName>
      <ManufactureCountry />
      <ManufactureItemDescription />
      <UnitQty>יח`</UnitQty>
      <Quantity>7.50</Quantity>
      <UnitMeasure>100 מ"ל</UnitMeasure>
      <BisWeighted>0</BisWeighted>
      <QtyInPackage>1</QtyInPackage>
      <ItemPrice>64.90</ItemPrice>
      <UnitOfMeasurePrice>8.61</UnitOfMeasurePrice>
      <AllowDiscount>1</AllowDiscount>
      <itemStatus>1</itemStatus>
      <LastUpdateDate />
      <LastUpdateTime />
    </Product>
    <Product>
      <PriceUpdateDate>2018/04/24 12:56</PriceUpdateDate>
      <ItemCode>7290015348386</ItemCode>
      <ItemType>1</ItemType>
      <ItemName>מרום גליל רוזה 750 מל</ItemName>
      <ManufactureName>טמפו משקאות בעמ</ManufactureName>
      <ManufactureCountry />
      <ManufactureItemDescription />
      <UnitQty>יח`</UnitQty>
      <Quantity>7.50</Quantity>
      <UnitMeasure>100 מ"ל</UnitMeasure>
      <BisWeighted>0</BisWeighted>
      <QtyInPackage>1</QtyInPackage>
      <ItemPrice>39.90</ItemPrice>
      <UnitOfMeasurePrice>5.28</UnitOfMeasurePrice>
      <AllowDiscount>1</AllowDiscount>
      <itemStatus>1</itemStatus>
      <LastUpdateDate />
      <LastUpdateTime />
    </Product>
    <Product>
      <PriceUpdateDate>2018/04/24 12:26</PriceUpdateDate>
      <ItemCode>7290015355834</ItemCode>
      <ItemType>1</ItemType>
      <ItemName>מתבל עגבניות חריף היינץ (855 גרם)</ItemName>
      <ManufactureName>דיפלומט היינץ</ManufactureName>
      <ManufactureCountry />
      <ManufactureItemDescription />
      <UnitQty>יח`</UnitQty>
      <Quantity>8.85</Quantity>
      <UnitMeasure>100 גרם</UnitMeasure>
      <BisWeighted>0</BisWeighted>
      <QtyInPackage>1</QtyInPackage>
      <ItemPrice>17.90</ItemPrice>
      <UnitOfMeasurePrice>2.02</UnitOfMeasurePrice>
      <AllowDiscount>0</AllowDiscount>
      <itemStatus>1</itemStatus>
      <LastUpdateDate />
      <LastUpdateTime />
    </Product>
    <Product>
      <PriceUpdateDate>2018/04/24 12:34</PriceUpdateDate>
      <ItemCode>7290015366663</ItemCode>
      <ItemType>1</ItemType>
      <ItemName>אקוה פרש 100 מל עדין</ItemName>
      <ManufactureName>גורי ע.ע.ע בעמ</ManufactureName>
      <ManufactureCountry />
      <ManufactureItemDescription />
      <UnitQty>יח`</UnitQty>
      <Quantity>1</Quantity>
      <UnitMeasure>100 גרם</UnitMeasure>
      <BisWeighted>0</BisWeighted>
      <QtyInPackage>1</QtyInPackage>
      <ItemPrice>7.90</ItemPrice>
      <UnitOfMeasurePrice>7.90</UnitOfMeasurePrice>
      <AllowDiscount>1</AllowDiscount>
      <itemStatus>1</itemStatus>
      <LastUpdateDate />
      <LastUpdateTime />
    </Product>
    <Product>
      <PriceUpdateDate>2018/04/24 12:34</PriceUpdateDate>
      <ItemCode>7290015366670</ItemCode>
      <ItemType>1</ItemType>
      <ItemName>משחת שיניים בטעם מנטה אקוהפרש (100 מל)</ItemName>
      <ManufactureName>גורי ע.ע.ע בעמ</ManufactureName>
      <ManufactureCountry />
      <ManufactureItemDescription />
      <UnitQty>יח`</UnitQty>
      <Quantity>1</Quantity>
      <UnitMeasure>100 מ"ל</UnitMeasure>
      <BisWeighted>0</BisWeighted>
      <QtyInPackage>1</QtyInPackage>
      <ItemPrice>7.90</ItemPrice>
      <UnitOfMeasurePrice>7.90</UnitOfMeasurePrice>
      <AllowDiscount>1</AllowDiscount>
      <itemStatus>1</itemStatus>
      <LastUpdateDate />
      <LastUpdateTime />
    </Product>
    <Product>
      <PriceUpdateDate>2018/04/24 12:04</PriceUpdateDate>
      <ItemCode>7290015395045</ItemCode>
      <ItemType>1</ItemType>
      <ItemName>קינואה שקדיה (400 גרם)</ItemName>
      <ManufactureName>דין שיווק וקליה בעמ</ManufactureName>
      <ManufactureCountry />
      <ManufactureItemDescription />
      <UnitQty>יח`</UnitQty>
      <Quantity>4</Quantity>
      <UnitMeasure>100 גרם</UnitMeasure>
      <BisWeighted>0</BisWeighted>
      <QtyInPackage>1</QtyInPackage>
      <ItemPrice>14.90</ItemPrice>
      <UnitOfMeasurePrice>3.73</UnitOfMeasurePrice>
      <AllowDiscount>1</AllowDiscount>
      <itemStatus>1</itemStatus>
      <LastUpdateDate />
      <LastUpdateTime />
    </Product>
    <Product>
      <PriceUpdateDate>2018/04/24 12:31</PriceUpdateDate>
      <ItemCode>7290015470094</ItemCode>
      <ItemType>1</ItemType>
      <ItemName>טוסו שוקולד מריר תפוז ללא סוכר</ItemName>
      <ManufactureName>דנשר (1963) בעמ</ManufactureName>
      <ManufactureCountry />
      <ManufactureItemDescription />
      <UnitQty>יח`</UnitQty>
      <Quantity>1</Quantity>
      <UnitMeasure>100 גרם</UnitMeasure>
      <BisWeighted>0</BisWeighted>
      <QtyInPackage>1</QtyInPackage>
      <ItemPrice>12.90</ItemPrice>
      <UnitOfMeasurePrice>12.90</UnitOfMeasurePrice>
      <AllowDiscount>0</AllowDiscount>
      <itemStatus>1</itemStatus>
      <LastUpdateDate />
      <LastUpdateTime />
    </Product>
    <Product>
      <PriceUpdateDate>2020/03/02 09:06</PriceUpdateDate>
      <ItemCode>7290015470667</ItemCode>
      <ItemType>1</ItemType>
      <ItemName>שקיות אשפה לפח 52x65 גלילונית) (35</ItemName>
      <ManufactureName>דנשר (1963) בעמ</ManufactureName>
      <ManufactureCountry />
      <ManufactureItemDescription />
      <UnitQty>יח`</UnitQty>
      <Quantity>1</Quantity>
      <UnitMeasure />
      <BisWeighted>0</BisWeighted>
      <QtyInPackage>1</QtyInPackage>
      <ItemPrice>9.90</ItemPrice>
      <UnitOfMeasurePrice>9.90</UnitOfMeasurePrice>
      <AllowDiscount>0</AllowDiscount>
      <itemStatus>1</itemStatus>
      <LastUpdateDate />
      <LastUpdateTime />
    </Product>
    <Product>
      <PriceUpdateDate>2018/05/18 09:20</PriceUpdateDate>
      <ItemCode>7290015493147</ItemCode>
      <ItemType>1</ItemType>
      <ItemName>נביעות פלוס רכיבי פרי ליצי 1.5 ליטר</ItemName>
      <ManufactureName>החברה המרכזית להפצת משקאות בעמ</ManufactureName>
      <ManufactureCountry />
      <ManufactureItemDescription />
      <UnitQty>יח`</UnitQty>
      <Quantity>1.50</Quantity>
      <UnitMeasure>1 ליטר</UnitMeasure>
      <BisWeighted>0</BisWeighted>
      <QtyInPackage>1</QtyInPackage>
      <ItemPrice>7.90</ItemPrice>
      <UnitOfMeasurePrice>5.27</UnitOfMeasurePrice>
      <AllowDiscount>0</AllowDiscount>
      <itemStatus>1</itemStatus>
      <LastUpdateDate />
      <LastUpdateTime />
    </Product>
    <Product>
      <PriceUpdateDate>2018/07/08 10:38</PriceUpdateDate>
      <ItemCode>7290015493154</ItemCode>
      <ItemType>1</ItemType>
      <ItemName>נביעות פלוס רכיבי פרי אבטיח 1.5 ליטר</ItemName>
      <ManufactureName>החברה המרכזית להפצת משקאות בעמ</ManufactureName>
      <ManufactureCountry />
      <ManufactureItemDescription />
      <UnitQty>יח`</UnitQty>
      <Quantity>1.50</Quantity>
      <UnitMeasure>1 ליטר</UnitMeasure>
      <BisWeighted>0</BisWeighted>
      <QtyInPackage>1</QtyInPackage>
      <ItemPrice>7.90</ItemPrice>
      <UnitOfMeasurePrice>5.27</UnitOfMeasurePrice>
      <AllowDiscount>0</AllowDiscount>
      <itemStatus>1</itemStatus>
      <LastUpdateDate />
      <LastUpdateTime />
    </Product>
    <Product>
      <PriceUpdateDate>2018/04/26 19:00</PriceUpdateDate>
      <ItemCode>7290015597210</ItemCode>
      <ItemType>1</ItemType>
      <ItemName>מאגדת טילון קורנטו פרווה טבעוני</ItemName>
      <ManufactureName>גלידות שטראוס בעמ</ManufactureName>
      <ManufactureCountry />
      <ManufactureItemDescription />
      <UnitQty>יח`</UnitQty>
      <Quantity>3.78</Quantity>
      <UnitMeasure>100 גרם</UnitMeasure>
      <BisWeighted>0</BisWeighted>
      <QtyInPackage>1</QtyInPackage>
      <ItemPrice>32.90</ItemPrice>
      <UnitOfMeasurePrice>8.70</UnitOfMeasurePrice>
      <AllowDiscount>1</AllowDiscount>
      <itemStatus>1</itemStatus>
      <LastUpdateDate />
      <LastUpdateTime />
    </Product>
    <Product>
      <PriceUpdateDate>2018/07/08 11:12</PriceUpdateDate>
      <ItemCode>7290015597258</ItemCode>
      <ItemType>1</ItemType>
      <ItemName>מאגדת לייט וניל עוגיות</ItemName>
      <ManufactureName>גלידות שטראוס בעמ</ManufactureName>
      <ManufactureCountry />
      <ManufactureItemDescription />
      <UnitQty>יח`</UnitQty>
      <Quantity>3.42</Quantity>
      <UnitMeasure>100 גרם</UnitMeasure>
      <BisWeighted>0</BisWeighted>
      <QtyInPackage>1</QtyInPackage>
      <ItemPrice>30.90</ItemPrice>
      <UnitOfMeasurePrice>9.04</UnitOfMeasurePrice>
      <AllowDiscount>1</AllowDiscount>
      <itemStatus>1</itemStatus>
      <LastUpdateDate />
      <LastUpdateTime />
    </Product>
    <Product>
      <PriceUpdateDate>2018/04/24 12:41</PriceUpdateDate>
      <ItemCode>7290015597326</ItemCode>
      <ItemType>1</ItemType>
      <ItemName>מאגדת אייס לייט</ItemName>
      <ManufactureName>גלידות שטראוס בעמ</ManufactureName>
      <ManufactureCountry />
      <ManufactureItemDescription />
      <UnitQty>יח`</UnitQty>
      <Quantity>1.70</Quantity>
      <UnitMeasure>100 גרם</UnitMeasure>
      <BisWeighted>0</BisWeighted>
      <QtyInPackage>1</QtyInPackage>
      <ItemPrice>24.90</ItemPrice>
      <UnitOfMeasurePrice>14.65</UnitOfMeasurePrice>
      <AllowDiscount>1</AllowDiscount>
      <itemStatus>1</itemStatus>
      <LastUpdateDate />
      <LastUpdateTime />
    </Product>
    <Product>
      <PriceUpdateDate>2018/04/24 12:52</PriceUpdateDate>
      <ItemCode>7290015597548</ItemCode>
      <ItemType>1</ItemType>
      <ItemName>קרמיסימו בננה שוקולד צ`יפ</ItemName>
      <ManufactureName>גלידות שטראוס בעמ</ManufactureName>
      <ManufactureCountry />
      <ManufactureItemDescription />
      <UnitQty>יח`</UnitQty>
      <Quantity>133</Quantity>
      <UnitMeasure>1 ליטר</UnitMeasure>
      <BisWeighted>0</BisWeighted>
      <QtyInPackage>1</QtyInPackage>
      <ItemPrice>18.90</ItemPrice>
      <UnitOfMeasurePrice>0.14</UnitOfMeasurePrice>
      <AllowDiscount>1</AllowDiscount>
      <itemStatus>1</itemStatus>
      <LastUpdateDate />
      <LastUpdateTime />
    </Product>
    <Product>
      <PriceUpdateDate>2018/04/26 19:00</PriceUpdateDate>
      <ItemCode>7290015597883</ItemCode>
      <ItemType>1</ItemType>
      <ItemName>מאגדת מיני סולרו פסיפלורה שטראוס</ItemName>
      <ManufactureName>גלידות שטראוס בעמ</ManufactureName>
      <ManufactureCountry />
      <ManufactureItemDescription />
      <UnitQty>יח`</UnitQty>
      <Quantity>3.25</Quantity>
      <UnitMeasure>100 גרם</UnitMeasure>
      <BisWeighted>0</BisWeighted>
      <QtyInPackage>1</QtyInPackage>
      <ItemPrice>21.90</ItemPrice>
      <UnitOfMeasurePrice>6.74</UnitOfMeasurePrice>
      <AllowDiscount>1</AllowDiscount>
      <itemStatus>1</itemStatus>
      <LastUpdateDate />
      <LastUpdateTime />
    </Product>
    <Product>
      <PriceUpdateDate>2018/08/05 11:28</PriceUpdateDate>
      <ItemCode>7290015644297</ItemCode>
      <ItemType>1</ItemType>
      <ItemName>לחמניות פשוט מלא 6 יח 450 גר</ItemName>
      <ManufactureName>שלמה א. אנג`ל בעמ</ManufactureName>
      <ManufactureCountry />
      <ManufactureItemDescription />
      <UnitQty>יח`</UnitQty>
      <Quantity>4.50</Quantity>
      <UnitMeasure>100 גרם</UnitMeasure>
      <BisWeighted>0</BisWeighted>
      <QtyInPackage>1</QtyInPackage>
      <ItemPrice>10.90</ItemPrice>
      <UnitOfMeasurePrice>2.42</UnitOfMeasurePrice>
      <AllowDiscount>0</AllowDiscount>
      <itemStatus>1</itemStatus>
      <LastUpdateDate />
      <LastUpdateTime />
    </Product>
    <Product>
      <PriceUpdateDate>2018/04/24 12:47</PriceUpdateDate>
      <ItemCode>7290015644426</ItemCode>
      <ItemType>1</ItemType>
      <ItemName>לחם מחמצת חיטה מלאה ודגנים</ItemName>
      <ManufactureName>שלמה א. אנג`ל בעמ</ManufactureName>
      <ManufactureCountry />
      <ManufactureItemDescription />
      <UnitQty>יח`</UnitQty>
      <Quantity>6</Quantity>
      <UnitMeasure>100 גרם</UnitMeasure>
      <BisWeighted>0</BisWeighted>
      <QtyInPackage>1</QtyInPackage>
      <ItemPrice>15.90</ItemPrice>
      <UnitOfMeasurePrice>2.65</UnitOfMeasurePrice>
      <AllowDiscount>0</AllowDiscount>
      <itemStatus>1</itemStatus>
      <LastUpdateDate />
      <LastUpdateTime />
    </Product>
    <Product>
      <PriceUpdateDate>2018/04/24 12:47</PriceUpdateDate>
      <ItemCode>7290015644433</ItemCode>
      <ItemType>1</ItemType>
      <ItemName>לחם מחמצת 100% שיפון קל</ItemName>
      <ManufactureName>שלמה א. אנג`ל בעמ</ManufactureName>
      <ManufactureCountry />
      <ManufactureItemDescription />
      <UnitQty>יח`</UnitQty>
      <Quantity>6</Quantity>
      <UnitMeasure>100 גרם</UnitMeasure>
      <BisWeighted>0</BisWeighted>
      <QtyInPackage>1</QtyInPackage>
      <ItemPrice>15.90</ItemPrice>
      <UnitOfMeasurePrice>2.65</UnitOfMeasurePrice>
      <AllowDiscount>0</AllowDiscount>
      <itemStatus>1</itemStatus>
      <LastUpdateDate />
      <LastUpdateTime />
    </Product>
    <Product>
      <PriceUpdateDate>2018/08/08 10:38</PriceUpdateDate>
      <ItemCode>7290015652070</ItemCode>
      <ItemType>1</ItemType>
      <ItemName>קשיו קלוי 150  גר`שקית</ItemName>
      <ManufactureName>דין שיווק וקליה בעמ</ManufactureName>
      <ManufactureCountry />
      <ManufactureItemDescription />
      <UnitQty>יח`</UnitQty>
      <Quantity>1.50</Quantity>
      <UnitMeasure>100 גרם</UnitMeasure>
      <BisWeighted>0</BisWeighted>
      <QtyInPackage>1</QtyInPackage>
      <ItemPrice>12.90</ItemPrice>
      <UnitOfMeasurePrice>8.60</UnitOfMeasurePrice>
      <AllowDiscount>0</AllowDiscount>
      <itemStatus>1</itemStatus>
      <LastUpdateDate />
      <LastUpdateTime />
    </Product>
    <Product>
      <PriceUpdateDate>2018/08/08 10:38</PriceUpdateDate>
      <ItemCode>7290015652087</ItemCode>
      <ItemType>1</ItemType>
      <ItemName>תערובת פיצוחים 150  גר`בשקית</ItemName>
      <ManufactureName>דין שיווק וקליה בעמ</ManufactureName>
      <ManufactureCountry />
      <ManufactureItemDescription />
      <UnitQty>יח`</UnitQty>
      <Quantity>1.50</Quantity>
      <UnitMeasure>100 גרם</UnitMeasure>
      <BisWeighted>0</BisWeighted>
      <QtyInPackage>1</QtyInPackage>
      <ItemPrice>12.90</ItemPrice>
      <UnitOfMeasurePrice>8.60</UnitOfMeasurePrice>
      <AllowDiscount>0</AllowDiscount>
      <itemStatus>1</itemStatus>
      <LastUpdateDate />
      <LastUpdateTime />
    </Product>
    <Product>
      <PriceUpdateDate>2018/04/24 12:31</PriceUpdateDate>
      <ItemCode>7290015652148</ItemCode>
      <ItemType>1</ItemType>
      <ItemName>רוטב עגבניות ושום לפסטה 680מל אהרוני</ItemName>
      <ManufactureName>דין שיווק וקליה בעמ</ManufactureName>
      <ManufactureCountry />
      <ManufactureItemDescription />
      <UnitQty>יח`</UnitQty>
      <Quantity>6.80</Quantity>
      <UnitMeasure>100 מ"ל</UnitMeasure>
      <BisWeighted>0</BisWeighted>
      <QtyInPackage>1</QtyInPackage>
      <ItemPrice>12.90</ItemPrice>
      <UnitOfMeasurePrice>1.90</UnitOfMeasurePrice>
      <AllowDiscount>1</AllowDiscount>
      <itemStatus>1</itemStatus>
      <LastUpdateDate />
      <LastUpdateTime />
    </Product>
    <Product>
      <PriceUpdateDate>2018/04/24 12:22</PriceUpdateDate>
      <ItemCode>7290015652261</ItemCode>
      <ItemType>1</ItemType>
      <ItemName>בוטנים קלויים 400 גר`</ItemName>
      <ManufactureName>דין שיווק וקליה בעמ</ManufactureName>
      <ManufactureCountry />
      <ManufactureItemDescription />
      <UnitQty>יח`</UnitQty>
      <Quantity>4</Quantity>
      <UnitMeasure>100 גרם</UnitMeasure>
      <BisWeighted>0</BisWeighted>
      <QtyInPackage>1</QtyInPackage>
      <ItemPrice>10</ItemPrice>
      <UnitOfMeasurePrice>2.50</UnitOfMeasurePrice>
      <AllowDiscount>0</AllowDiscount>
      <itemStatus>1</itemStatus>
      <LastUpdateDate />
      <LastUpdateTime />
    </Product>
    <Product>
      <PriceUpdateDate>2018/04/24 12:22</PriceUpdateDate>
      <ItemCode>7290015652278</ItemCode>
      <ItemType>1</ItemType>
      <ItemName>תערובת פיצוחים 300 גר`</ItemName>
      <ManufactureName>דין שיווק וקליה בעמ</ManufactureName>
      <ManufactureCountry />
      <ManufactureItemDescription />
      <UnitQty>יח`</UnitQty>
      <Quantity>3</Quantity>
      <UnitMeasure>100 גרם</UnitMeasure>
      <BisWeighted>0</BisWeighted>
      <QtyInPackage>1</QtyInPackage>
      <ItemPrice>20</ItemPrice>
      <UnitOfMeasurePrice>6.67</UnitOfMeasurePrice>
      <AllowDiscount>0</AllowDiscount>
      <itemStatus>1</itemStatus>
      <LastUpdateDate />
      <LastUpdateTime />
    </Product>
    <Product>
      <PriceUpdateDate>2018/04/24 12:22</PriceUpdateDate>
      <ItemCode>7290015652285</ItemCode>
      <ItemType>1</ItemType>
      <ItemName>אגוזים קלופים דין שיווק (250 גרם)</ItemName>
      <ManufactureName>דין שיווק וקליה בעמ</ManufactureName>
      <ManufactureCountry />
      <ManufactureItemDescription />
      <UnitQty>יח`</UnitQty>
      <Quantity>2.50</Quantity>
      <UnitMeasure>100 גרם</UnitMeasure>
      <BisWeighted>0</BisWeighted>
      <QtyInPackage>1</QtyInPackage>
      <ItemPrice>20</ItemPrice>
      <UnitOfMeasurePrice>8</UnitOfMeasurePrice>
      <AllowDiscount>0</AllowDiscount>
      <itemStatus>1</itemStatus>
      <LastUpdateDate />
      <LastUpdateTime />
    </Product>
    <Product>
      <PriceUpdateDate>2018/04/24 12:22</PriceUpdateDate>
      <ItemCode>7290015652292</ItemCode>
      <ItemType>1</ItemType>
      <ItemName>קבוקים עם שומשום 500 גר`</ItemName>
      <ManufactureName>דין שיווק וקליה בעמ</ManufactureName>
      <ManufactureCountry />
      <ManufactureItemDescription />
      <UnitQty>יח`</UnitQty>
      <Quantity>5</Quantity>
      <UnitMeasure>100 גרם</UnitMeasure>
      <BisWeighted>0</BisWeighted>
      <QtyInPackage>1</QtyInPackage>
      <ItemPrice>10</ItemPrice>
      <UnitOfMeasurePrice>2</UnitOfMeasurePrice>
      <AllowDiscount>0</AllowDiscount>
      <itemStatus>1</itemStatus>
      <LastUpdateDate />
      <LastUpdateTime />
    </Product>
    <Product>
      <PriceUpdateDate>2018/04/24 12:20</PriceUpdateDate>
      <ItemCode>7290015652407</ItemCode>
      <ItemType>1</ItemType>
      <ItemName>פיסטוק קלוי שקדיה (250 גרם)</ItemName>
      <ManufactureName>דין שיווק וקליה בעמ</ManufactureName>
      <ManufactureCountry />
      <ManufactureItemDescription />
      <UnitQty>יח`</UnitQty>
      <Quantity>2.50</Quantity>
      <UnitMeasure>100 גרם</UnitMeasure>
      <BisWeighted>0</BisWeighted>
      <QtyInPackage>1</QtyInPackage>
      <ItemPrice>20</ItemPrice>
      <UnitOfMeasurePrice>8</UnitOfMeasurePrice>
      <AllowDiscount>0</AllowDiscount>
      <itemStatus>1</itemStatus>
      <LastUpdateDate />
      <LastUpdateTime />
    </Product>
    <Product>
      <PriceUpdateDate>2018/04/24 12:18</PriceUpdateDate>
      <ItemCode>7290015652605</ItemCode>
      <ItemType>1</ItemType>
      <ItemName>פיסטוק קלוף 100 גר השף</ItemName>
      <ManufactureName>דין שיווק וקליה בעמ</ManufactureName>
      <ManufactureCountry />
      <ManufactureItemDescription />
      <UnitQty>יח`</UnitQty>
      <Quantity>1</Quantity>
      <UnitMeasure>100 גרם</UnitMeasure>
      <BisWeighted>0</BisWeighted>
      <QtyInPackage>1</QtyInPackage>
      <ItemPrice>24.90</ItemPrice>
      <UnitOfMeasurePrice>24.90</UnitOfMeasurePrice>
      <AllowDiscount>0</AllowDiscount>
      <itemStatus>1</itemStatus>
      <LastUpdateDate />
      <LastUpdateTime />
    </Product>
    <Product>
      <PriceUpdateDate>2018/04/24 12:44</PriceUpdateDate>
      <ItemCode>7290015673198</ItemCode>
      <ItemType>1</ItemType>
      <ItemName>בורגר על האש טקסס עם פטריות 400 גרם</ItemName>
      <ManufactureName>ל.י.ב. (לחיות יותר בטבע) בעמ</ManufactureName>
      <ManufactureCountry />
      <ManufactureItemDescription />
      <UnitQty>יח`</UnitQty>
      <Quantity>4</Quantity>
      <UnitMeasure>100 גרם</UnitMeasure>
      <BisWeighted>0</BisWeighted>
      <QtyInPackage>1</QtyInPackage>
      <ItemPrice>21.90</ItemPrice>
      <UnitOfMeasurePrice>5.48</UnitOfMeasurePrice>
      <AllowDiscount>0</AllowDiscount>
      <itemStatus>1</itemStatus>
      <LastUpdateDate />
      <LastUpdateTime />
    </Product>
    <Product>
      <PriceUpdateDate>2018/04/24 12:44</PriceUpdateDate>
      <ItemCode>7290015673204</ItemCode>
      <ItemType>1</ItemType>
      <ItemName>קבב בולגרי עם פטרוזיליה 400 גרם</ItemName>
      <ManufactureName>ל.י.ב. (לחיות יותר בטבע) בעמ</ManufactureName>
      <ManufactureCountry />
      <ManufactureItemDescription />
      <UnitQty>יח`</UnitQty>
      <Quantity>4</Quantity>
      <UnitMeasure>100 גרם</UnitMeasure>
      <BisWeighted>0</BisWeighted>
      <QtyInPackage>1</QtyInPackage>
      <ItemPrice>21.90</ItemPrice>
      <UnitOfMeasurePrice>5.48</UnitOfMeasurePrice>
      <AllowDiscount>0</AllowDiscount>
      <itemStatus>1</itemStatus>
      <LastUpdateDate />
      <LastUpdateTime />
    </Product>
    <Product>
      <PriceUpdateDate>2019/02/01 07:56</PriceUpdateDate>
      <ItemCode>7290015673570</ItemCode>
      <ItemType>1</ItemType>
      <ItemName>קריספי טופו-נגיסי  טופו מוכנים לאכילה 35</ItemName>
      <ManufactureName>ל.י.ב. (לחיות יותר בטבע) בעמ</ManufactureName>
      <ManufactureCountry />
      <ManufactureItemDescription />
      <UnitQty>יח`</UnitQty>
      <Quantity>3.50</Quantity>
      <UnitMeasure>100 גרם</UnitMeasure>
      <BisWeighted>0</BisWeighted>
      <QtyInPackage>1</QtyInPackage>
      <ItemPrice>21.90</ItemPrice>
      <UnitOfMeasurePrice>6.26</UnitOfMeasurePrice>
      <AllowDiscount>0</AllowDiscount>
      <itemStatus>1</itemStatus>
      <LastUpdateDate />
      <LastUpdateTime />
    </Product>
    <Product>
      <PriceUpdateDate>2019/02/01 07:56</PriceUpdateDate>
      <ItemCode>7290015673594</ItemCode>
      <ItemType>1</ItemType>
      <ItemName>קריספי טופו-נגיסי  טופו ברוטב בוטנים וקא</ItemName>
      <ManufactureName>ל.י.ב. (לחיות יותר בטבע) בעמ</ManufactureName>
      <ManufactureCountry />
      <ManufactureItemDescription />
      <UnitQty>יח`</UnitQty>
      <Quantity>3.50</Quantity>
      <UnitMeasure>100 גרם</UnitMeasure>
      <BisWeighted>0</BisWeighted>
      <QtyInPackage>1</QtyInPackage>
      <ItemPrice>21.90</ItemPrice>
      <UnitOfMeasurePrice>6.26</UnitOfMeasurePrice>
      <AllowDiscount>0</AllowDiscount>
      <itemStatus>1</itemStatus>
      <LastUpdateDate />
      <LastUpdateTime />
    </Product>
    <Product>
      <PriceUpdateDate>2019/08/05 14:45</PriceUpdateDate>
      <ItemCode>7290015673662</ItemCode>
      <ItemType>1</ItemType>
      <ItemName>שניצלוני טופו 400  גר`ליב</ItemName>
      <ManufactureName>ל.י.ב. (לחיות יותר בטבע) בעמ</ManufactureName>
      <ManufactureCountry />
      <ManufactureItemDescription />
      <UnitQty>יח`</UnitQty>
      <Quantity>4</Quantity>
      <UnitMeasure>100 גרם</UnitMeasure>
      <BisWeighted>0</BisWeighted>
      <QtyInPackage>1</QtyInPackage>
      <ItemPrice>27.90</ItemPrice>
      <UnitOfMeasurePrice>6.98</UnitOfMeasurePrice>
      <AllowDiscount>0</AllowDiscount>
      <itemStatus>1</itemStatus>
      <LastUpdateDate />
      <LastUpdateTime />
    </Product>
    <Product>
      <PriceUpdateDate>2018/08/08 10:38</PriceUpdateDate>
      <ItemCode>7290015719070</ItemCode>
      <ItemType>1</ItemType>
      <ItemName>חסה רגילה מהבוסתן שבכפר מהדרין</ItemName>
      <ManufactureName>י.ל.ת שיווק בעמ - קוסיגנציה</ManufactureName>
      <ManufactureCountry />
      <ManufactureItemDescription />
      <UnitQty>יח`</UnitQty>
      <Quantity>1</Quantity>
      <UnitMeasure />
      <BisWeighted>0</BisWeighted>
      <QtyInPackage>1</QtyInPackage>
      <ItemPrice>6.90</ItemPrice>
      <UnitOfMeasurePrice>6.90</UnitOfMeasurePrice>
      <AllowDiscount>1</AllowDiscount>
      <itemStatus>1</itemStatus>
      <LastUpdateDate />
      <LastUpdateTime />
    </Product>
    <Product>
      <PriceUpdateDate>2018/06/04 07:58</PriceUpdateDate>
      <ItemCode>7290015733120</ItemCode>
      <ItemType>1</ItemType>
      <ItemName>מטרנה גולד שלב 1 (700 גר`)</ItemName>
      <ManufactureName>קבוצת אסם סחר שות. מוגבלת</ManufactureName>
      <ManufactureCountry />
      <ManufactureItemDescription />
      <UnitQty>יח`</UnitQty>
      <Quantity>7</Quantity>
      <UnitMeasure>100 גרם</UnitMeasure>
      <BisWeighted>0</BisWeighted>
      <QtyInPackage>1</QtyInPackage>
      <ItemPrice>74.90</ItemPrice>
      <UnitOfMeasurePrice>10.70</UnitOfMeasurePrice>
      <AllowDiscount>1</AllowDiscount>
      <itemStatus>1</itemStatus>
      <LastUpdateDate />
      <LastUpdateTime />
    </Product>
    <Product>
      <PriceUpdateDate>2019/02/24 12:04</PriceUpdateDate>
      <ItemCode>7290015733205</ItemCode>
      <ItemType>1</ItemType>
      <ItemName>מטרנה אקסטרא קייר 700 גר` שלב 1 מהדרין</ItemName>
      <ManufactureName>קבוצת אסם סחר שות. מוגבלת</ManufactureName>
      <ManufactureCountry />
      <ManufactureItemDescription />
      <UnitQty>יח`</UnitQty>
      <Quantity>7</Quantity>
      <UnitMeasure>100 גרם</UnitMeasure>
      <BisWeighted>0</BisWeighted>
      <QtyInPackage>1</QtyInPackage>
      <ItemPrice>67.90</ItemPrice>
      <UnitOfMeasurePrice>9.70</UnitOfMeasurePrice>
      <AllowDiscount>1</AllowDiscount>
      <itemStatus>1</itemStatus>
      <LastUpdateDate />
      <LastUpdateTime />
    </Product>
    <Product>
      <PriceUpdateDate>2019/02/24 12:04</PriceUpdateDate>
      <ItemCode>7290015733229</ItemCode>
      <ItemType>1</ItemType>
      <ItemName>מטרנה אקסטרא קייר 700 גר` שלב 2 מהדרין</ItemName>
      <ManufactureName>קבוצת אסם סחר שות. מוגבלת</ManufactureName>
      <ManufactureCountry />
      <ManufactureItemDescription />
      <UnitQty>יח`</UnitQty>
      <Quantity>7</Quantity>
      <UnitMeasure>100 גרם</UnitMeasure>
      <BisWeighted>0</BisWeighted>
      <QtyInPackage>1</QtyInPackage>
      <ItemPrice>67.90</ItemPrice>
      <UnitOfMeasurePrice>9.70</UnitOfMeasurePrice>
      <AllowDiscount>1</AllowDiscount>
      <itemStatus>1</itemStatus>
      <LastUpdateDate />
      <LastUpdateTime />
    </Product>
    <Product>
      <PriceUpdateDate>2018/04/24 12:19</PriceUpdateDate>
      <ItemCode>7290015781008</ItemCode>
      <ItemType>1</ItemType>
      <ItemName>יין מרלו ויז`יון טפרברג (750 מל)</ItemName>
      <ManufactureName>יקב טפרברג 1870 בעמ (יינות ומש</ManufactureName>
      <ManufactureCountry />
      <ManufactureItemDescription />
      <UnitQty>יח`</UnitQty>
      <Quantity>7.50</Quantity>
      <UnitMeasure>100 מ"ל</UnitMeasure>
      <BisWeighted>0</BisWeighted>
      <QtyInPackage>1</QtyInPackage>
      <ItemPrice>34.90</ItemPrice>
      <UnitOfMeasurePrice>4.61</UnitOfMeasurePrice>
      <AllowDiscount>1</AllowDiscount>
      <itemStatus>1</itemStatus>
      <LastUpdateDate />
      <LastUpdateTime />
    </Product>
    <Product>
      <PriceUpdateDate>2018/04/24 12:19</PriceUpdateDate>
      <ItemCode>7290015781046</ItemCode>
      <ItemType>1</ItemType>
      <ItemName>יין לבן חצי יבש VISION</ItemName>
      <ManufactureName>יקב טפרברג 1870 בעמ (יינות ומש</ManufactureName>
      <ManufactureCountry />
      <ManufactureItemDescription />
      <UnitQty>יח`</UnitQty>
      <Quantity>7.50</Quantity>
      <UnitMeasure>100 מ"ל</UnitMeasure>
      <BisWeighted>0</BisWeighted>
      <QtyInPackage>1</QtyInPackage>
      <ItemPrice>34.90</ItemPrice>
      <UnitOfMeasurePrice>4.61</UnitOfMeasurePrice>
      <AllowDiscount>1</AllowDiscount>
      <itemStatus>1</itemStatus>
      <LastUpdateDate />
      <LastUpdateTime />
    </Product>
    <Product>
      <PriceUpdateDate>2018/04/24 12:20</PriceUpdateDate>
      <ItemCode>7290015781268</ItemCode>
      <ItemType>1</ItemType>
      <ItemName>יין אדום מוסקטו מתוק טפרברג (750 מל)</ItemName>
      <ManufactureName>יקב טפרברג 1870 בעמ (יינות ומש</ManufactureName>
      <ManufactureCountry />
      <ManufactureItemDescription />
      <UnitQty>יח`</UnitQty>
      <Quantity>7.50</Quantity>
      <UnitMeasure>100 מ"ל</UnitMeasure>
      <BisWeighted>0</BisWeighted>
      <QtyInPackage>1</QtyInPackage>
      <ItemPrice>34.90</ItemPrice>
      <UnitOfMeasurePrice>4.61</UnitOfMeasurePrice>
      <AllowDiscount>1</AllowDiscount>
      <itemStatus>1</itemStatus>
      <LastUpdateDate />
      <LastUpdateTime />
    </Product>
    <Product>
      <PriceUpdateDate>2018/04/24 12:19</PriceUpdateDate>
      <ItemCode>7290015781275</ItemCode>
      <ItemType>1</ItemType>
      <ItemName>יין לבן מוסקטו מתוק טפרברג (750 מל)</ItemName>
      <ManufactureName>יקב טפרברג 1870 בעמ (יינות ומש</ManufactureName>
      <ManufactureCountry />
      <ManufactureItemDescription />
      <UnitQty>יח`</UnitQty>
      <Quantity>7.50</Quantity>
      <UnitMeasure>100 מ"ל</UnitMeasure>
      <BisWeighted>0</BisWeighted>
      <QtyInPackage>1</QtyInPackage>
      <ItemPrice>34.90</ItemPrice>
      <UnitOfMeasurePrice>4.61</UnitOfMeasurePrice>
      <AllowDiscount>1</AllowDiscount>
      <itemStatus>1</itemStatus>
      <LastUpdateDate />
      <LastUpdateTime />
    </Product>
    <Product>
      <PriceUpdateDate>2018/04/24 12:20</PriceUpdateDate>
      <ItemCode>7290015781282</ItemCode>
      <ItemType>1</ItemType>
      <ItemName>יין גוורצטרמינר IMPRESSION</ItemName>
      <ManufactureName>יקב טפרברג 1870 בעמ (יינות ומש</ManufactureName>
      <ManufactureCountry />
      <ManufactureItemDescription />
      <UnitQty>יח`</UnitQty>
      <Quantity>7.50</Quantity>
      <UnitMeasure>100 מ"ל</UnitMeasure>
      <BisWeighted>0</BisWeighted>
      <QtyInPackage>1</QtyInPackage>
      <ItemPrice>44.90</ItemPrice>
      <UnitOfMeasurePrice>5.95</UnitOfMeasurePrice>
      <AllowDiscount>1</AllowDiscount>
      <itemStatus>1</itemStatus>
      <LastUpdateDate />
      <LastUpdateTime />
    </Product>
    <Product>
      <PriceUpdateDate>2018/04/24 12:19</PriceUpdateDate>
      <ItemCode>7290015781299</ItemCode>
      <ItemType>1</ItemType>
      <ItemName>יין שיראז ויזון יקב טפרברג (750 מל)</ItemName>
      <ManufactureName>יקב טפרברג 1870 בעמ (יינות ומש</ManufactureName>
      <ManufactureCountry />
      <ManufactureItemDescription />
      <UnitQty>יח`</UnitQty>
      <Quantity>7.50</Quantity>
      <UnitMeasure>100 מ"ל</UnitMeasure>
      <BisWeighted>0</BisWeighted>
      <QtyInPackage>1</QtyInPackage>
      <ItemPrice>34.90</ItemPrice>
      <UnitOfMeasurePrice>4.61</UnitOfMeasurePrice>
      <AllowDiscount>1</AllowDiscount>
      <itemStatus>1</itemStatus>
      <LastUpdateDate />
      <LastUpdateTime />
    </Product>
    <Product>
      <PriceUpdateDate>2020/04/01 10:17</PriceUpdateDate>
      <ItemCode>7290015833127</ItemCode>
      <ItemType>1</ItemType>
      <ItemName>ג`ל לניקוי ידיים 200 מל</ItemName>
      <ManufactureName>מים רבים בנתיב העשרה בעמ</ManufactureName>
      <ManufactureCountry />
      <ManufactureItemDescription />
      <UnitQty>יח`</UnitQty>
      <Quantity>1</Quantity>
      <UnitMeasure />
      <BisWeighted>0</BisWeighted>
      <QtyInPackage>1</QtyInPackage>
      <ItemPrice>19.90</ItemPrice>
      <UnitOfMeasurePrice>19.90</UnitOfMeasurePrice>
      <AllowDiscount>1</AllowDiscount>
      <itemStatus>1</itemStatus>
      <LastUpdateDate />
      <LastUpdateTime />
    </Product>
    <Product>
      <PriceUpdateDate>2019/06/23 12:16</PriceUpdateDate>
      <ItemCode>7290015855013</ItemCode>
      <ItemType>1</ItemType>
      <ItemName>פלפלונים -טינקרבל א.אדמה</ItemName>
      <ManufactureName>א.אדמה (2007) בעמ</ManufactureName>
      <ManufactureCountry />
      <ManufactureItemDescription />
      <UnitQty>יח`</UnitQty>
      <Quantity>1</Quantity>
      <UnitMeasure />
      <BisWeighted>0</BisWeighted>
      <QtyInPackage>1</QtyInPackage>
      <ItemPrice>8.90</ItemPrice>
      <UnitOfMeasurePrice>8.90</UnitOfMeasurePrice>
      <AllowDiscount>1</AllowDiscount>
      <itemStatus>1</itemStatus>
      <LastUpdateDate />
      <LastUpdateTime />
    </Product>
    <Product>
      <PriceUpdateDate>2019/01/07 10:57</PriceUpdateDate>
      <ItemCode>7290015855037</ItemCode>
      <ItemType>1</ItemType>
      <ItemName>פלפל צ`ילי בשקית</ItemName>
      <ManufactureName>א.אדמה (2007) בעמ</ManufactureName>
      <ManufactureCountry />
      <ManufactureItemDescription />
      <UnitQty>יח`</UnitQty>
      <Quantity>1</Quantity>
      <UnitMeasure />
      <BisWeighted>0</BisWeighted>
      <QtyInPackage>1</QtyInPackage>
      <ItemPrice>7.90</ItemPrice>
      <UnitOfMeasurePrice>7.90</UnitOfMeasurePrice>
      <AllowDiscount>1</AllowDiscount>
      <itemStatus>1</itemStatus>
      <LastUpdateDate />
      <LastUpdateTime />
    </Product>
    <Product>
      <PriceUpdateDate>2018/04/24 12:24</PriceUpdateDate>
      <ItemCode>7290015855112</ItemCode>
      <ItemType>1</ItemType>
      <ItemName>חמציץ</ItemName>
      <ManufactureName>א.אדמה (2007) בעמ</ManufactureName>
      <ManufactureCountry />
      <ManufactureItemDescription />
      <UnitQty>יח`</UnitQty>
      <Quantity>1</Quantity>
      <UnitMeasure />
      <BisWeighted>0</BisWeighted>
      <QtyInPackage>1</QtyInPackage>
      <ItemPrice>7.90</ItemPrice>
      <UnitOfMeasurePrice>7.90</UnitOfMeasurePrice>
      <AllowDiscount>1</AllowDiscount>
      <itemStatus>1</itemStatus>
      <LastUpdateDate />
      <LastUpdateTime />
    </Product>
    <Product>
      <PriceUpdateDate>2018/04/24 12:36</PriceUpdateDate>
      <ItemCode>7290015855143</ItemCode>
      <ItemType>1</ItemType>
      <ItemName>שום קלוף 170 גרם</ItemName>
      <ManufactureName>א.אדמה (2007) בעמ</ManufactureName>
      <ManufactureCountry />
      <ManufactureItemDescription />
      <UnitQty>יח`</UnitQty>
      <Quantity>1.70</Quantity>
      <UnitMeasure>100 גרם</UnitMeasure>
      <BisWeighted>0</BisWeighted>
      <QtyInPackage>1</QtyInPackage>
      <ItemPrice>13.90</ItemPrice>
      <UnitOfMeasurePrice>8.18</UnitOfMeasurePrice>
      <AllowDiscount>1</AllowDiscount>
      <itemStatus>1</itemStatus>
      <LastUpdateDate />
      <LastUpdateTime />
    </Product>
    <Product>
      <PriceUpdateDate>2018/04/24 12:30</PriceUpdateDate>
      <ItemCode>7290015855181</ItemCode>
      <ItemType>1</ItemType>
      <ItemName>גינג`ר יחידה טרי</ItemName>
      <ManufactureName>א.אדמה (2007) בעמ</ManufactureName>
      <ManufactureCountry />
      <ManufactureItemDescription />
      <UnitQty>יח`</UnitQty>
      <Quantity>1</Quantity>
      <UnitMeasure />
      <BisWeighted>0</BisWeighted>
      <QtyInPackage>1</QtyInPackage>
      <ItemPrice>10.90</ItemPrice>
      <UnitOfMeasurePrice>10.90</UnitOfMeasurePrice>
      <AllowDiscount>1</AllowDiscount>
      <itemStatus>1</itemStatus>
      <LastUpdateDate />
      <LastUpdateTime />
    </Product>
    <Product>
      <PriceUpdateDate>2018/04/24 12:38</PriceUpdateDate>
      <ItemCode>7290015855310</ItemCode>
      <ItemType>1</ItemType>
      <ItemName>עגבניות מיובשות</ItemName>
      <ManufactureName>א.אדמה (2007) בעמ</ManufactureName>
      <ManufactureCountry />
      <ManufactureItemDescription />
      <UnitQty>יח`</UnitQty>
      <Quantity>1</Quantity>
      <UnitMeasure />
      <BisWeighted>0</BisWeighted>
      <QtyInPackage>1</QtyInPackage>
      <ItemPrice>13.90</ItemPrice>
      <UnitOfMeasurePrice>13.90</UnitOfMeasurePrice>
      <AllowDiscount>0</AllowDiscount>
      <itemStatus>1</itemStatus>
      <LastUpdateDate />
      <LastUpdateTime />
    </Product>
    <Product>
      <PriceUpdateDate>2018/04/24 12:38</PriceUpdateDate>
      <ItemCode>7290015855327</ItemCode>
      <ItemType>1</ItemType>
      <ItemName>עגבניות לחות</ItemName>
      <ManufactureName>א.אדמה (2007) בעמ</ManufactureName>
      <ManufactureCountry />
      <ManufactureItemDescription />
      <UnitQty>יח`</UnitQty>
      <Quantity>1</Quantity>
      <UnitMeasure />
      <BisWeighted>0</BisWeighted>
      <QtyInPackage>1</QtyInPackage>
      <ItemPrice>13.90</ItemPrice>
      <UnitOfMeasurePrice>13.90</UnitOfMeasurePrice>
      <AllowDiscount>0</AllowDiscount>
      <itemStatus>1</itemStatus>
      <LastUpdateDate />
      <LastUpdateTime />
    </Product>
    <Product>
      <PriceUpdateDate>2018/04/24 12:38</PriceUpdateDate>
      <ItemCode>7290015855358</ItemCode>
      <ItemType>1</ItemType>
      <ItemName>בצל שאלוט</ItemName>
      <ManufactureName>א.אדמה (2007) בעמ</ManufactureName>
      <ManufactureCountry />
      <ManufactureItemDescription />
      <UnitQty>יח`</UnitQty>
      <Quantity>1</Quantity>
      <UnitMeasure />
      <BisWeighted>0</BisWeighted>
      <QtyInPackage>1</QtyInPackage>
      <ItemPrice>13.90</ItemPrice>
      <UnitOfMeasurePrice>13.90</UnitOfMeasurePrice>
      <AllowDiscount>1</AllowDiscount>
      <itemStatus>1</itemStatus>
      <LastUpdateDate />
      <LastUpdateTime />
    </Product>
    <Product>
      <PriceUpdateDate>2018/04/24 10:36</PriceUpdateDate>
      <ItemCode>7290015855365</ItemCode>
      <ItemType>1</ItemType>
      <ItemName>שורש כורכום טרי</ItemName>
      <ManufactureName>א.אדמה (2007) בעמ</ManufactureName>
      <ManufactureCountry />
      <ManufactureItemDescription />
      <UnitQty>יח`</UnitQty>
      <Quantity>1</Quantity>
      <UnitMeasure />
      <BisWeighted>0</BisWeighted>
      <QtyInPackage>1</QtyInPackage>
      <ItemPrice>14.90</ItemPrice>
      <UnitOfMeasurePrice>14.90</UnitOfMeasurePrice>
      <AllowDiscount>1</AllowDiscount>
      <itemStatus>1</itemStatus>
      <LastUpdateDate />
      <LastUpdateTime />
    </Product>
    <Product>
      <PriceUpdateDate>2019/04/15 13:23</PriceUpdateDate>
      <ItemCode>7290015858106</ItemCode>
      <ItemType>1</ItemType>
      <ItemName>ממרח פסטו ביתי 180 גר-על לחם</ItemName>
      <ManufactureName>שטראוס גרופ בעמ/מצונן</ManufactureName>
      <ManufactureCountry />
      <ManufactureItemDescription />
      <UnitQty>יח`</UnitQty>
      <Quantity>1.80</Quantity>
      <UnitMeasure>100 גרם</UnitMeasure>
      <BisWeighted>0</BisWeighted>
      <QtyInPackage>1</QtyInPackage>
      <ItemPrice>16.90</ItemPrice>
      <UnitOfMeasurePrice>9.39</UnitOfMeasurePrice>
      <AllowDiscount>1</AllowDiscount>
      <itemStatus>1</itemStatus>
      <LastUpdateDate />
      <LastUpdateTime />
    </Product>
    <Product>
      <PriceUpdateDate>2019/11/12 10:23</PriceUpdateDate>
      <ItemCode>7290015858113</ItemCode>
      <ItemType>1</ItemType>
      <ItemName>ממרח עגבניות מיובשות 180 גר-על לחם</ItemName>
      <ManufactureName>שטראוס גרופ בעמ/מצונן</ManufactureName>
      <ManufactureCountry />
      <ManufactureItemDescription />
      <UnitQty>יח`</UnitQty>
      <Quantity>1.80</Quantity>
      <UnitMeasure>100 גרם</UnitMeasure>
      <BisWeighted>0</BisWeighted>
      <QtyInPackage>1</QtyInPackage>
      <ItemPrice>16.90</ItemPrice>
      <UnitOfMeasurePrice>9.39</UnitOfMeasurePrice>
      <AllowDiscount>1</AllowDiscount>
      <itemStatus>1</itemStatus>
      <LastUpdateDate />
      <LastUpdateTime />
    </Product>
    <Product>
      <PriceUpdateDate>2019/04/15 13:23</PriceUpdateDate>
      <ItemCode>7290015858212</ItemCode>
      <ItemType>1</ItemType>
      <ItemName>ממרח לימון כבוש 180 גר-על לחם</ItemName>
      <ManufactureName>שטראוס גרופ בעמ/מצונן</ManufactureName>
      <ManufactureCountry />
      <ManufactureItemDescription />
      <UnitQty>יח`</UnitQty>
      <Quantity>180</Quantity>
      <UnitMeasure>יח`</UnitMeasure>
      <BisWeighted>0</BisWeighted>
      <QtyInPackage>1</QtyInPackage>
      <ItemPrice>16.90</ItemPrice>
      <UnitOfMeasurePrice>0.09</UnitOfMeasurePrice>
      <AllowDiscount>1</AllowDiscount>
      <itemStatus>1</itemStatus>
      <LastUpdateDate />
      <LastUpdateTime />
    </Product>
    <Product>
      <PriceUpdateDate>2020/05/03 09:24</PriceUpdateDate>
      <ItemCode>7290015951869</ItemCode>
      <ItemType>1</ItemType>
      <ItemName>הר חרמון רוזה 750 מל</ItemName>
      <ManufactureName>היכל היין שקד גולן בעמ</ManufactureName>
      <ManufactureCountry />
      <ManufactureItemDescription />
      <UnitQty>יח`</UnitQty>
      <Quantity>7.50</Quantity>
      <UnitMeasure>100 מ"ל</UnitMeasure>
      <BisWeighted>0</BisWeighted>
      <QtyInPackage>1</QtyInPackage>
      <ItemPrice>30.90</ItemPrice>
      <UnitOfMeasurePrice>4.08</UnitOfMeasurePrice>
      <AllowDiscount>1</AllowDiscount>
      <itemStatus>1</itemStatus>
      <LastUpdateDate />
      <LastUpdateTime />
    </Product>
    <Product>
      <PriceUpdateDate>2020/05/03 09:24</PriceUpdateDate>
      <ItemCode>7290015951890</ItemCode>
      <ItemType>1</ItemType>
      <ItemName>ירדן הר חרמון קברנה סובניון 750 מל</ItemName>
      <ManufactureName>היכל היין שקד גולן בעמ</ManufactureName>
      <ManufactureCountry />
      <ManufactureItemDescription />
      <UnitQty>יח`</UnitQty>
      <Quantity>7.50</Quantity>
      <UnitMeasure>100 מ"ל</UnitMeasure>
      <BisWeighted>0</BisWeighted>
      <QtyInPackage>1</QtyInPackage>
      <ItemPrice>30.90</ItemPrice>
      <UnitOfMeasurePrice>4.08</UnitOfMeasurePrice>
      <AllowDiscount>1</AllowDiscount>
      <itemStatus>1</itemStatus>
      <LastUpdateDate />
      <LastUpdateTime />
    </Product>
    <Product>
      <PriceUpdateDate>2018/04/24 12:38</PriceUpdateDate>
      <ItemCode>7290015968102</ItemCode>
      <ItemType>1</ItemType>
      <ItemName>קיסמי שיניים רפואיים עם חוט דנטלי 100 יח</ItemName>
      <ManufactureName>אינטרסן 1996 בעמ</ManufactureName>
      <ManufactureCountry />
      <ManufactureItemDescription />
      <UnitQty>יח`</UnitQty>
      <Quantity>1</Quantity>
      <UnitMeasure />
      <BisWeighted>0</BisWeighted>
      <QtyInPackage>1</QtyInPackage>
      <ItemPrice>9.90</ItemPrice>
      <UnitOfMeasurePrice>9.90</UnitOfMeasurePrice>
      <AllowDiscount>0</AllowDiscount>
      <itemStatus>1</itemStatus>
      <LastUpdateDate />
      <LastUpdateTime />
    </Product>
    <Product>
      <PriceUpdateDate>2019/05/13 10:57</PriceUpdateDate>
      <ItemCode>7290015996945</ItemCode>
      <ItemType>1</ItemType>
      <ItemName>סוכרזית סוכרלוז 25 שקיקים</ItemName>
      <ManufactureName>שטראוס גרופ בעמ</ManufactureName>
      <ManufactureCountry />
      <ManufactureItemDescription />
      <UnitQty>יח`</UnitQty>
      <Quantity>1</Quantity>
      <UnitMeasure />
      <BisWeighted>0</BisWeighted>
      <QtyInPackage>1</QtyInPackage>
      <ItemPrice>9.90</ItemPrice>
      <UnitOfMeasurePrice>9.90</UnitOfMeasurePrice>
      <AllowDiscount>0</AllowDiscount>
      <itemStatus>1</itemStatus>
      <LastUpdateDate />
      <LastUpdateTime />
    </Product>
    <Product>
      <PriceUpdateDate>2019/01/07 10:57</PriceUpdateDate>
      <ItemCode>7290016006292</ItemCode>
      <ItemType>1</ItemType>
      <ItemName>נקטר מנגו בננה ספרינג (1 ליטר)</ItemName>
      <ManufactureName>יפאורה</ManufactureName>
      <ManufactureCountry />
      <ManufactureItemDescription />
      <UnitQty>יח`</UnitQty>
      <Quantity>10</Quantity>
      <UnitMeasure>100 מ"ל</UnitMeasure>
      <BisWeighted>0</BisWeighted>
      <QtyInPackage>1</QtyInPackage>
      <ItemPrice>5.50</ItemPrice>
      <UnitOfMeasurePrice>0.55</UnitOfMeasurePrice>
      <AllowDiscount>1</AllowDiscount>
      <itemStatus>1</itemStatus>
      <LastUpdateDate />
      <LastUpdateTime />
    </Product>
    <Product>
      <PriceUpdateDate>2018/04/24 12:42</PriceUpdateDate>
      <ItemCode>7290016006322</ItemCode>
      <ItemType>1</ItemType>
      <ItemName>מי עדן 1 ל` בק` בודד</ItemName>
      <ManufactureName>יפאורה</ManufactureName>
      <ManufactureCountry />
      <ManufactureItemDescription />
      <UnitQty>יח`</UnitQty>
      <Quantity>1</Quantity>
      <UnitMeasure>1 ליטר</UnitMeasure>
      <BisWeighted>0</BisWeighted>
      <QtyInPackage>1</QtyInPackage>
      <ItemPrice>2.90</ItemPrice>
      <UnitOfMeasurePrice>2.90</UnitOfMeasurePrice>
      <AllowDiscount>1</AllowDiscount>
      <itemStatus>1</itemStatus>
      <LastUpdateDate />
      <LastUpdateTime />
    </Product>
    <Product>
      <PriceUpdateDate>2018/04/24 12:32</PriceUpdateDate>
      <ItemCode>7290016006339</ItemCode>
      <ItemType>1</ItemType>
      <ItemName>מים מינרלים מי עדן (1x4 ליטר)</ItemName>
      <ManufactureName>יפאורה</ManufactureName>
      <ManufactureCountry />
      <ManufactureItemDescription />
      <UnitQty>יח`</UnitQty>
      <Quantity>4</Quantity>
      <UnitMeasure>1 ליטר</UnitMeasure>
      <BisWeighted>0</BisWeighted>
      <QtyInPackage>1</QtyInPackage>
      <ItemPrice>10</ItemPrice>
      <UnitOfMeasurePrice>2.20</UnitOfMeasurePrice>
      <AllowDiscount>0</AllowDiscount>
      <itemStatus>1</itemStatus>
      <LastUpdateDate />
      <LastUpdateTime />
    </Product>
    <Product>
      <PriceUpdateDate>2019/01/14 09:58</PriceUpdateDate>
      <ItemCode>7290016006865</ItemCode>
      <ItemType>1</ItemType>
      <ItemName>ספרינג אננס בננה 1.5 חיטר</ItemName>
      <ManufactureName>יפאורה</ManufactureName>
      <ManufactureCountry />
      <ManufactureItemDescription />
      <UnitQty>יח`</UnitQty>
      <Quantity>1.50</Quantity>
      <UnitMeasure>100 מ"ל</UnitMeasure>
      <BisWeighted>0</BisWeighted>
      <QtyInPackage>1</QtyInPackage>
      <ItemPrice>6.40</ItemPrice>
      <UnitOfMeasurePrice>4.27</UnitOfMeasurePrice>
      <AllowDiscount>1</AllowDiscount>
      <itemStatus>1</itemStatus>
      <LastUpdateDate />
      <LastUpdateTime />
    </Product>
    <Product>
      <PriceUpdateDate>2018/11/09 07:43</PriceUpdateDate>
      <ItemCode>7290016087147</ItemCode>
      <ItemType>1</ItemType>
      <ItemName>רוטב עגבניות מתובל לפיצה 230 גר` פרי ניר</ItemName>
      <ManufactureName>אבאל יזמות בעמ</ManufactureName>
      <ManufactureCountry />
      <ManufactureItemDescription />
      <UnitQty>יח`</UnitQty>
      <Quantity>2.30</Quantity>
      <UnitMeasure>100 גרם</UnitMeasure>
      <BisWeighted>0</BisWeighted>
      <QtyInPackage>1</QtyInPackage>
      <ItemPrice>5.90</ItemPrice>
      <UnitOfMeasurePrice>2.57</UnitOfMeasurePrice>
      <AllowDiscount>1</AllowDiscount>
      <itemStatus>1</itemStatus>
      <LastUpdateDate />
      <LastUpdateTime />
    </Product>
    <Product>
      <PriceUpdateDate>2018/11/09 07:43</PriceUpdateDate>
      <ItemCode>7290016087222</ItemCode>
      <ItemType>1</ItemType>
      <ItemName>רוטב עגבניות לשקשוקה 230 גר` פרי ניר</ItemName>
      <ManufactureName>אבאל יזמות בעמ</ManufactureName>
      <ManufactureCountry />
      <ManufactureItemDescription />
      <UnitQty>יח`</UnitQty>
      <Quantity>2.30</Quantity>
      <UnitMeasure>100 גרם</UnitMeasure>
      <BisWeighted>0</BisWeighted>
      <QtyInPackage>1</QtyInPackage>
      <ItemPrice>5.90</ItemPrice>
      <UnitOfMeasurePrice>2.57</UnitOfMeasurePrice>
      <AllowDiscount>1</AllowDiscount>
      <itemStatus>1</itemStatus>
      <LastUpdateDate />
      <LastUpdateTime />
    </Product>
    <Product>
      <PriceUpdateDate>2018/12/04 10:55</PriceUpdateDate>
      <ItemCode>7290016087499</ItemCode>
      <ItemType>1</ItemType>
      <ItemName>עגבניות חתוכות דק A1 שליישיה 400 גר` פרי</ItemName>
      <ManufactureName>אבאל יזמות בעמ</ManufactureName>
      <ManufactureCountry />
      <ManufactureItemDescription />
      <UnitQty>יח`</UnitQty>
      <Quantity>12</Quantity>
      <UnitMeasure>100 גרם</UnitMeasure>
      <BisWeighted>0</BisWeighted>
      <QtyInPackage>1</QtyInPackage>
      <ItemPrice>9.90</ItemPrice>
      <UnitOfMeasurePrice>0.83</UnitOfMeasurePrice>
      <AllowDiscount>0</AllowDiscount>
      <itemStatus>1</itemStatus>
      <LastUpdateDate />
      <LastUpdateTime />
    </Product>
    <Product>
      <PriceUpdateDate>2018/04/26 19:00</PriceUpdateDate>
      <ItemCode>7290016096491</ItemCode>
      <ItemType>1</ItemType>
      <ItemName>שלישיית נתחי טונה בהירה בשמן צמחי 80 גר`</ItemName>
      <ManufactureName>פילטונה תעשיות בעמ</ManufactureName>
      <ManufactureCountry />
      <ManufactureItemDescription />
      <UnitQty>יח`</UnitQty>
      <Quantity>2.40</Quantity>
      <UnitMeasure>100 גרם</UnitMeasure>
      <BisWeighted>0</BisWeighted>
      <QtyInPackage>1</QtyInPackage>
      <ItemPrice>9.90</ItemPrice>
      <UnitOfMeasurePrice>4.13</UnitOfMeasurePrice>
      <AllowDiscount>0</AllowDiscount>
      <itemStatus>1</itemStatus>
      <LastUpdateDate />
      <LastUpdateTime />
    </Product>
    <Product>
      <PriceUpdateDate>2019/07/18 14:11</PriceUpdateDate>
      <ItemCode>7290016096705</ItemCode>
      <ItemType>1</ItemType>
      <ItemName>טונה בשמן צמחי רביעייה 108 גר` פילטונה</ItemName>
      <ManufactureName>פילטונה תעשיות בעמ</ManufactureName>
      <ManufactureCountry />
      <ManufactureItemDescription />
      <UnitQty>יח`</UnitQty>
      <Quantity>4.32</Quantity>
      <UnitMeasure>100 גרם</UnitMeasure>
      <BisWeighted>0</BisWeighted>
      <QtyInPackage>1</QtyInPackage>
      <ItemPrice>17.90</ItemPrice>
      <UnitOfMeasurePrice>4.14</UnitOfMeasurePrice>
      <AllowDiscount>0</AllowDiscount>
      <itemStatus>1</itemStatus>
      <LastUpdateDate />
      <LastUpdateTime />
    </Product>
    <Product>
      <PriceUpdateDate>2018/04/24 12:38</PriceUpdateDate>
      <ItemCode>7290016136142</ItemCode>
      <ItemType>1</ItemType>
      <ItemName>תערובת להכנת פנקייק GFREE 400 גר כשלפ</ItemName>
      <ManufactureName>גורי מוצרי צריכה (1991) בעמ</ManufactureName>
      <ManufactureCountry />
      <ManufactureItemDescription />
      <UnitQty>יח`</UnitQty>
      <Quantity>4</Quantity>
      <UnitMeasure>100 גרם</UnitMeasure>
      <BisWeighted>0</BisWeighted>
      <QtyInPackage>1</QtyInPackage>
      <ItemPrice>19.90</ItemPrice>
      <UnitOfMeasurePrice>4.98</UnitOfMeasurePrice>
      <AllowDiscount>0</AllowDiscount>
      <itemStatus>1</itemStatus>
      <LastUpdateDate />
      <LastUpdateTime />
    </Product>
    <Product>
      <PriceUpdateDate>2019/06/10 09:52</PriceUpdateDate>
      <ItemCode>7290016136692</ItemCode>
      <ItemType>1</ItemType>
      <ItemName>א.פרש 100 מל שלישיות מנטה</ItemName>
      <ManufactureName>גורי ע.ע.ע בעמ</ManufactureName>
      <ManufactureCountry />
      <ManufactureItemDescription />
      <UnitQty>יח`</UnitQty>
      <Quantity>1</Quantity>
      <UnitMeasure>100 מ"ל</UnitMeasure>
      <BisWeighted>0</BisWeighted>
      <QtyInPackage>1</QtyInPackage>
      <ItemPrice>17.90</ItemPrice>
      <UnitOfMeasurePrice>17.90</UnitOfMeasurePrice>
      <AllowDiscount>0</AllowDiscount>
      <itemStatus>1</itemStatus>
      <LastUpdateDate />
      <LastUpdateTime />
    </Product>
    <Product>
      <PriceUpdateDate>2018/04/24 12:34</PriceUpdateDate>
      <ItemCode>7290016150117</ItemCode>
      <ItemType>1</ItemType>
      <ItemName>סלק אדום בוואקום 500 גרם</ItemName>
      <ManufactureName>ביג פוד כחול לבן בעמ</ManufactureName>
      <ManufactureCountry />
      <ManufactureItemDescription />
      <UnitQty>יח`</UnitQty>
      <Quantity>1</Quantity>
      <UnitMeasure />
      <BisWeighted>0</BisWeighted>
      <QtyInPackage>1</QtyInPackage>
      <ItemPrice>8.90</ItemPrice>
      <UnitOfMeasurePrice>8.90</UnitOfMeasurePrice>
      <AllowDiscount>1</AllowDiscount>
      <itemStatus>1</itemStatus>
      <LastUpdateDate />
      <LastUpdateTime />
    </Product>
    <Product>
      <PriceUpdateDate>2018/09/17 09:56</PriceUpdateDate>
      <ItemCode>7290016150711</ItemCode>
      <ItemType>1</ItemType>
      <ItemName>נוזל קוקוס פחית 400 גר` AVEL</ItemName>
      <ManufactureName>אבאל יזמות בעמ</ManufactureName>
      <ManufactureCountry />
      <ManufactureItemDescription />
      <UnitQty>יח`</UnitQty>
      <Quantity>4</Quantity>
      <UnitMeasure>100 גרם</UnitMeasure>
      <BisWeighted>0</BisWeighted>
      <QtyInPackage>1</QtyInPackage>
      <ItemPrice>5.90</ItemPrice>
      <UnitOfMeasurePrice>1.48</UnitOfMeasurePrice>
      <AllowDiscount>1</AllowDiscount>
      <itemStatus>1</itemStatus>
      <LastUpdateDate />
      <LastUpdateTime />
    </Product>
    <Product>
      <PriceUpdateDate>2019/04/10 14:38</PriceUpdateDate>
      <ItemCode>7290016150735</ItemCode>
      <ItemType>1</ItemType>
      <ItemName>פטל שחור 300 גר` קפוא פרוזן</ItemName>
      <ManufactureName>ספץ תעשיות בעמ</ManufactureName>
      <ManufactureCountry />
      <ManufactureItemDescription />
      <UnitQty>יח`</UnitQty>
      <Quantity>3</Quantity>
      <UnitMeasure>100 גרם</UnitMeasure>
      <BisWeighted>0</BisWeighted>
      <QtyInPackage>1</QtyInPackage>
      <ItemPrice>11.90</ItemPrice>
      <UnitOfMeasurePrice>3.97</UnitOfMeasurePrice>
      <AllowDiscount>1</AllowDiscount>
      <itemStatus>1</itemStatus>
      <LastUpdateDate />
      <LastUpdateTime />
    </Product>
    <Product>
      <PriceUpdateDate>2019/11/14 14:34</PriceUpdateDate>
      <ItemCode>7290016150797</ItemCode>
      <ItemType>1</ItemType>
      <ItemName>מיזלי לא קלוי 1 קג אגוזים</ItemName>
      <ManufactureName>משה סידס ובנו בעמ</ManufactureName>
      <ManufactureCountry />
      <ManufactureItemDescription />
      <UnitQty>יח`</UnitQty>
      <Quantity>0.01</Quantity>
      <UnitMeasure>100 גרם</UnitMeasure>
      <BisWeighted>0</BisWeighted>
      <QtyInPackage>1</QtyInPackage>
      <ItemPrice>25.90</ItemPrice>
      <UnitOfMeasurePrice>2590</UnitOfMeasurePrice>
      <AllowDiscount>1</AllowDiscount>
      <itemStatus>1</itemStatus>
      <LastUpdateDate />
      <LastUpdateTime />
    </Product>
    <Product>
      <PriceUpdateDate>2019/11/14 14:34</PriceUpdateDate>
      <ItemCode>7290016150810</ItemCode>
      <ItemType>1</ItemType>
      <ItemName>מיזלי לא קלוי 1 קג שוקולוד מריר</ItemName>
      <ManufactureName>משה סידס ובנו בעמ</ManufactureName>
      <ManufactureCountry />
      <ManufactureItemDescription />
      <UnitQty>יח`</UnitQty>
      <Quantity>0.01</Quantity>
      <UnitMeasure>100 גרם</UnitMeasure>
      <BisWeighted>0</BisWeighted>
      <QtyInPackage>1</QtyInPackage>
      <ItemPrice>25.90</ItemPrice>
      <UnitOfMeasurePrice>2590</UnitOfMeasurePrice>
      <AllowDiscount>1</AllowDiscount>
      <itemStatus>1</itemStatus>
      <LastUpdateDate />
      <LastUpdateTime />
    </Product>
    <Product>
      <PriceUpdateDate>2018/04/24 12:35</PriceUpdateDate>
      <ItemCode>7290016162233</ItemCode>
      <ItemType>1</ItemType>
      <ItemName>עוגיות דיזרט פרמיום סוגים שונים</ItemName>
      <ManufactureName>שיבולים יצור ושיווק מוצרי מאפה</ManufactureName>
      <ManufactureCountry />
      <ManufactureItemDescription />
      <UnitQty>יח`</UnitQty>
      <Quantity>2.40</Quantity>
      <UnitMeasure>100 גרם</UnitMeasure>
      <BisWeighted>0</BisWeighted>
      <QtyInPackage>1</QtyInPackage>
      <ItemPrice>19.90</ItemPrice>
      <UnitOfMeasurePrice>8.29</UnitOfMeasurePrice>
      <AllowDiscount>0</AllowDiscount>
      <itemStatus>1</itemStatus>
      <LastUpdateDate />
      <LastUpdateTime />
    </Product>
    <Product>
      <PriceUpdateDate>2018/04/24 13:15</PriceUpdateDate>
      <ItemCode>7290016188523</ItemCode>
      <ItemType>1</ItemType>
      <ItemName>קברנה שיראז גליל עליון 750 מל</ItemName>
      <ManufactureName>אגודת הכורמים</ManufactureName>
      <ManufactureCountry />
      <ManufactureItemDescription />
      <UnitQty>יח`</UnitQty>
      <Quantity>7.50</Quantity>
      <UnitMeasure>100 מ"ל</UnitMeasure>
      <BisWeighted>0</BisWeighted>
      <QtyInPackage>1</QtyInPackage>
      <ItemPrice>66.90</ItemPrice>
      <UnitOfMeasurePrice>8.88</UnitOfMeasurePrice>
      <AllowDiscount>0</AllowDiscount>
      <itemStatus>1</itemStatus>
      <LastUpdateDate />
      <LastUpdateTime />
    </Product>
    <Product>
      <PriceUpdateDate>2018/04/24 12:17</PriceUpdateDate>
      <ItemCode>7290016188585</ItemCode>
      <ItemType>1</ItemType>
      <ItemName>למברוסקו רוזה חצי יבש 750 מל כרמל מזרח</ItemName>
      <ManufactureName>אגודת הכורמים</ManufactureName>
      <ManufactureCountry />
      <ManufactureItemDescription />
      <UnitQty>יח`</UnitQty>
      <Quantity>7.50</Quantity>
      <UnitMeasure>100 מ"ל</UnitMeasure>
      <BisWeighted>0</BisWeighted>
      <QtyInPackage>1</QtyInPackage>
      <ItemPrice>26.90</ItemPrice>
      <UnitOfMeasurePrice>3.55</UnitOfMeasurePrice>
      <AllowDiscount>1</AllowDiscount>
      <itemStatus>1</itemStatus>
      <LastUpdateDate />
      <LastUpdateTime />
    </Product>
    <Product>
      <PriceUpdateDate>2018/04/24 12:44</PriceUpdateDate>
      <ItemCode>7290016188592</ItemCode>
      <ItemType>1</ItemType>
      <ItemName>למברוסקו אדום חצי יבש 750 מ כרמל מזרחי</ItemName>
      <ManufactureName>אגודת הכורמים</ManufactureName>
      <ManufactureCountry />
      <ManufactureItemDescription />
      <UnitQty>יח`</UnitQty>
      <Quantity>7.50</Quantity>
      <UnitMeasure>100 מ"ל</UnitMeasure>
      <BisWeighted>0</BisWeighted>
      <QtyInPackage>1</QtyInPackage>
      <ItemPrice>26.90</ItemPrice>
      <UnitOfMeasurePrice>3.55</UnitOfMeasurePrice>
      <AllowDiscount>1</AllowDiscount>
      <itemStatus>1</itemStatus>
      <LastUpdateDate />
      <LastUpdateTime />
    </Product>
    <Product>
      <PriceUpdateDate>2018/04/24 12:17</PriceUpdateDate>
      <ItemCode>7290016188608</ItemCode>
      <ItemType>1</ItemType>
      <ItemName>למברוסקו לבן חצי יבש 750 מל כרמל מזרחי</ItemName>
      <ManufactureName>אגודת הכורמים</ManufactureName>
      <ManufactureCountry />
      <ManufactureItemDescription />
      <UnitQty>יח`</UnitQty>
      <Quantity>7.50</Quantity>
      <UnitMeasure>100 מ"ל</UnitMeasure>
      <BisWeighted>0</BisWeighted>
      <QtyInPackage>1</QtyInPackage>
      <ItemPrice>26.90</ItemPrice>
      <UnitOfMeasurePrice>3.55</UnitOfMeasurePrice>
      <AllowDiscount>1</AllowDiscount>
      <itemStatus>1</itemStatus>
      <LastUpdateDate />
      <LastUpdateTime />
    </Product>
    <Product>
      <PriceUpdateDate>2018/04/24 12:44</PriceUpdateDate>
      <ItemCode>7290016188738</ItemCode>
      <ItemType>1</ItemType>
      <ItemName>יין פי. סי עמק הנדיב</ItemName>
      <ManufactureName>אגודת הכורמים</ManufactureName>
      <ManufactureCountry />
      <ManufactureItemDescription />
      <UnitQty>יח`</UnitQty>
      <Quantity>7.50</Quantity>
      <UnitMeasure>100 מ"ל</UnitMeasure>
      <BisWeighted>0</BisWeighted>
      <QtyInPackage>1</QtyInPackage>
      <ItemPrice>44.90</ItemPrice>
      <UnitOfMeasurePrice>5.95</UnitOfMeasurePrice>
      <AllowDiscount>1</AllowDiscount>
      <itemStatus>1</itemStatus>
      <LastUpdateDate />
      <LastUpdateTime />
    </Product>
    <Product>
      <PriceUpdateDate>2018/08/01 17:31</PriceUpdateDate>
      <ItemCode>7290016197495</ItemCode>
      <ItemType>1</ItemType>
      <ItemName>מטליות מיקרופייבר לרצפה ניקול (2)</ItemName>
      <ManufactureName>קימברלי קלארק ישראל שיווק בעמ</ManufactureName>
      <ManufactureCountry />
      <ManufactureItemDescription />
      <UnitQty>יח`</UnitQty>
      <Quantity>1</Quantity>
      <UnitMeasure />
      <BisWeighted>0</BisWeighted>
      <QtyInPackage>1</QtyInPackage>
      <ItemPrice>24.90</ItemPrice>
      <UnitOfMeasurePrice>24.90</UnitOfMeasurePrice>
      <AllowDiscount>1</AllowDiscount>
      <itemStatus>1</itemStatus>
      <LastUpdateDate />
      <LastUpdateTime />
    </Product>
    <Product>
      <PriceUpdateDate>2018/04/24 12:45</PriceUpdateDate>
      <ItemCode>7290016197600</ItemCode>
      <ItemType>1</ItemType>
      <ItemName>תחבושת דיפנד נורמל NORMAL</ItemName>
      <ManufactureName>קימברלי קלארק ישראל שיווק בעמ</ManufactureName>
      <ManufactureCountry />
      <ManufactureItemDescription />
      <UnitQty>יח`</UnitQty>
      <Quantity>1</Quantity>
      <UnitMeasure />
      <BisWeighted>0</BisWeighted>
      <QtyInPackage>1</QtyInPackage>
      <ItemPrice>24.90</ItemPrice>
      <UnitOfMeasurePrice>24.90</UnitOfMeasurePrice>
      <AllowDiscount>1</AllowDiscount>
      <itemStatus>1</itemStatus>
      <LastUpdateDate />
      <LastUpdateTime />
    </Product>
    <Product>
      <PriceUpdateDate>2018/07/08 10:47</PriceUpdateDate>
      <ItemCode>7290016197839</ItemCode>
      <ItemType>1</ItemType>
      <ItemName>השקית החזקה XL</ItemName>
      <ManufactureName>קימברלי קלארק ישראל שיווק בעמ</ManufactureName>
      <ManufactureCountry />
      <ManufactureItemDescription />
      <UnitQty>יח`</UnitQty>
      <Quantity>1</Quantity>
      <UnitMeasure />
      <BisWeighted>0</BisWeighted>
      <QtyInPackage>1</QtyInPackage>
      <ItemPrice>24.90</ItemPrice>
      <UnitOfMeasurePrice>24.90</UnitOfMeasurePrice>
      <AllowDiscount>0</AllowDiscount>
      <itemStatus>1</itemStatus>
      <LastUpdateDate />
      <LastUpdateTime />
    </Product>
    <Product>
      <PriceUpdateDate>2018/04/24 12:53</PriceUpdateDate>
      <ItemCode>7290016197853</ItemCode>
      <ItemType>1</ItemType>
      <ItemName>שקית אשפה ניקול 47*45 50 יח</ItemName>
      <ManufactureName>קימברלי קלארק ישראל שיווק בעמ</ManufactureName>
      <ManufactureCountry />
      <ManufactureItemDescription />
      <UnitQty>יח`</UnitQty>
      <Quantity>1</Quantity>
      <UnitMeasure />
      <BisWeighted>0</BisWeighted>
      <QtyInPackage>1</QtyInPackage>
      <ItemPrice>19.90</ItemPrice>
      <UnitOfMeasurePrice>19.90</UnitOfMeasurePrice>
      <AllowDiscount>0</AllowDiscount>
      <itemStatus>1</itemStatus>
      <LastUpdateDate />
      <LastUpdateTime />
    </Product>
    <Product>
      <PriceUpdateDate>2018/04/24 12:47</PriceUpdateDate>
      <ItemCode>7290016197877</ItemCode>
      <ItemType>1</ItemType>
      <ItemName>שקית לפחי מטבח קטניםM</ItemName>
      <ManufactureName>קימברלי קלארק ישראל שיווק בעמ</ManufactureName>
      <ManufactureCountry />
      <ManufactureItemDescription />
      <UnitQty>יח`</UnitQty>
      <Quantity>1</Quantity>
      <UnitMeasure />
      <BisWeighted>0</BisWeighted>
      <QtyInPackage>1</QtyInPackage>
      <ItemPrice>21.90</ItemPrice>
      <UnitOfMeasurePrice>21.90</UnitOfMeasurePrice>
      <AllowDiscount>0</AllowDiscount>
      <itemStatus>1</itemStatus>
      <LastUpdateDate />
      <LastUpdateTime />
    </Product>
    <Product>
      <PriceUpdateDate>2018/04/24 13:02</PriceUpdateDate>
      <ItemCode>7290016233995</ItemCode>
      <ItemType>1</ItemType>
      <ItemName>פילה אנשובי בפח עם שמן זית 45  גר`תומר</ItemName>
      <ManufactureName>תומר יבוא ושיווק מוצרי מזון (1</ManufactureName>
      <ManufactureCountry />
      <ManufactureItemDescription />
      <UnitQty>יח`</UnitQty>
      <Quantity>0.45</Quantity>
      <UnitMeasure>100 גרם</UnitMeasure>
      <BisWeighted>0</BisWeighted>
      <QtyInPackage>1</QtyInPackage>
      <ItemPrice>5.90</ItemPrice>
      <UnitOfMeasurePrice>13.11</UnitOfMeasurePrice>
      <AllowDiscount>0</AllowDiscount>
      <itemStatus>1</itemStatus>
      <LastUpdateDate />
      <LastUpdateTime />
    </Product>
    <Product>
      <PriceUpdateDate>2018/04/24 13:04</PriceUpdateDate>
      <ItemCode>7290016246308</ItemCode>
      <ItemType>1</ItemType>
      <ItemName>בארכה בקטנה חטיף חלבה וניל קוקוס 126 גר`</ItemName>
      <ManufactureName>קבוצת אסם סחר שות. מוגבלת</ManufactureName>
      <ManufactureCountry />
      <ManufactureItemDescription />
      <UnitQty>יח`</UnitQty>
      <Quantity>1.26</Quantity>
      <UnitMeasure>100 גרם</UnitMeasure>
      <BisWeighted>0</BisWeighted>
      <QtyInPackage>1</QtyInPackage>
      <ItemPrice>11.90</ItemPrice>
      <UnitOfMeasurePrice>9.44</UnitOfMeasurePrice>
      <AllowDiscount>0</AllowDiscount>
      <itemStatus>1</itemStatus>
      <LastUpdateDate />
      <LastUpdateTime />
    </Product>
    <Product>
      <PriceUpdateDate>2018/10/12 09:48</PriceUpdateDate>
      <ItemCode>7290016246445</ItemCode>
      <ItemType>1</ItemType>
      <ItemName>טחינה גולמית מעודנת שומשום מלא  גר`310</ItemName>
      <ManufactureName>קבוצת אסם סחר שות. מוגבלת</ManufactureName>
      <ManufactureCountry />
      <ManufactureItemDescription />
      <UnitQty>יח`</UnitQty>
      <Quantity>3.10</Quantity>
      <UnitMeasure>100 גרם</UnitMeasure>
      <BisWeighted>0</BisWeighted>
      <QtyInPackage>1</QtyInPackage>
      <ItemPrice>10.90</ItemPrice>
      <UnitOfMeasurePrice>3.52</UnitOfMeasurePrice>
      <AllowDiscount>0</AllowDiscount>
      <itemStatus>1</itemStatus>
      <LastUpdateDate />
      <LastUpdateTime />
    </Product>
    <Product>
      <PriceUpdateDate>2018/10/12 09:48</PriceUpdateDate>
      <ItemCode>7290016246452</ItemCode>
      <ItemType>1</ItemType>
      <ItemName>טחינה גולמית מעודנת לימון שום 310  גר`בא</ItemName>
      <ManufactureName>קבוצת אסם סחר שות. מוגבלת</ManufactureName>
      <ManufactureCountry />
      <ManufactureItemDescription />
      <UnitQty>יח`</UnitQty>
      <Quantity>3.10</Quantity>
      <UnitMeasure>100 גרם</UnitMeasure>
      <BisWeighted>0</BisWeighted>
      <QtyInPackage>1</QtyInPackage>
      <ItemPrice>10.90</ItemPrice>
      <UnitOfMeasurePrice>3.52</UnitOfMeasurePrice>
      <AllowDiscount>0</AllowDiscount>
      <itemStatus>1</itemStatus>
      <LastUpdateDate />
      <LastUpdateTime />
    </Product>
    <Product>
      <PriceUpdateDate>2019/11/04 08:05</PriceUpdateDate>
      <ItemCode>7290016246711</ItemCode>
      <ItemType>1</ItemType>
      <ItemName>טחינה גולמית מעודנת הריסה 310  גר`בארכה</ItemName>
      <ManufactureName>קבוצת אסם סחר שות. מוגבלת</ManufactureName>
      <ManufactureCountry />
      <ManufactureItemDescription />
      <UnitQty>יח`</UnitQty>
      <Quantity>3.10</Quantity>
      <UnitMeasure>100 גרם</UnitMeasure>
      <BisWeighted>0</BisWeighted>
      <QtyInPackage>1</QtyInPackage>
      <ItemPrice>10.90</ItemPrice>
      <UnitOfMeasurePrice>3.52</UnitOfMeasurePrice>
      <AllowDiscount>0</AllowDiscount>
      <itemStatus>1</itemStatus>
      <LastUpdateDate />
      <LastUpdateTime />
    </Product>
    <Product>
      <PriceUpdateDate>2018/04/24 12:57</PriceUpdateDate>
      <ItemCode>7290016277463</ItemCode>
      <ItemType>1</ItemType>
      <ItemName>חלב כחוש מרוכז 397 מל</ItemName>
      <ManufactureName>דין שיווק וקליה בעמ</ManufactureName>
      <ManufactureCountry />
      <ManufactureItemDescription />
      <UnitQty>יח`</UnitQty>
      <Quantity>3.97</Quantity>
      <UnitMeasure>100 גרם</UnitMeasure>
      <BisWeighted>0</BisWeighted>
      <QtyInPackage>1</QtyInPackage>
      <ItemPrice>9.90</ItemPrice>
      <UnitOfMeasurePrice>2.49</UnitOfMeasurePrice>
      <AllowDiscount>0</AllowDiscount>
      <itemStatus>1</itemStatus>
      <LastUpdateDate />
      <LastUpdateTime />
    </Product>
    <Product>
      <PriceUpdateDate>2018/04/24 12:45</PriceUpdateDate>
      <ItemCode>7290016277678</ItemCode>
      <ItemType>1</ItemType>
      <ItemName>שקד מולבן חצאים</ItemName>
      <ManufactureName>דין שיווק וקליה בעמ</ManufactureName>
      <ManufactureCountry />
      <ManufactureItemDescription />
      <UnitQty>יח`</UnitQty>
      <Quantity>2</Quantity>
      <UnitMeasure>100 גרם</UnitMeasure>
      <BisWeighted>0</BisWeighted>
      <QtyInPackage>1</QtyInPackage>
      <ItemPrice>19.90</ItemPrice>
      <UnitOfMeasurePrice>9.95</UnitOfMeasurePrice>
      <AllowDiscount>0</AllowDiscount>
      <itemStatus>1</itemStatus>
      <LastUpdateDate />
      <LastUpdateTime />
    </Product>
    <Product>
      <PriceUpdateDate>2018/04/24 12:31</PriceUpdateDate>
      <ItemCode>7290016319293</ItemCode>
      <ItemType>1</ItemType>
      <ItemName>פמילי אל סבון מאסק מלטף רוח ים 1 ל`</ItemName>
      <ManufactureName>דנשר (1963) בעמ</ManufactureName>
      <ManufactureCountry />
      <ManufactureItemDescription />
      <UnitQty>יח`</UnitQty>
      <Quantity>1</Quantity>
      <UnitMeasure>1 ליטר</UnitMeasure>
      <BisWeighted>0</BisWeighted>
      <QtyInPackage>1</QtyInPackage>
      <ItemPrice>14.90</ItemPrice>
      <UnitOfMeasurePrice>14.90</UnitOfMeasurePrice>
      <AllowDiscount>1</AllowDiscount>
      <itemStatus>1</itemStatus>
      <LastUpdateDate />
      <LastUpdateTime />
    </Product>
    <Product>
      <PriceUpdateDate>2018/04/24 12:31</PriceUpdateDate>
      <ItemCode>7290016319309</ItemCode>
      <ItemType>1</ItemType>
      <ItemName>פמלי אל סבון מאסק קלאסי 1 ל`</ItemName>
      <ManufactureName>דנשר (1963) בעמ</ManufactureName>
      <ManufactureCountry />
      <ManufactureItemDescription />
      <UnitQty>יח`</UnitQty>
      <Quantity>1</Quantity>
      <UnitMeasure>1 ליטר</UnitMeasure>
      <BisWeighted>0</BisWeighted>
      <QtyInPackage>1</QtyInPackage>
      <ItemPrice>14.90</ItemPrice>
      <UnitOfMeasurePrice>14.90</UnitOfMeasurePrice>
      <AllowDiscount>1</AllowDiscount>
      <itemStatus>1</itemStatus>
      <LastUpdateDate />
      <LastUpdateTime />
    </Product>
    <Product>
      <PriceUpdateDate>2019/07/02 10:20</PriceUpdateDate>
      <ItemCode>7290016320343</ItemCode>
      <ItemType>1</ItemType>
      <ItemName>דאק זוג נוזל ג`ל לניקוי מתקדם בניחוח לבנ</ItemName>
      <ManufactureName>דנשר (1963) בעמ</ManufactureName>
      <ManufactureCountry />
      <ManufactureItemDescription />
      <UnitQty>יח`</UnitQty>
      <Quantity>15</Quantity>
      <UnitMeasure>100 מ"ל</UnitMeasure>
      <BisWeighted>0</BisWeighted>
      <QtyInPackage>1</QtyInPackage>
      <ItemPrice>18.90</ItemPrice>
      <UnitOfMeasurePrice>1.26</UnitOfMeasurePrice>
      <AllowDiscount>1</AllowDiscount>
      <itemStatus>1</itemStatus>
      <LastUpdateDate />
      <LastUpdateTime />
    </Product>
    <Product>
      <PriceUpdateDate>2019/06/20 09:35</PriceUpdateDate>
      <ItemCode>7290016321661</ItemCode>
      <ItemType>1</ItemType>
      <ItemName>פרש וואנס רביעייה מגבונים לחים ללא בישום</ItemName>
      <ManufactureName>דנשר (1963) בעמ</ManufactureName>
      <ManufactureCountry />
      <ManufactureItemDescription />
      <UnitQty>יח`</UnitQty>
      <Quantity>1</Quantity>
      <UnitMeasure />
      <BisWeighted>0</BisWeighted>
      <QtyInPackage>1</QtyInPackage>
      <ItemPrice>15.90</ItemPrice>
      <UnitOfMeasurePrice>15.90</UnitOfMeasurePrice>
      <AllowDiscount>1</AllowDiscount>
      <itemStatus>1</itemStatus>
      <LastUpdateDate />
      <LastUpdateTime />
    </Product>
    <Product>
      <PriceUpdateDate>2019/06/20 09:35</PriceUpdateDate>
      <ItemCode>7290016321678</ItemCode>
      <ItemType>1</ItemType>
      <ItemName>פרש וואנס רביעייה מגבונים לחים קמומיל</ItemName>
      <ManufactureName>דנשר (1963) בעמ</ManufactureName>
      <ManufactureCountry />
      <ManufactureItemDescription />
      <UnitQty>יח`</UnitQty>
      <Quantity>1</Quantity>
      <UnitMeasure />
      <BisWeighted>0</BisWeighted>
      <QtyInPackage>1</QtyInPackage>
      <ItemPrice>15.90</ItemPrice>
      <UnitOfMeasurePrice>15.90</UnitOfMeasurePrice>
      <AllowDiscount>1</AllowDiscount>
      <itemStatus>1</itemStatus>
      <LastUpdateDate />
      <LastUpdateTime />
    </Product>
    <Product>
      <PriceUpdateDate>2019/04/15 13:22</PriceUpdateDate>
      <ItemCode>7290016321883</ItemCode>
      <ItemType>1</ItemType>
      <ItemName>נייר טואלט לח לילדים מארז שלישייה פרש ו</ItemName>
      <ManufactureName>דנשר (1963) בעמ</ManufactureName>
      <ManufactureCountry />
      <ManufactureItemDescription />
      <UnitQty>יח`</UnitQty>
      <Quantity>1</Quantity>
      <UnitMeasure />
      <BisWeighted>0</BisWeighted>
      <QtyInPackage>1</QtyInPackage>
      <ItemPrice>14.90</ItemPrice>
      <UnitOfMeasurePrice>14.90</UnitOfMeasurePrice>
      <AllowDiscount>1</AllowDiscount>
      <itemStatus>1</itemStatus>
      <LastUpdateDate />
      <LastUpdateTime />
    </Product>
    <Product>
      <PriceUpdateDate>2019/04/15 13:22</PriceUpdateDate>
      <ItemCode>7290016321890</ItemCode>
      <ItemType>1</ItemType>
      <ItemName>נייר טואלט לח למובגרים מארז שלישייה פרש</ItemName>
      <ManufactureName>דנשר (1963) בעמ</ManufactureName>
      <ManufactureCountry />
      <ManufactureItemDescription />
      <UnitQty>יח`</UnitQty>
      <Quantity>1</Quantity>
      <UnitMeasure />
      <BisWeighted>0</BisWeighted>
      <QtyInPackage>1</QtyInPackage>
      <ItemPrice>14.90</ItemPrice>
      <UnitOfMeasurePrice>14.90</UnitOfMeasurePrice>
      <AllowDiscount>1</AllowDiscount>
      <itemStatus>1</itemStatus>
      <LastUpdateDate />
      <LastUpdateTime />
    </Product>
    <Product>
      <PriceUpdateDate>2018/04/24 12:54</PriceUpdateDate>
      <ItemCode>7290016329308</ItemCode>
      <ItemType>1</ItemType>
      <ItemName>סרקל קרם רוזמרין לשעיר מתולתל 325 מל</ItemName>
      <ManufactureName>פישר תעשיות פרמצבטיות בעמ</ManufactureName>
      <ManufactureCountry />
      <ManufactureItemDescription />
      <UnitQty>יח`</UnitQty>
      <Quantity>3.25</Quantity>
      <UnitMeasure>100 מ"ל</UnitMeasure>
      <BisWeighted>0</BisWeighted>
      <QtyInPackage>1</QtyInPackage>
      <ItemPrice>27.90</ItemPrice>
      <UnitOfMeasurePrice>8.58</UnitOfMeasurePrice>
      <AllowDiscount>1</AllowDiscount>
      <itemStatus>1</itemStatus>
      <LastUpdateDate />
      <LastUpdateTime />
    </Product>
    <Product>
      <PriceUpdateDate>2018/04/24 12:45</PriceUpdateDate>
      <ItemCode>7290016363005</ItemCode>
      <ItemType>1</ItemType>
      <ItemName>בראשית הלחם קלחם 7 דגנים</ItemName>
      <ManufactureName>בראשית הלחם בעמ</ManufactureName>
      <ManufactureCountry />
      <ManufactureItemDescription />
      <UnitQty>יח`</UnitQty>
      <Quantity>1</Quantity>
      <UnitMeasure />
      <BisWeighted>0</BisWeighted>
      <QtyInPackage>1</QtyInPackage>
      <ItemPrice>14.90</ItemPrice>
      <UnitOfMeasurePrice>14.90</UnitOfMeasurePrice>
      <AllowDiscount>0</AllowDiscount>
      <itemStatus>1</itemStatus>
      <LastUpdateDate />
      <LastUpdateTime />
    </Product>
    <Product>
      <PriceUpdateDate>2019/01/30 09:36</PriceUpdateDate>
      <ItemCode>7290016372397</ItemCode>
      <ItemType>1</ItemType>
      <ItemName>תה ירוק תפוז גינגר וכורכום 25 שקיקיים</ItemName>
      <ManufactureName>תה ויסוצקי (ישראל) בעמ</ManufactureName>
      <ManufactureCountry />
      <ManufactureItemDescription />
      <UnitQty>יח`</UnitQty>
      <Quantity>1</Quantity>
      <UnitMeasure />
      <BisWeighted>0</BisWeighted>
      <QtyInPackage>1</QtyInPackage>
      <ItemPrice>24.90</ItemPrice>
      <UnitOfMeasurePrice>24.90</UnitOfMeasurePrice>
      <AllowDiscount>0</AllowDiscount>
      <itemStatus>1</itemStatus>
      <LastUpdateDate />
      <LastUpdateTime />
    </Product>
    <Product>
      <PriceUpdateDate>2019/01/30 09:36</PriceUpdateDate>
      <ItemCode>7290016372434</ItemCode>
      <ItemType>1</ItemType>
      <ItemName>תה ירוק עם מאצ`ה יפנית ויסוצקי) (25</ItemName>
      <ManufactureName>תה ויסוצקי (ישראל) בעמ</ManufactureName>
      <ManufactureCountry />
      <ManufactureItemDescription />
      <UnitQty>יח`</UnitQty>
      <Quantity>1</Quantity>
      <UnitMeasure />
      <BisWeighted>0</BisWeighted>
      <QtyInPackage>1</QtyInPackage>
      <ItemPrice>24.90</ItemPrice>
      <UnitOfMeasurePrice>24.90</UnitOfMeasurePrice>
      <AllowDiscount>0</AllowDiscount>
      <itemStatus>1</itemStatus>
      <LastUpdateDate />
      <LastUpdateTime />
    </Product>
    <Product>
      <PriceUpdateDate>2018/04/24 13:08</PriceUpdateDate>
      <ItemCode>7290016372458</ItemCode>
      <ItemType>1</ItemType>
      <ItemName>הגן הקסום לימונית ולואיזה 50 שקיקים ויסו</ItemName>
      <ManufactureName>תה ויסוצקי (ישראל) בעמ</ManufactureName>
      <ManufactureCountry />
      <ManufactureItemDescription />
      <UnitQty>יח`</UnitQty>
      <Quantity>0.75</Quantity>
      <UnitMeasure>100 גרם</UnitMeasure>
      <BisWeighted>0</BisWeighted>
      <QtyInPackage>1</QtyInPackage>
      <ItemPrice>33.90</ItemPrice>
      <UnitOfMeasurePrice>45.20</UnitOfMeasurePrice>
      <AllowDiscount>0</AllowDiscount>
      <itemStatus>1</itemStatus>
      <LastUpdateDate />
      <LastUpdateTime />
    </Product>
    <Product>
      <PriceUpdateDate>2020/04/30 08:21</PriceUpdateDate>
      <ItemCode>7290016408294</ItemCode>
      <ItemType>1</ItemType>
      <ItemName>מרשמלו אורירי ורוד לבן כרמית 150 גר`</ItemName>
      <ManufactureName>כרמית תעשיות ממתקים בעמ</ManufactureName>
      <ManufactureCountry />
      <ManufactureItemDescription />
      <UnitQty>יח`</UnitQty>
      <Quantity>1.50</Quantity>
      <UnitMeasure>100 גרם</UnitMeasure>
      <BisWeighted>0</BisWeighted>
      <QtyInPackage>1</QtyInPackage>
      <ItemPrice>4.90</ItemPrice>
      <UnitOfMeasurePrice>3.27</UnitOfMeasurePrice>
      <AllowDiscount>0</AllowDiscount>
      <itemStatus>1</itemStatus>
      <LastUpdateDate />
      <LastUpdateTime />
    </Product>
    <Product>
      <PriceUpdateDate>2020/02/09 12:10</PriceUpdateDate>
      <ItemCode>7290016408423</ItemCode>
      <ItemType>1</ItemType>
      <ItemName>חטיף קרקר עם זית שחורים ושום 130 כרמית</ItemName>
      <ManufactureName>כרמית תעשיות ממתקים בעמ</ManufactureName>
      <ManufactureCountry />
      <ManufactureItemDescription />
      <UnitQty>יח`</UnitQty>
      <Quantity>1.30</Quantity>
      <UnitMeasure>100 גרם</UnitMeasure>
      <BisWeighted>0</BisWeighted>
      <QtyInPackage>1</QtyInPackage>
      <ItemPrice>5.90</ItemPrice>
      <UnitOfMeasurePrice>4.54</UnitOfMeasurePrice>
      <AllowDiscount>0</AllowDiscount>
      <itemStatus>1</itemStatus>
      <LastUpdateDate />
      <LastUpdateTime />
    </Product>
    <Product>
      <PriceUpdateDate>2018/04/24 13:04</PriceUpdateDate>
      <ItemCode>7290016408843</ItemCode>
      <ItemType>1</ItemType>
      <ItemName>מאגדת זוג שוקולד מריר ללא סוכר 85  גר`כר</ItemName>
      <ManufactureName>כרמית תעשיות ממתקים בעמ</ManufactureName>
      <ManufactureCountry />
      <ManufactureItemDescription />
      <UnitQty>יח`</UnitQty>
      <Quantity>1.70</Quantity>
      <UnitMeasure>100 גרם</UnitMeasure>
      <BisWeighted>0</BisWeighted>
      <QtyInPackage>1</QtyInPackage>
      <ItemPrice>9.90</ItemPrice>
      <UnitOfMeasurePrice>5.82</UnitOfMeasurePrice>
      <AllowDiscount>0</AllowDiscount>
      <itemStatus>1</itemStatus>
      <LastUpdateDate />
      <LastUpdateTime />
    </Product>
    <Product>
      <PriceUpdateDate>2018/04/24 12:56</PriceUpdateDate>
      <ItemCode>7290016437621</ItemCode>
      <ItemType>1</ItemType>
      <ItemName>מכנסוני פרידום דריי שלב 4 האגיס (36)</ItemName>
      <ManufactureName>קימברלי קלארק ישראל שיווק בעמ</ManufactureName>
      <ManufactureCountry />
      <ManufactureItemDescription />
      <UnitQty>יח`</UnitQty>
      <Quantity>1</Quantity>
      <UnitMeasure />
      <BisWeighted>0</BisWeighted>
      <QtyInPackage>1</QtyInPackage>
      <ItemPrice>44.90</ItemPrice>
      <UnitOfMeasurePrice>44.90</UnitOfMeasurePrice>
      <AllowDiscount>1</AllowDiscount>
      <itemStatus>1</itemStatus>
      <LastUpdateDate />
      <LastUpdateTime />
    </Product>
    <Product>
      <PriceUpdateDate>2018/04/24 12:56</PriceUpdateDate>
      <ItemCode>7290016437652</ItemCode>
      <ItemType>1</ItemType>
      <ItemName>מכנסוני פרידום דריי שלב 6 האגיס (30)</ItemName>
      <ManufactureName>קימברלי קלארק ישראל שיווק בעמ</ManufactureName>
      <ManufactureCountry />
      <ManufactureItemDescription />
      <UnitQty>יח`</UnitQty>
      <Quantity>1</Quantity>
      <UnitMeasure />
      <BisWeighted>0</BisWeighted>
      <QtyInPackage>1</QtyInPackage>
      <ItemPrice>44.90</ItemPrice>
      <UnitOfMeasurePrice>44.90</UnitOfMeasurePrice>
      <AllowDiscount>1</AllowDiscount>
      <itemStatus>1</itemStatus>
      <LastUpdateDate />
      <LastUpdateTime />
    </Product>
    <Product>
      <PriceUpdateDate>2020/01/12 07:49</PriceUpdateDate>
      <ItemCode>7290016449952</ItemCode>
      <ItemType>1</ItemType>
      <ItemName>שמן זית כתית מעולה 750 מל סבא חביב</ItemName>
      <ManufactureName>אבאל יזמות בעמ</ManufactureName>
      <ManufactureCountry />
      <ManufactureItemDescription />
      <UnitQty>יח`</UnitQty>
      <Quantity>7.50</Quantity>
      <UnitMeasure>100 מ"ל</UnitMeasure>
      <BisWeighted>0</BisWeighted>
      <QtyInPackage>1</QtyInPackage>
      <ItemPrice>27.90</ItemPrice>
      <UnitOfMeasurePrice>3.72</UnitOfMeasurePrice>
      <AllowDiscount>1</AllowDiscount>
      <itemStatus>1</itemStatus>
      <LastUpdateDate />
      <LastUpdateTime />
    </Product>
    <Product>
      <PriceUpdateDate>2018/04/24 12:53</PriceUpdateDate>
      <ItemCode>7290016509212</ItemCode>
      <ItemType>1</ItemType>
      <ItemName>סוד ג`ל כביסה 2.7 ליטר</ItemName>
      <ManufactureName>גורי שיווק בעמ</ManufactureName>
      <ManufactureCountry />
      <ManufactureItemDescription />
      <UnitQty>יח`</UnitQty>
      <Quantity>2.70</Quantity>
      <UnitMeasure>1 ליטר</UnitMeasure>
      <BisWeighted>0</BisWeighted>
      <QtyInPackage>1</QtyInPackage>
      <ItemPrice>21.90</ItemPrice>
      <UnitOfMeasurePrice>8.11</UnitOfMeasurePrice>
      <AllowDiscount>1</AllowDiscount>
      <itemStatus>1</itemStatus>
      <LastUpdateDate />
      <LastUpdateTime />
    </Product>
    <Product>
      <PriceUpdateDate>2018/04/24 12:53</PriceUpdateDate>
      <ItemCode>7290016509229</ItemCode>
      <ItemType>1</ItemType>
      <ItemName>סוד ג`ל כביסה לבנדר 2.7 ליטר</ItemName>
      <ManufactureName>גורי שיווק בעמ</ManufactureName>
      <ManufactureCountry />
      <ManufactureItemDescription />
      <UnitQty>יח`</UnitQty>
      <Quantity>2.70</Quantity>
      <UnitMeasure>1 ליטר</UnitMeasure>
      <BisWeighted>0</BisWeighted>
      <QtyInPackage>1</QtyInPackage>
      <ItemPrice>21.90</ItemPrice>
      <UnitOfMeasurePrice>8.11</UnitOfMeasurePrice>
      <AllowDiscount>1</AllowDiscount>
      <itemStatus>1</itemStatus>
      <LastUpdateDate />
      <LastUpdateTime />
    </Product>
    <Product>
      <PriceUpdateDate>2018/05/17 10:38</PriceUpdateDate>
      <ItemCode>7290016509243</ItemCode>
      <ItemType>1</ItemType>
      <ItemName>פרסיל קפסולות ג`ל 24 יח</ItemName>
      <ManufactureName>גורי שיווק בעמ</ManufactureName>
      <ManufactureCountry />
      <ManufactureItemDescription />
      <UnitQty>יח`</UnitQty>
      <Quantity>1</Quantity>
      <UnitMeasure />
      <BisWeighted>0</BisWeighted>
      <QtyInPackage>1</QtyInPackage>
      <ItemPrice>34.90</ItemPrice>
      <UnitOfMeasurePrice>34.90</UnitOfMeasurePrice>
      <AllowDiscount>0</AllowDiscount>
      <itemStatus>1</itemStatus>
      <LastUpdateDate />
      <LastUpdateTime />
    </Product>
    <Product>
      <PriceUpdateDate>2018/04/24 13:01</PriceUpdateDate>
      <ItemCode>7290016509342</ItemCode>
      <ItemType>1</ItemType>
      <ItemName>סוד מארז שלשות כחול נתלה לאסלה</ItemName>
      <ManufactureName>גורי שיווק בעמ</ManufactureName>
      <ManufactureCountry />
      <ManufactureItemDescription />
      <UnitQty>יח`</UnitQty>
      <Quantity>1</Quantity>
      <UnitMeasure />
      <BisWeighted>0</BisWeighted>
      <QtyInPackage>1</QtyInPackage>
      <ItemPrice>19.90</ItemPrice>
      <UnitOfMeasurePrice>19.90</UnitOfMeasurePrice>
      <AllowDiscount>1</AllowDiscount>
      <itemStatus>1</itemStatus>
      <LastUpdateDate />
      <LastUpdateTime />
    </Product>
    <Product>
      <PriceUpdateDate>2018/06/14 09:06</PriceUpdateDate>
      <ItemCode>7290016509786</ItemCode>
      <ItemType>1</ItemType>
      <ItemName>פרסיל ג`ל 2.5 ליטר ירוק</ItemName>
      <ManufactureName>גורי שיווק בעמ</ManufactureName>
      <ManufactureCountry />
      <ManufactureItemDescription />
      <UnitQty>יח`</UnitQty>
      <Quantity>2.50</Quantity>
      <UnitMeasure>1 ליטר</UnitMeasure>
      <BisWeighted>0</BisWeighted>
      <QtyInPackage>1</QtyInPackage>
      <ItemPrice>32.90</ItemPrice>
      <UnitOfMeasurePrice>13.16</UnitOfMeasurePrice>
      <AllowDiscount>1</AllowDiscount>
      <itemStatus>1</itemStatus>
      <LastUpdateDate />
      <LastUpdateTime />
    </Product>
    <Product>
      <PriceUpdateDate>2018/06/14 09:06</PriceUpdateDate>
      <ItemCode>7290016509793</ItemCode>
      <ItemType>1</ItemType>
      <ItemName>פרסיל ג`ל 4 ליטר ירוק</ItemName>
      <ManufactureName>גורי שיווק בעמ</ManufactureName>
      <ManufactureCountry />
      <ManufactureItemDescription />
      <UnitQty>יח`</UnitQty>
      <Quantity>4</Quantity>
      <UnitMeasure>1 ליטר</UnitMeasure>
      <BisWeighted>0</BisWeighted>
      <QtyInPackage>1</QtyInPackage>
      <ItemPrice>42.90</ItemPrice>
      <UnitOfMeasurePrice>10.73</UnitOfMeasurePrice>
      <AllowDiscount>0</AllowDiscount>
      <itemStatus>1</itemStatus>
      <LastUpdateDate />
      <LastUpdateTime />
    </Product>
    <Product>
      <PriceUpdateDate>2018/06/14 09:06</PriceUpdateDate>
      <ItemCode>7290016509809</ItemCode>
      <ItemType>1</ItemType>
      <ItemName>פרסיל ג`ל 2.5 ליטר קולור</ItemName>
      <ManufactureName>גורי שיווק בעמ</ManufactureName>
      <ManufactureCountry />
      <ManufactureItemDescription />
      <UnitQty>יח`</UnitQty>
      <Quantity>2.50</Quantity>
      <UnitMeasure>1 ליטר</UnitMeasure>
      <BisWeighted>0</BisWeighted>
      <QtyInPackage>1</QtyInPackage>
      <ItemPrice>32.90</ItemPrice>
      <UnitOfMeasurePrice>13.16</UnitOfMeasurePrice>
      <AllowDiscount>1</AllowDiscount>
      <itemStatus>1</itemStatus>
      <LastUpdateDate />
      <LastUpdateTime />
    </Product>
    <Product>
      <PriceUpdateDate>2019/04/08 14:53</PriceUpdateDate>
      <ItemCode>7290016509816</ItemCode>
      <ItemType>1</ItemType>
      <ItemName>פרסיל ג`ל 4 ליטר קולור</ItemName>
      <ManufactureName>גורי שיווק בעמ</ManufactureName>
      <ManufactureCountry />
      <ManufactureItemDescription />
      <UnitQty>יח`</UnitQty>
      <Quantity>4</Quantity>
      <UnitMeasure>1 ליטר</UnitMeasure>
      <BisWeighted>0</BisWeighted>
      <QtyInPackage>1</QtyInPackage>
      <ItemPrice>42.90</ItemPrice>
      <UnitOfMeasurePrice>10.73</UnitOfMeasurePrice>
      <AllowDiscount>0</AllowDiscount>
      <itemStatus>1</itemStatus>
      <LastUpdateDate />
      <LastUpdateTime />
    </Product>
    <Product>
      <PriceUpdateDate>2018/06/14 09:06</PriceUpdateDate>
      <ItemCode>7290016509823</ItemCode>
      <ItemType>1</ItemType>
      <ItemName>פרסיל ג`ל 2.5 ליטר בלו</ItemName>
      <ManufactureName>גורי שיווק בעמ</ManufactureName>
      <ManufactureCountry />
      <ManufactureItemDescription />
      <UnitQty>יח`</UnitQty>
      <Quantity>2.50</Quantity>
      <UnitMeasure>1 ליטר</UnitMeasure>
      <BisWeighted>0</BisWeighted>
      <QtyInPackage>1</QtyInPackage>
      <ItemPrice>32.90</ItemPrice>
      <UnitOfMeasurePrice>13.16</UnitOfMeasurePrice>
      <AllowDiscount>1</AllowDiscount>
      <itemStatus>1</itemStatus>
      <LastUpdateDate />
      <LastUpdateTime />
    </Product>
    <Product>
      <PriceUpdateDate>2018/06/14 09:06</PriceUpdateDate>
      <ItemCode>7290016509830</ItemCode>
      <ItemType>1</ItemType>
      <ItemName>פרסיל ג`ל 2.5 ליטר בייבי</ItemName>
      <ManufactureName>גורי שיווק בעמ</ManufactureName>
      <ManufactureCountry />
      <ManufactureItemDescription />
      <UnitQty>יח`</UnitQty>
      <Quantity>2.50</Quantity>
      <UnitMeasure>1 ליטר</UnitMeasure>
      <BisWeighted>0</BisWeighted>
      <QtyInPackage>1</QtyInPackage>
      <ItemPrice>32.90</ItemPrice>
      <UnitOfMeasurePrice>13.16</UnitOfMeasurePrice>
      <AllowDiscount>1</AllowDiscount>
      <itemStatus>1</itemStatus>
      <LastUpdateDate />
      <LastUpdateTime />
    </Product>
    <Product>
      <PriceUpdateDate>2018/10/09 08:33</PriceUpdateDate>
      <ItemCode>7290016509847</ItemCode>
      <ItemType>1</ItemType>
      <ItemName>פרסיל ג`ל 2.5 ליטר בלאק</ItemName>
      <ManufactureName>גורי שיווק בעמ</ManufactureName>
      <ManufactureCountry />
      <ManufactureItemDescription />
      <UnitQty>יח`</UnitQty>
      <Quantity>1</Quantity>
      <UnitMeasure />
      <BisWeighted>0</BisWeighted>
      <QtyInPackage>1</QtyInPackage>
      <ItemPrice>32.90</ItemPrice>
      <UnitOfMeasurePrice>32.90</UnitOfMeasurePrice>
      <AllowDiscount>1</AllowDiscount>
      <itemStatus>1</itemStatus>
      <LastUpdateDate />
      <LastUpdateTime />
    </Product>
    <Product>
      <PriceUpdateDate>2018/07/23 10:22</PriceUpdateDate>
      <ItemCode>7290016509922</ItemCode>
      <ItemType>1</ItemType>
      <ItemName>סוד ג`ל כביסה total ירוק 4.5 ליטר</ItemName>
      <ManufactureName>גורי שיווק בעמ</ManufactureName>
      <ManufactureCountry />
      <ManufactureItemDescription />
      <UnitQty>יח`</UnitQty>
      <Quantity>1</Quantity>
      <UnitMeasure />
      <BisWeighted>0</BisWeighted>
      <QtyInPackage>1</QtyInPackage>
      <ItemPrice>31.90</ItemPrice>
      <UnitOfMeasurePrice>31.90</UnitOfMeasurePrice>
      <AllowDiscount>0</AllowDiscount>
      <itemStatus>1</itemStatus>
      <LastUpdateDate />
      <LastUpdateTime />
    </Product>
    <Product>
      <PriceUpdateDate>2018/10/28 12:12</PriceUpdateDate>
      <ItemCode>7290016510225</ItemCode>
      <ItemType>1</ItemType>
      <ItemName>תחליב רחצה הוואי וניל דבש 700 מל</ItemName>
      <ManufactureName>הנקל סוד בעמ</ManufactureName>
      <ManufactureCountry />
      <ManufactureItemDescription />
      <UnitQty>יח`</UnitQty>
      <Quantity>7</Quantity>
      <UnitMeasure>100 מ"ל</UnitMeasure>
      <BisWeighted>0</BisWeighted>
      <QtyInPackage>1</QtyInPackage>
      <ItemPrice>9.90</ItemPrice>
      <UnitOfMeasurePrice>1.41</UnitOfMeasurePrice>
      <AllowDiscount>1</AllowDiscount>
      <itemStatus>1</itemStatus>
      <LastUpdateDate />
      <LastUpdateTime />
    </Product>
    <Product>
      <PriceUpdateDate>2018/10/28 12:12</PriceUpdateDate>
      <ItemCode>7290016510232</ItemCode>
      <ItemType>1</ItemType>
      <ItemName>תחליב רחצה הוואי יוגורט קוקוס 700 מל</ItemName>
      <ManufactureName>הנקל סוד בעמ</ManufactureName>
      <ManufactureCountry />
      <ManufactureItemDescription />
      <UnitQty>יח`</UnitQty>
      <Quantity>7</Quantity>
      <UnitMeasure>100 מ"ל</UnitMeasure>
      <BisWeighted>0</BisWeighted>
      <QtyInPackage>1</QtyInPackage>
      <ItemPrice>9.90</ItemPrice>
      <UnitOfMeasurePrice>1.41</UnitOfMeasurePrice>
      <AllowDiscount>1</AllowDiscount>
      <itemStatus>1</itemStatus>
      <LastUpdateDate />
      <LastUpdateTime />
    </Product>
    <Product>
      <PriceUpdateDate>2018/10/28 12:12</PriceUpdateDate>
      <ItemCode>7290016510287</ItemCode>
      <ItemType>1</ItemType>
      <ItemName>תחליב רחצה הוואי קרם דבש 700 מל</ItemName>
      <ManufactureName>הנקל סוד בעמ</ManufactureName>
      <ManufactureCountry />
      <ManufactureItemDescription />
      <UnitQty>יח`</UnitQty>
      <Quantity>7</Quantity>
      <UnitMeasure>100 מ"ל</UnitMeasure>
      <BisWeighted>0</BisWeighted>
      <QtyInPackage>1</QtyInPackage>
      <ItemPrice>9.90</ItemPrice>
      <UnitOfMeasurePrice>1.41</UnitOfMeasurePrice>
      <AllowDiscount>1</AllowDiscount>
      <itemStatus>1</itemStatus>
      <LastUpdateDate />
      <LastUpdateTime />
    </Product>
    <Product>
      <PriceUpdateDate>2018/10/28 12:12</PriceUpdateDate>
      <ItemCode>7290016510324</ItemCode>
      <ItemType>1</ItemType>
      <ItemName>תחליב רחצה הוואי לגבר 700 מל</ItemName>
      <ManufactureName>הנקל סוד בעמ</ManufactureName>
      <ManufactureCountry />
      <ManufactureItemDescription />
      <UnitQty>יח`</UnitQty>
      <Quantity>7</Quantity>
      <UnitMeasure>100 מ"ל</UnitMeasure>
      <BisWeighted>0</BisWeighted>
      <QtyInPackage>1</QtyInPackage>
      <ItemPrice>9.90</ItemPrice>
      <UnitOfMeasurePrice>1.41</UnitOfMeasurePrice>
      <AllowDiscount>1</AllowDiscount>
      <itemStatus>1</itemStatus>
      <LastUpdateDate />
      <LastUpdateTime />
    </Product>
    <Product>
      <PriceUpdateDate>2019/04/17 16:09</PriceUpdateDate>
      <ItemCode>7290016510898</ItemCode>
      <ItemType>1</ItemType>
      <ItemName>הוואי שמפו לשיער רגיל 700 מל פריחת דודב</ItemName>
      <ManufactureName>הנקל סוד בעמ</ManufactureName>
      <ManufactureCountry />
      <ManufactureItemDescription />
      <UnitQty>יח`</UnitQty>
      <Quantity>7</Quantity>
      <UnitMeasure>100 מ"ל</UnitMeasure>
      <BisWeighted>0</BisWeighted>
      <QtyInPackage>1</QtyInPackage>
      <ItemPrice>8.90</ItemPrice>
      <UnitOfMeasurePrice>1.27</UnitOfMeasurePrice>
      <AllowDiscount>0</AllowDiscount>
      <itemStatus>1</itemStatus>
      <LastUpdateDate />
      <LastUpdateTime />
    </Product>
    <Product>
      <PriceUpdateDate>2018/04/24 12:41</PriceUpdateDate>
      <ItemCode>7290016564006</ItemCode>
      <ItemType>1</ItemType>
      <ItemName>מבריקל  הפלא- ספוג לכלים שלישייה</ItemName>
      <ManufactureName>אלבגינו שיווק וסחר בעמ</ManufactureName>
      <ManufactureCountry />
      <ManufactureItemDescription />
      <UnitQty>יח`</UnitQty>
      <Quantity>1</Quantity>
      <UnitMeasure />
      <BisWeighted>0</BisWeighted>
      <QtyInPackage>1</QtyInPackage>
      <ItemPrice>9.90</ItemPrice>
      <UnitOfMeasurePrice>9.90</UnitOfMeasurePrice>
      <AllowDiscount>0</AllowDiscount>
      <itemStatus>1</itemStatus>
      <LastUpdateDate />
      <LastUpdateTime />
    </Product>
    <Product>
      <PriceUpdateDate>2018/04/24 13:17</PriceUpdateDate>
      <ItemCode>7290016564099</ItemCode>
      <ItemType>1</ItemType>
      <ItemName>רדיד מבריקל זוג 16 מיקרון 30 סמ</ItemName>
      <ManufactureName>אלבגינו שיווק וסחר בעמ</ManufactureName>
      <ManufactureCountry />
      <ManufactureItemDescription />
      <UnitQty>יח`</UnitQty>
      <Quantity>1</Quantity>
      <UnitMeasure />
      <BisWeighted>0</BisWeighted>
      <QtyInPackage>1</QtyInPackage>
      <ItemPrice>9.90</ItemPrice>
      <UnitOfMeasurePrice>9.90</UnitOfMeasurePrice>
      <AllowDiscount>0</AllowDiscount>
      <itemStatus>1</itemStatus>
      <LastUpdateDate />
      <LastUpdateTime />
    </Product>
    <Product>
      <PriceUpdateDate>2018/07/23 10:24</PriceUpdateDate>
      <ItemCode>7290016564143</ItemCode>
      <ItemType>1</ItemType>
      <ItemName>5 מטליות רב שימושיות מבריקל</ItemName>
      <ManufactureName>אלבגינו שיווק וסחר בעמ</ManufactureName>
      <ManufactureCountry />
      <ManufactureItemDescription />
      <UnitQty>יח`</UnitQty>
      <Quantity>1</Quantity>
      <UnitMeasure />
      <BisWeighted>0</BisWeighted>
      <QtyInPackage>1</QtyInPackage>
      <ItemPrice>9.90</ItemPrice>
      <UnitOfMeasurePrice>9.90</UnitOfMeasurePrice>
      <AllowDiscount>0</AllowDiscount>
      <itemStatus>1</itemStatus>
      <LastUpdateDate />
      <LastUpdateTime />
    </Product>
    <Product>
      <PriceUpdateDate>2018/12/25 16:28</PriceUpdateDate>
      <ItemCode>7290016564150</ItemCode>
      <ItemType>1</ItemType>
      <ItemName>מטליות נשלפות 10 יח גדולות מבריקל</ItemName>
      <ManufactureName>אלבגינו שיווק וסחר בעמ</ManufactureName>
      <ManufactureCountry />
      <ManufactureItemDescription />
      <UnitQty>יח`</UnitQty>
      <Quantity>1</Quantity>
      <UnitMeasure />
      <BisWeighted>0</BisWeighted>
      <QtyInPackage>1</QtyInPackage>
      <ItemPrice>9.90</ItemPrice>
      <UnitOfMeasurePrice>9.90</UnitOfMeasurePrice>
      <AllowDiscount>0</AllowDiscount>
      <itemStatus>1</itemStatus>
      <LastUpdateDate />
      <LastUpdateTime />
    </Product>
    <Product>
      <PriceUpdateDate>2020/02/05 12:58</PriceUpdateDate>
      <ItemCode>7290016564174</ItemCode>
      <ItemType>1</ItemType>
      <ItemName>ג`ל כלים 1 ליטר משאבה לימון מבריקל</ItemName>
      <ManufactureName>אלבגינו שיווק וסחר בעמ</ManufactureName>
      <ManufactureCountry />
      <ManufactureItemDescription />
      <UnitQty>יח`</UnitQty>
      <Quantity>10</Quantity>
      <UnitMeasure>100 מ"ל</UnitMeasure>
      <BisWeighted>0</BisWeighted>
      <QtyInPackage>1</QtyInPackage>
      <ItemPrice>10.90</ItemPrice>
      <UnitOfMeasurePrice>1.09</UnitOfMeasurePrice>
      <AllowDiscount>0</AllowDiscount>
      <itemStatus>1</itemStatus>
      <LastUpdateDate />
      <LastUpdateTime />
    </Product>
    <Product>
      <PriceUpdateDate>2019/08/25 12:08</PriceUpdateDate>
      <ItemCode>7290016564204</ItemCode>
      <ItemType>1</ItemType>
      <ItemName>מארז 6 כריות יפניות מבריקל</ItemName>
      <ManufactureName>אלבגינו שיווק וסחר בעמ</ManufactureName>
      <ManufactureCountry />
      <ManufactureItemDescription />
      <UnitQty>יח`</UnitQty>
      <Quantity>1</Quantity>
      <UnitMeasure />
      <BisWeighted>0</BisWeighted>
      <QtyInPackage>1</QtyInPackage>
      <ItemPrice>8.90</ItemPrice>
      <UnitOfMeasurePrice>8.90</UnitOfMeasurePrice>
      <AllowDiscount>1</AllowDiscount>
      <itemStatus>1</itemStatus>
      <LastUpdateDate />
      <LastUpdateTime />
    </Product>
    <Product>
      <PriceUpdateDate>2018/11/04 17:11</PriceUpdateDate>
      <ItemCode>7290016564211</ItemCode>
      <ItemType>1</ItemType>
      <ItemName>מארז 3 מטליות מייקרופבר למטבח מבריקל</ItemName>
      <ManufactureName>אלבגינו שיווק וסחר בעמ</ManufactureName>
      <ManufactureCountry />
      <ManufactureItemDescription />
      <UnitQty>יח`</UnitQty>
      <Quantity>1</Quantity>
      <UnitMeasure />
      <BisWeighted>0</BisWeighted>
      <QtyInPackage>1</QtyInPackage>
      <ItemPrice>11.90</ItemPrice>
      <UnitOfMeasurePrice>11.90</UnitOfMeasurePrice>
      <AllowDiscount>1</AllowDiscount>
      <itemStatus>1</itemStatus>
      <LastUpdateDate />
      <LastUpdateTime />
    </Product>
    <Product>
      <PriceUpdateDate>2019/03/07 15:11</PriceUpdateDate>
      <ItemCode>7290016564235</ItemCode>
      <ItemType>1</ItemType>
      <ItemName>זוג מטליות לרצפות גדולות מבריקל</ItemName>
      <ManufactureName>אלבגינו שיווק וסחר בעמ</ManufactureName>
      <ManufactureCountry />
      <ManufactureItemDescription />
      <UnitQty>יח`</UnitQty>
      <Quantity>1</Quantity>
      <UnitMeasure />
      <BisWeighted>0</BisWeighted>
      <QtyInPackage>1</QtyInPackage>
      <ItemPrice>16.90</ItemPrice>
      <UnitOfMeasurePrice>16.90</UnitOfMeasurePrice>
      <AllowDiscount>0</AllowDiscount>
      <itemStatus>1</itemStatus>
      <LastUpdateDate />
      <LastUpdateTime />
    </Product>
    <Product>
      <PriceUpdateDate>2019/09/08 10:47</PriceUpdateDate>
      <ItemCode>7290016717136</ItemCode>
      <ItemType>1</ItemType>
      <ItemName>אזורית ברוט יין לבן מבעבע</ItemName>
      <ManufactureName>אגודת הכורמים</ManufactureName>
      <ManufactureCountry />
      <ManufactureItemDescription />
      <UnitQty>יח`</UnitQty>
      <Quantity>7.50</Quantity>
      <UnitMeasure>100 מ"ל</UnitMeasure>
      <BisWeighted>0</BisWeighted>
      <QtyInPackage>1</QtyInPackage>
      <ItemPrice>59.90</ItemPrice>
      <UnitOfMeasurePrice>7.95</UnitOfMeasurePrice>
      <AllowDiscount>1</AllowDiscount>
      <itemStatus>1</itemStatus>
      <LastUpdateDate />
      <LastUpdateTime />
    </Product>
    <Product>
      <PriceUpdateDate>2018/04/24 13:17</PriceUpdateDate>
      <ItemCode>7290016717754</ItemCode>
      <ItemType>1</ItemType>
      <ItemName>יין היובל ישן נושן יקבי כרמל (750 מל)</ItemName>
      <ManufactureName>אגודת הכורמים</ManufactureName>
      <ManufactureCountry />
      <ManufactureItemDescription />
      <UnitQty>יח`</UnitQty>
      <Quantity>7.50</Quantity>
      <UnitMeasure>100 מ"ל</UnitMeasure>
      <BisWeighted>0</BisWeighted>
      <QtyInPackage>1</QtyInPackage>
      <ItemPrice>19.90</ItemPrice>
      <UnitOfMeasurePrice>2.61</UnitOfMeasurePrice>
      <AllowDiscount>1</AllowDiscount>
      <itemStatus>1</itemStatus>
      <LastUpdateDate />
      <LastUpdateTime />
    </Product>
    <Product>
      <PriceUpdateDate>2020/05/01 10:50</PriceUpdateDate>
      <ItemCode>7290016717976</ItemCode>
      <ItemType>1</ItemType>
      <ItemName>אפרסק 750 מל BUZZ</ItemName>
      <ManufactureName>אגודת הכורמים</ManufactureName>
      <ManufactureCountry />
      <ManufactureItemDescription />
      <UnitQty>יח`</UnitQty>
      <Quantity>7.50</Quantity>
      <UnitMeasure>100 מ"ל</UnitMeasure>
      <BisWeighted>0</BisWeighted>
      <QtyInPackage>1</QtyInPackage>
      <ItemPrice>26.90</ItemPrice>
      <UnitOfMeasurePrice>3.55</UnitOfMeasurePrice>
      <AllowDiscount>0</AllowDiscount>
      <itemStatus>1</itemStatus>
      <LastUpdateDate />
      <LastUpdateTime />
    </Product>
    <Product>
      <PriceUpdateDate>2018/04/24 13:11</PriceUpdateDate>
      <ItemCode>7290016732634</ItemCode>
      <ItemType>1</ItemType>
      <ItemName>מברשת סנסודיין דואל קר</ItemName>
      <ManufactureName>גורי ע.ע.ע בעמ</ManufactureName>
      <ManufactureCountry />
      <ManufactureItemDescription />
      <UnitQty>יח`</UnitQty>
      <Quantity>1</Quantity>
      <UnitMeasure />
      <BisWeighted>0</BisWeighted>
      <QtyInPackage>1</QtyInPackage>
      <ItemPrice>19.90</ItemPrice>
      <UnitOfMeasurePrice>19.90</UnitOfMeasurePrice>
      <AllowDiscount>0</AllowDiscount>
      <itemStatus>1</itemStatus>
      <LastUpdateDate />
      <LastUpdateTime />
    </Product>
    <Product>
      <PriceUpdateDate>2020/05/01 10:50</PriceUpdateDate>
      <ItemCode>7290016818314</ItemCode>
      <ItemType>1</ItemType>
      <ItemName>רבילוי מוצרלה ועגבניות לטיגון 400  גר`נו</ItemName>
      <ManufactureName>מחלבות גד שיווק 1992 בעמ</ManufactureName>
      <ManufactureCountry />
      <ManufactureItemDescription />
      <UnitQty>יח`</UnitQty>
      <Quantity>4</Quantity>
      <UnitMeasure>100 גרם</UnitMeasure>
      <BisWeighted>0</BisWeighted>
      <QtyInPackage>1</QtyInPackage>
      <ItemPrice>23.90</ItemPrice>
      <UnitOfMeasurePrice>5.98</UnitOfMeasurePrice>
      <AllowDiscount>0</AllowDiscount>
      <itemStatus>1</itemStatus>
      <LastUpdateDate />
      <LastUpdateTime />
    </Product>
    <Product>
      <PriceUpdateDate>2020/05/01 10:50</PriceUpdateDate>
      <ItemCode>7290016818321</ItemCode>
      <ItemType>1</ItemType>
      <ItemName>רבילוי פולטנה ופטריות לטיגון 400  גר`נונ</ItemName>
      <ManufactureName>מחלבות גד שיווק 1992 בעמ</ManufactureName>
      <ManufactureCountry />
      <ManufactureItemDescription />
      <UnitQty>יח`</UnitQty>
      <Quantity>4</Quantity>
      <UnitMeasure>100 גרם</UnitMeasure>
      <BisWeighted>0</BisWeighted>
      <QtyInPackage>1</QtyInPackage>
      <ItemPrice>23.90</ItemPrice>
      <UnitOfMeasurePrice>5.98</UnitOfMeasurePrice>
      <AllowDiscount>0</AllowDiscount>
      <itemStatus>1</itemStatus>
      <LastUpdateDate />
      <LastUpdateTime />
    </Product>
    <Product>
      <PriceUpdateDate>2018/04/24 12:53</PriceUpdateDate>
      <ItemCode>7290016866438</ItemCode>
      <ItemType>1</ItemType>
      <ItemName>פתיתים אפויים אורז 300 גר` Gfree</ItemName>
      <ManufactureName>גורי מוצרי צריכה (1991) בעמ</ManufactureName>
      <ManufactureCountry />
      <ManufactureItemDescription />
      <UnitQty>יח`</UnitQty>
      <Quantity>3</Quantity>
      <UnitMeasure>100 גרם</UnitMeasure>
      <BisWeighted>0</BisWeighted>
      <QtyInPackage>1</QtyInPackage>
      <ItemPrice>15.90</ItemPrice>
      <UnitOfMeasurePrice>5.30</UnitOfMeasurePrice>
      <AllowDiscount>0</AllowDiscount>
      <itemStatus>1</itemStatus>
      <LastUpdateDate />
      <LastUpdateTime />
    </Product>
    <Product>
      <PriceUpdateDate>2018/04/24 12:53</PriceUpdateDate>
      <ItemCode>7290016866445</ItemCode>
      <ItemType>1</ItemType>
      <ItemName>תערובת קמח תופח 500 גר` Gfree</ItemName>
      <ManufactureName>גורי מוצרי צריכה (1991) בעמ</ManufactureName>
      <ManufactureCountry />
      <ManufactureItemDescription />
      <UnitQty>יח`</UnitQty>
      <Quantity>5</Quantity>
      <UnitMeasure>100 גרם</UnitMeasure>
      <BisWeighted>0</BisWeighted>
      <QtyInPackage>1</QtyInPackage>
      <ItemPrice>16.90</ItemPrice>
      <UnitOfMeasurePrice>3.38</UnitOfMeasurePrice>
      <AllowDiscount>0</AllowDiscount>
      <itemStatus>1</itemStatus>
      <LastUpdateDate />
      <LastUpdateTime />
    </Product>
    <Product>
      <PriceUpdateDate>2018/06/12 09:59</PriceUpdateDate>
      <ItemCode>7290016866643</ItemCode>
      <ItemType>1</ItemType>
      <ItemName>משחת שיניים פרודונטקס פרש 75 מל</ItemName>
      <ManufactureName>גורי ע.ע.ע בעמ</ManufactureName>
      <ManufactureCountry />
      <ManufactureItemDescription />
      <UnitQty>יח`</UnitQty>
      <Quantity>0.75</Quantity>
      <UnitMeasure>100 גרם</UnitMeasure>
      <BisWeighted>0</BisWeighted>
      <QtyInPackage>1</QtyInPackage>
      <ItemPrice>29.90</ItemPrice>
      <UnitOfMeasurePrice>39.87</UnitOfMeasurePrice>
      <AllowDiscount>1</AllowDiscount>
      <itemStatus>1</itemStatus>
      <LastUpdateDate />
      <LastUpdateTime />
    </Product>
    <Product>
      <PriceUpdateDate>2018/06/12 09:59</PriceUpdateDate>
      <ItemCode>7290016866650</ItemCode>
      <ItemType>1</ItemType>
      <ItemName>משחת שיניים פרודונטקס אוריג`ינל 75 מל</ItemName>
      <ManufactureName>גורי ע.ע.ע בעמ</ManufactureName>
      <ManufactureCountry />
      <ManufactureItemDescription />
      <UnitQty>יח`</UnitQty>
      <Quantity>0.75</Quantity>
      <UnitMeasure>100 גרם</UnitMeasure>
      <BisWeighted>0</BisWeighted>
      <QtyInPackage>1</QtyInPackage>
      <ItemPrice>29.90</ItemPrice>
      <UnitOfMeasurePrice>39.87</UnitOfMeasurePrice>
      <AllowDiscount>1</AllowDiscount>
      <itemStatus>1</itemStatus>
      <LastUpdateDate />
      <LastUpdateTime />
    </Product>
    <Product>
      <PriceUpdateDate>2018/04/24 13:11</PriceUpdateDate>
      <ItemCode>7290016912623</ItemCode>
      <ItemType>1</ItemType>
      <ItemName>סרקל בלונד מרכך 1 ליטר</ItemName>
      <ManufactureName>פישר תעשיות פרמצבטיות בעמ</ManufactureName>
      <ManufactureCountry />
      <ManufactureItemDescription />
      <UnitQty>יח`</UnitQty>
      <Quantity>10</Quantity>
      <UnitMeasure>100 מ"ל</UnitMeasure>
      <BisWeighted>0</BisWeighted>
      <QtyInPackage>1</QtyInPackage>
      <ItemPrice>27.90</ItemPrice>
      <UnitOfMeasurePrice>2.79</UnitOfMeasurePrice>
      <AllowDiscount>0</AllowDiscount>
      <itemStatus>1</itemStatus>
      <LastUpdateDate />
      <LastUpdateTime />
    </Product>
    <Product>
      <PriceUpdateDate>2018/04/24 12:52</PriceUpdateDate>
      <ItemCode>7290016967074</ItemCode>
      <ItemType>1</ItemType>
      <ItemName>לחם חיטה מלאה 750 גר אנג`ל</ItemName>
      <ManufactureName>שלמה א. אנג`ל בעמ</ManufactureName>
      <ManufactureCountry />
      <ManufactureItemDescription />
      <UnitQty>יח`</UnitQty>
      <Quantity>7.50</Quantity>
      <UnitMeasure>100 גרם</UnitMeasure>
      <BisWeighted>0</BisWeighted>
      <QtyInPackage>1</QtyInPackage>
      <ItemPrice>14.90</ItemPrice>
      <UnitOfMeasurePrice>1.99</UnitOfMeasurePrice>
      <AllowDiscount>0</AllowDiscount>
      <itemStatus>1</itemStatus>
      <LastUpdateDate />
      <LastUpdateTime />
    </Product>
    <Product>
      <PriceUpdateDate>2020/03/29 15:09</PriceUpdateDate>
      <ItemCode>7290016967456</ItemCode>
      <ItemType>1</ItemType>
      <ItemName>לחם מחמצת כוסמין</ItemName>
      <ManufactureName>שלמה א. אנג`ל בעמ</ManufactureName>
      <ManufactureCountry />
      <ManufactureItemDescription />
      <UnitQty>יח`</UnitQty>
      <Quantity>6</Quantity>
      <UnitMeasure>100 גרם</UnitMeasure>
      <BisWeighted>0</BisWeighted>
      <QtyInPackage>1</QtyInPackage>
      <ItemPrice>15.90</ItemPrice>
      <UnitOfMeasurePrice>2.65</UnitOfMeasurePrice>
      <AllowDiscount>0</AllowDiscount>
      <itemStatus>1</itemStatus>
      <LastUpdateDate />
      <LastUpdateTime />
    </Product>
    <Product>
      <PriceUpdateDate>2019/12/11 08:22</PriceUpdateDate>
      <ItemCode>7290017023359</ItemCode>
      <ItemType>1</ItemType>
      <ItemName>מים מינרלים עין גדי 500 מל שמינייה</ItemName>
      <ManufactureName>יפאורה</ManufactureName>
      <ManufactureCountry />
      <ManufactureItemDescription />
      <UnitQty>יח`</UnitQty>
      <Quantity>1</Quantity>
      <UnitMeasure />
      <BisWeighted>0</BisWeighted>
      <QtyInPackage>1</QtyInPackage>
      <ItemPrice>14.90</ItemPrice>
      <UnitOfMeasurePrice>14.90</UnitOfMeasurePrice>
      <AllowDiscount>1</AllowDiscount>
      <itemStatus>1</itemStatus>
      <LastUpdateDate />
      <LastUpdateTime />
    </Product>
    <Product>
      <PriceUpdateDate>2019/01/14 09:58</PriceUpdateDate>
      <ItemCode>7290017023519</ItemCode>
      <ItemType>1</ItemType>
      <ItemName>שוופס מוגז פירות ללא סוכר תפוח (1.5 ליט</ItemName>
      <ManufactureName>יפאורה</ManufactureName>
      <ManufactureCountry />
      <ManufactureItemDescription />
      <UnitQty>יח`</UnitQty>
      <Quantity>1.50</Quantity>
      <UnitMeasure>1 ליטר</UnitMeasure>
      <BisWeighted>0</BisWeighted>
      <QtyInPackage>1</QtyInPackage>
      <ItemPrice>6.90</ItemPrice>
      <UnitOfMeasurePrice>4.60</UnitOfMeasurePrice>
      <AllowDiscount>1</AllowDiscount>
      <itemStatus>1</itemStatus>
      <LastUpdateDate />
      <LastUpdateTime />
    </Product>
    <Product>
      <PriceUpdateDate>2019/01/15 19:59</PriceUpdateDate>
      <ItemCode>7290017023717</ItemCode>
      <ItemType>1</ItemType>
      <ItemName>מי טוניק שוופס (1.5  ליטר)NO SUGAR</ItemName>
      <ManufactureName>יפאורה</ManufactureName>
      <ManufactureCountry />
      <ManufactureItemDescription />
      <UnitQty>יח`</UnitQty>
      <Quantity>1</Quantity>
      <UnitMeasure />
      <BisWeighted>0</BisWeighted>
      <QtyInPackage>1</QtyInPackage>
      <ItemPrice>9.90</ItemPrice>
      <UnitOfMeasurePrice>9.90</UnitOfMeasurePrice>
      <AllowDiscount>0</AllowDiscount>
      <itemStatus>1</itemStatus>
      <LastUpdateDate />
      <LastUpdateTime />
    </Product>
    <Product>
      <PriceUpdateDate>2019/12/11 08:22</PriceUpdateDate>
      <ItemCode>7290017023809</ItemCode>
      <ItemType>1</ItemType>
      <ItemName>ספרינג אגס סברס</ItemName>
      <ManufactureName>יפאורה</ManufactureName>
      <ManufactureCountry />
      <ManufactureItemDescription />
      <UnitQty>יח`</UnitQty>
      <Quantity>1</Quantity>
      <UnitMeasure />
      <BisWeighted>0</BisWeighted>
      <QtyInPackage>1</QtyInPackage>
      <ItemPrice>9.90</ItemPrice>
      <UnitOfMeasurePrice>9.90</UnitOfMeasurePrice>
      <AllowDiscount>0</AllowDiscount>
      <itemStatus>1</itemStatus>
      <LastUpdateDate />
      <LastUpdateTime />
    </Product>
    <Product>
      <PriceUpdateDate>2019/01/17 08:00</PriceUpdateDate>
      <ItemCode>7290017023847</ItemCode>
      <ItemType>1</ItemType>
      <ItemName>משקה ביטר למון ופירות יער שוופס (1.5 לי</ItemName>
      <ManufactureName>יפאורה</ManufactureName>
      <ManufactureCountry />
      <ManufactureItemDescription />
      <UnitQty>יח`</UnitQty>
      <Quantity>1</Quantity>
      <UnitMeasure />
      <BisWeighted>0</BisWeighted>
      <QtyInPackage>1</QtyInPackage>
      <ItemPrice>9.90</ItemPrice>
      <UnitOfMeasurePrice>9.90</UnitOfMeasurePrice>
      <AllowDiscount>0</AllowDiscount>
      <itemStatus>1</itemStatus>
      <LastUpdateDate />
      <LastUpdateTime />
    </Product>
    <Product>
      <PriceUpdateDate>2019/01/17 08:00</PriceUpdateDate>
      <ItemCode>7290017023922</ItemCode>
      <ItemType>1</ItemType>
      <ItemName>מי סודה שוופס (1.5x4  ליטר)למון גראס וג`</ItemName>
      <ManufactureName>יפאורה</ManufactureName>
      <ManufactureCountry />
      <ManufactureItemDescription />
      <UnitQty>יח`</UnitQty>
      <Quantity>6</Quantity>
      <UnitMeasure>1 ליטר</UnitMeasure>
      <BisWeighted>0</BisWeighted>
      <QtyInPackage>1</QtyInPackage>
      <ItemPrice>11</ItemPrice>
      <UnitOfMeasurePrice>1.83</UnitOfMeasurePrice>
      <AllowDiscount>0</AllowDiscount>
      <itemStatus>1</itemStatus>
      <LastUpdateDate />
      <LastUpdateTime />
    </Product>
    <Product>
      <PriceUpdateDate>2019/02/21 14:42</PriceUpdateDate>
      <ItemCode>7290017031156</ItemCode>
      <ItemType>1</ItemType>
      <ItemName>דפים על בסיס קמח תירס ואורז ללא גלוטן 25</ItemName>
      <ManufactureName>גורי מוצרי צריכה (1991) בעמ</ManufactureName>
      <ManufactureCountry />
      <ManufactureItemDescription />
      <UnitQty>יח`</UnitQty>
      <Quantity>2.50</Quantity>
      <UnitMeasure>100 גרם</UnitMeasure>
      <BisWeighted>0</BisWeighted>
      <QtyInPackage>1</QtyInPackage>
      <ItemPrice>13.90</ItemPrice>
      <UnitOfMeasurePrice>5.56</UnitOfMeasurePrice>
      <AllowDiscount>0</AllowDiscount>
      <itemStatus>1</itemStatus>
      <LastUpdateDate />
      <LastUpdateTime />
    </Product>
    <Product>
      <PriceUpdateDate>2019/02/21 13:02</PriceUpdateDate>
      <ItemCode>7290017031194</ItemCode>
      <ItemType>1</ItemType>
      <ItemName>פתיתים על בסיס קמח אפונה בצורת פנה ללא ג</ItemName>
      <ManufactureName>גורי מוצרי צריכה (1991) בעמ</ManufactureName>
      <ManufactureCountry />
      <ManufactureItemDescription />
      <UnitQty>יח`</UnitQty>
      <Quantity>2.50</Quantity>
      <UnitMeasure>100 גרם</UnitMeasure>
      <BisWeighted>0</BisWeighted>
      <QtyInPackage>1</QtyInPackage>
      <ItemPrice>13.90</ItemPrice>
      <UnitOfMeasurePrice>5.56</UnitOfMeasurePrice>
      <AllowDiscount>0</AllowDiscount>
      <itemStatus>1</itemStatus>
      <LastUpdateDate />
      <LastUpdateTime />
    </Product>
    <Product>
      <PriceUpdateDate>2019/10/30 10:27</PriceUpdateDate>
      <ItemCode>7290017031705</ItemCode>
      <ItemType>1</ItemType>
      <ItemName>משחת שיניים קלין פרש סנסודיין (75 מל)</ItemName>
      <ManufactureName>גורי ע.ע.ע בעמ</ManufactureName>
      <ManufactureCountry />
      <ManufactureItemDescription />
      <UnitQty>יח`</UnitQty>
      <Quantity>0.75</Quantity>
      <UnitMeasure>100 גרם</UnitMeasure>
      <BisWeighted>0</BisWeighted>
      <QtyInPackage>1</QtyInPackage>
      <ItemPrice>20</ItemPrice>
      <UnitOfMeasurePrice>26.67</UnitOfMeasurePrice>
      <AllowDiscount>0</AllowDiscount>
      <itemStatus>1</itemStatus>
      <LastUpdateDate />
      <LastUpdateTime />
    </Product>
    <Product>
      <PriceUpdateDate>2018/11/12 07:50</PriceUpdateDate>
      <ItemCode>7290017031859</ItemCode>
      <ItemType>1</ItemType>
      <ItemName>משחת שיניים אולטקא קלין 75 מל פרודונטקס</ItemName>
      <ManufactureName>גורי ע.ע.ע בעמ</ManufactureName>
      <ManufactureCountry />
      <ManufactureItemDescription />
      <UnitQty>יח`</UnitQty>
      <Quantity>0.75</Quantity>
      <UnitMeasure>100 גרם</UnitMeasure>
      <BisWeighted>0</BisWeighted>
      <QtyInPackage>1</QtyInPackage>
      <ItemPrice>29.90</ItemPrice>
      <UnitOfMeasurePrice>39.87</UnitOfMeasurePrice>
      <AllowDiscount>1</AllowDiscount>
      <itemStatus>1</itemStatus>
      <LastUpdateDate />
      <LastUpdateTime />
    </Product>
    <Product>
      <PriceUpdateDate>2018/04/24 12:50</PriceUpdateDate>
      <ItemCode>7290017044019</ItemCode>
      <ItemType>1</ItemType>
      <ItemName>מגבונים אסותא בדלי עיסא ערטול (400)</ItemName>
      <ManufactureName>עיסא ערטול בעמ</ManufactureName>
      <ManufactureCountry />
      <ManufactureItemDescription />
      <UnitQty>יח`</UnitQty>
      <Quantity>1</Quantity>
      <UnitMeasure />
      <BisWeighted>0</BisWeighted>
      <QtyInPackage>1</QtyInPackage>
      <ItemPrice>19.90</ItemPrice>
      <UnitOfMeasurePrice>19.90</UnitOfMeasurePrice>
      <AllowDiscount>0</AllowDiscount>
      <itemStatus>1</itemStatus>
      <LastUpdateDate />
      <LastUpdateTime />
    </Product>
    <Product>
      <PriceUpdateDate>2020/01/14 08:11</PriceUpdateDate>
      <ItemCode>7290017058733</ItemCode>
      <ItemType>1</ItemType>
      <ItemName>חומוס שלשות 200  גר`תומר</ItemName>
      <ManufactureName>תומר יבוא ושיווק מוצרי מזון (1</ManufactureName>
      <ManufactureCountry />
      <ManufactureItemDescription />
      <UnitQty>יח`</UnitQty>
      <Quantity>6</Quantity>
      <UnitMeasure>100 גרם</UnitMeasure>
      <BisWeighted>0</BisWeighted>
      <QtyInPackage>1</QtyInPackage>
      <ItemPrice>7.90</ItemPrice>
      <UnitOfMeasurePrice>1.32</UnitOfMeasurePrice>
      <AllowDiscount>0</AllowDiscount>
      <itemStatus>1</itemStatus>
      <LastUpdateDate />
      <LastUpdateTime />
    </Product>
    <Product>
      <PriceUpdateDate>2020/01/14 08:11</PriceUpdateDate>
      <ItemCode>7290017058740</ItemCode>
      <ItemType>1</ItemType>
      <ItemName>שעועית אדומה שלשות 200  גר`תומר</ItemName>
      <ManufactureName>תומר יבוא ושיווק מוצרי מזון (1</ManufactureName>
      <ManufactureCountry />
      <ManufactureItemDescription />
      <UnitQty>יח`</UnitQty>
      <Quantity>6</Quantity>
      <UnitMeasure>100 גרם</UnitMeasure>
      <BisWeighted>0</BisWeighted>
      <QtyInPackage>1</QtyInPackage>
      <ItemPrice>7.90</ItemPrice>
      <UnitOfMeasurePrice>1.32</UnitOfMeasurePrice>
      <AllowDiscount>0</AllowDiscount>
      <itemStatus>1</itemStatus>
      <LastUpdateDate />
      <LastUpdateTime />
    </Product>
    <Product>
      <PriceUpdateDate>2019/08/09 11:31</PriceUpdateDate>
      <ItemCode>7290017062082</ItemCode>
      <ItemType>1</ItemType>
      <ItemName>תחליב רחצה קוקוס 700 מל</ItemName>
      <ManufactureName>סאסאטק אגשח בעמ</ManufactureName>
      <ManufactureCountry />
      <ManufactureItemDescription />
      <UnitQty>יח`</UnitQty>
      <Quantity>7</Quantity>
      <UnitMeasure>100 מ"ל</UnitMeasure>
      <BisWeighted>0</BisWeighted>
      <QtyInPackage>1</QtyInPackage>
      <ItemPrice>7.90</ItemPrice>
      <UnitOfMeasurePrice>1.13</UnitOfMeasurePrice>
      <AllowDiscount>0</AllowDiscount>
      <itemStatus>1</itemStatus>
      <LastUpdateDate />
      <LastUpdateTime />
    </Product>
    <Product>
      <PriceUpdateDate>2018/04/24 13:00</PriceUpdateDate>
      <ItemCode>7290017065007</ItemCode>
      <ItemType>1</ItemType>
      <ItemName>מוצרלה פרוסה 200 גר -מדף</ItemName>
      <ManufactureName>מחלבות גד שיווק 1992 בעמ</ManufactureName>
      <ManufactureCountry />
      <ManufactureItemDescription />
      <UnitQty>יח`</UnitQty>
      <Quantity>2</Quantity>
      <UnitMeasure>100 גרם</UnitMeasure>
      <BisWeighted>0</BisWeighted>
      <QtyInPackage>1</QtyInPackage>
      <ItemPrice>17.90</ItemPrice>
      <UnitOfMeasurePrice>8.95</UnitOfMeasurePrice>
      <AllowDiscount>0</AllowDiscount>
      <itemStatus>1</itemStatus>
      <LastUpdateDate />
      <LastUpdateTime />
    </Product>
    <Product>
      <PriceUpdateDate>2018/04/24 13:01</PriceUpdateDate>
      <ItemCode>7290017065137</ItemCode>
      <ItemType>1</ItemType>
      <ItemName>ריקוטה למריחה 5% טבעית 200 גר` מחלבות גד</ItemName>
      <ManufactureName>מחלבות גד שיווק 1992 בעמ</ManufactureName>
      <ManufactureCountry />
      <ManufactureItemDescription />
      <UnitQty>יח`</UnitQty>
      <Quantity>2</Quantity>
      <UnitMeasure>100 גרם</UnitMeasure>
      <BisWeighted>0</BisWeighted>
      <QtyInPackage>1</QtyInPackage>
      <ItemPrice>9.90</ItemPrice>
      <UnitOfMeasurePrice>4.95</UnitOfMeasurePrice>
      <AllowDiscount>0</AllowDiscount>
      <itemStatus>1</itemStatus>
      <LastUpdateDate />
      <LastUpdateTime />
    </Product>
    <Product>
      <PriceUpdateDate>2018/04/24 13:01</PriceUpdateDate>
      <ItemCode>7290017065144</ItemCode>
      <ItemType>1</ItemType>
      <ItemName>ריקוטה למריחה 5% עם בזיליקום 200 גר` גד</ItemName>
      <ManufactureName>מחלבות גד שיווק 1992 בעמ</ManufactureName>
      <ManufactureCountry />
      <ManufactureItemDescription />
      <UnitQty>יח`</UnitQty>
      <Quantity>2</Quantity>
      <UnitMeasure>100 גרם</UnitMeasure>
      <BisWeighted>0</BisWeighted>
      <QtyInPackage>1</QtyInPackage>
      <ItemPrice>9.90</ItemPrice>
      <UnitOfMeasurePrice>4.95</UnitOfMeasurePrice>
      <AllowDiscount>0</AllowDiscount>
      <itemStatus>1</itemStatus>
      <LastUpdateDate />
      <LastUpdateTime />
    </Product>
    <Product>
      <PriceUpdateDate>2018/10/21 12:50</PriceUpdateDate>
      <ItemCode>7290017065175</ItemCode>
      <ItemType>1</ItemType>
      <ItemName>גבינת מנצ`גו פרוסה 150 גר` מחלבות גד</ItemName>
      <ManufactureName>מחלבות גד שיווק 1992 בעמ</ManufactureName>
      <ManufactureCountry />
      <ManufactureItemDescription />
      <UnitQty>יח`</UnitQty>
      <Quantity>1.50</Quantity>
      <UnitMeasure>100 גרם</UnitMeasure>
      <BisWeighted>0</BisWeighted>
      <QtyInPackage>1</QtyInPackage>
      <ItemPrice>20.90</ItemPrice>
      <UnitOfMeasurePrice>13.93</UnitOfMeasurePrice>
      <AllowDiscount>0</AllowDiscount>
      <itemStatus>1</itemStatus>
      <LastUpdateDate />
      <LastUpdateTime />
    </Product>
    <Product>
      <PriceUpdateDate>2018/10/21 12:50</PriceUpdateDate>
      <ItemCode>7290017065212</ItemCode>
      <ItemType>1</ItemType>
      <ItemName>גבינת קרם מסקרפונה 250 גר` גד</ItemName>
      <ManufactureName>מחלבות גד שיווק 1992 בעמ</ManufactureName>
      <ManufactureCountry />
      <ManufactureItemDescription />
      <UnitQty>יח`</UnitQty>
      <Quantity>2.50</Quantity>
      <UnitMeasure>100 גרם</UnitMeasure>
      <BisWeighted>0</BisWeighted>
      <QtyInPackage>1</QtyInPackage>
      <ItemPrice>20.90</ItemPrice>
      <UnitOfMeasurePrice>8.36</UnitOfMeasurePrice>
      <AllowDiscount>0</AllowDiscount>
      <itemStatus>1</itemStatus>
      <LastUpdateDate />
      <LastUpdateTime />
    </Product>
    <Product>
      <PriceUpdateDate>2018/10/21 12:50</PriceUpdateDate>
      <ItemCode>7290017065236</ItemCode>
      <ItemType>1</ItemType>
      <ItemName>גבינה בולגרית מעודנת 24% גד (250 גרם)</ItemName>
      <ManufactureName>מחלבות גד שיווק 1992 בעמ</ManufactureName>
      <ManufactureCountry />
      <ManufactureItemDescription />
      <UnitQty>יח`</UnitQty>
      <Quantity>2.50</Quantity>
      <UnitMeasure>100 גרם</UnitMeasure>
      <BisWeighted>0</BisWeighted>
      <QtyInPackage>1</QtyInPackage>
      <ItemPrice>23.90</ItemPrice>
      <UnitOfMeasurePrice>9.56</UnitOfMeasurePrice>
      <AllowDiscount>0</AllowDiscount>
      <itemStatus>1</itemStatus>
      <LastUpdateDate />
      <LastUpdateTime />
    </Product>
    <Product>
      <PriceUpdateDate>2019/02/01 07:58</PriceUpdateDate>
      <ItemCode>7290017065311</ItemCode>
      <ItemType>1</ItemType>
      <ItemName>פרוסות מוצרלה מעושנת 200 גר` גד</ItemName>
      <ManufactureName>מחלבות גד שיווק 1992 בעמ</ManufactureName>
      <ManufactureCountry />
      <ManufactureItemDescription />
      <UnitQty>יח`</UnitQty>
      <Quantity>2</Quantity>
      <UnitMeasure>100 גרם</UnitMeasure>
      <BisWeighted>0</BisWeighted>
      <QtyInPackage>1</QtyInPackage>
      <ItemPrice>18.50</ItemPrice>
      <UnitOfMeasurePrice>9.25</UnitOfMeasurePrice>
      <AllowDiscount>0</AllowDiscount>
      <itemStatus>1</itemStatus>
      <LastUpdateDate />
      <LastUpdateTime />
    </Product>
    <Product>
      <PriceUpdateDate>2019/03/27 08:48</PriceUpdateDate>
      <ItemCode>7290017065380</ItemCode>
      <ItemType>1</ItemType>
      <ItemName>גרנה פדנו שבבים 100  גר`מחלבות גד</ItemName>
      <ManufactureName>מחלבות גד שיווק 1992 בעמ</ManufactureName>
      <ManufactureCountry />
      <ManufactureItemDescription />
      <UnitQty>יח`</UnitQty>
      <Quantity>1</Quantity>
      <UnitMeasure>100 גרם</UnitMeasure>
      <BisWeighted>0</BisWeighted>
      <QtyInPackage>1</QtyInPackage>
      <ItemPrice>14.90</ItemPrice>
      <UnitOfMeasurePrice>14.90</UnitOfMeasurePrice>
      <AllowDiscount>0</AllowDiscount>
      <itemStatus>1</itemStatus>
      <LastUpdateDate />
      <LastUpdateTime />
    </Product>
    <Product>
      <PriceUpdateDate>2019/03/27 08:48</PriceUpdateDate>
      <ItemCode>7290017065427</ItemCode>
      <ItemType>1</ItemType>
      <ItemName>ריקוטה למריחה חציל קלוי 5% שומן ( 200 גר</ItemName>
      <ManufactureName>מחלבות גד שיווק 1992 בעמ</ManufactureName>
      <ManufactureCountry />
      <ManufactureItemDescription />
      <UnitQty>יח`</UnitQty>
      <Quantity>2</Quantity>
      <UnitMeasure>100 גרם</UnitMeasure>
      <BisWeighted>0</BisWeighted>
      <QtyInPackage>1</QtyInPackage>
      <ItemPrice>9.90</ItemPrice>
      <UnitOfMeasurePrice>4.95</UnitOfMeasurePrice>
      <AllowDiscount>0</AllowDiscount>
      <itemStatus>1</itemStatus>
      <LastUpdateDate />
      <LastUpdateTime />
    </Product>
    <Product>
      <PriceUpdateDate>2019/04/24 08:29</PriceUpdateDate>
      <ItemCode>7290017065434</ItemCode>
      <ItemType>1</ItemType>
      <ItemName>פרוסות גאודה הולנדית 200 גר` גד</ItemName>
      <ManufactureName>מחלבות גד שיווק 1992 בעמ</ManufactureName>
      <ManufactureCountry />
      <ManufactureItemDescription />
      <UnitQty>יח`</UnitQty>
      <Quantity>2</Quantity>
      <UnitMeasure>100 גרם</UnitMeasure>
      <BisWeighted>0</BisWeighted>
      <QtyInPackage>1</QtyInPackage>
      <ItemPrice>21.90</ItemPrice>
      <UnitOfMeasurePrice>10.95</UnitOfMeasurePrice>
      <AllowDiscount>0</AllowDiscount>
      <itemStatus>1</itemStatus>
      <LastUpdateDate />
      <LastUpdateTime />
    </Product>
    <Product>
      <PriceUpdateDate>2019/04/24 08:29</PriceUpdateDate>
      <ItemCode>7290017065441</ItemCode>
      <ItemType>1</ItemType>
      <ItemName>פרוסות גאודה עיזים הולנדית 200 גר` גד</ItemName>
      <ManufactureName>מחלבות גד שיווק 1992 בעמ</ManufactureName>
      <ManufactureCountry />
      <ManufactureItemDescription />
      <UnitQty>יח`</UnitQty>
      <Quantity>2</Quantity>
      <UnitMeasure>100 גרם</UnitMeasure>
      <BisWeighted>0</BisWeighted>
      <QtyInPackage>1</QtyInPackage>
      <ItemPrice>34.90</ItemPrice>
      <UnitOfMeasurePrice>17.45</UnitOfMeasurePrice>
      <AllowDiscount>0</AllowDiscount>
      <itemStatus>1</itemStatus>
      <LastUpdateDate />
      <LastUpdateTime />
    </Product>
    <Product>
      <PriceUpdateDate>2020/04/06 17:20</PriceUpdateDate>
      <ItemCode>7290017065588</ItemCode>
      <ItemType>1</ItemType>
      <ItemName>יוגורט יווני 600  גר`מחלבות גד</ItemName>
      <ManufactureName>מחלבות גד שיווק 1992 בעמ</ManufactureName>
      <ManufactureCountry />
      <ManufactureItemDescription />
      <UnitQty>יח`</UnitQty>
      <Quantity>6</Quantity>
      <UnitMeasure>100 גרם</UnitMeasure>
      <BisWeighted>0</BisWeighted>
      <QtyInPackage>1</QtyInPackage>
      <ItemPrice>16.90</ItemPrice>
      <UnitOfMeasurePrice>2.82</UnitOfMeasurePrice>
      <AllowDiscount>0</AllowDiscount>
      <itemStatus>1</itemStatus>
      <LastUpdateDate />
      <LastUpdateTime />
    </Product>
    <Product>
      <PriceUpdateDate>2020/05/01 10:50</PriceUpdateDate>
      <ItemCode>7290017065618</ItemCode>
      <ItemType>1</ItemType>
      <ItemName>פקורינו פרוס 150  גר`גד</ItemName>
      <ManufactureName>מחלבות גד שיווק 1992 בעמ</ManufactureName>
      <ManufactureCountry />
      <ManufactureItemDescription />
      <UnitQty>יח`</UnitQty>
      <Quantity>1.50</Quantity>
      <UnitMeasure>100 גרם</UnitMeasure>
      <BisWeighted>0</BisWeighted>
      <QtyInPackage>1</QtyInPackage>
      <ItemPrice>20.90</ItemPrice>
      <UnitOfMeasurePrice>13.93</UnitOfMeasurePrice>
      <AllowDiscount>0</AllowDiscount>
      <itemStatus>1</itemStatus>
      <LastUpdateDate />
      <LastUpdateTime />
    </Product>
    <Product>
      <PriceUpdateDate>2020/05/01 10:50</PriceUpdateDate>
      <ItemCode>7290017065632</ItemCode>
      <ItemType>1</ItemType>
      <ItemName>גאודה עיזים 200  גר`גד</ItemName>
      <ManufactureName>מחלבות גד שיווק 1992 בעמ</ManufactureName>
      <ManufactureCountry />
      <ManufactureItemDescription />
      <UnitQty>יח`</UnitQty>
      <Quantity>2</Quantity>
      <UnitMeasure>100 גרם</UnitMeasure>
      <BisWeighted>0</BisWeighted>
      <QtyInPackage>1</QtyInPackage>
      <ItemPrice>31.90</ItemPrice>
      <UnitOfMeasurePrice>15.95</UnitOfMeasurePrice>
      <AllowDiscount>0</AllowDiscount>
      <itemStatus>1</itemStatus>
      <LastUpdateDate />
      <LastUpdateTime />
    </Product>
    <Product>
      <PriceUpdateDate>2020/05/01 10:50</PriceUpdateDate>
      <ItemCode>7290017065649</ItemCode>
      <ItemType>1</ItemType>
      <ItemName>קרם פטיסייר 250  גר`גד</ItemName>
      <ManufactureName>מחלבות גד שיווק 1992 בעמ</ManufactureName>
      <ManufactureCountry />
      <ManufactureItemDescription />
      <UnitQty>יח`</UnitQty>
      <Quantity>2.50</Quantity>
      <UnitMeasure>100 מ"ל</UnitMeasure>
      <BisWeighted>0</BisWeighted>
      <QtyInPackage>1</QtyInPackage>
      <ItemPrice>19.90</ItemPrice>
      <UnitOfMeasurePrice>7.96</UnitOfMeasurePrice>
      <AllowDiscount>0</AllowDiscount>
      <itemStatus>1</itemStatus>
      <LastUpdateDate />
      <LastUpdateTime />
    </Product>
    <Product>
      <PriceUpdateDate>2018/12/06 09:24</PriceUpdateDate>
      <ItemCode>7290017068244</ItemCode>
      <ItemType>1</ItemType>
      <ItemName>תמר מג`הול 350 גר` בקרטון מיה</ItemName>
      <ManufactureName>מיה תעשיות מזון מ.ת.מ. בעמ</ManufactureName>
      <ManufactureCountry />
      <ManufactureItemDescription />
      <UnitQty>יח`</UnitQty>
      <Quantity>3.50</Quantity>
      <UnitMeasure>100 גרם</UnitMeasure>
      <BisWeighted>0</BisWeighted>
      <QtyInPackage>1</QtyInPackage>
      <ItemPrice>14.90</ItemPrice>
      <UnitOfMeasurePrice>4.26</UnitOfMeasurePrice>
      <AllowDiscount>0</AllowDiscount>
      <itemStatus>1</itemStatus>
      <LastUpdateDate />
      <LastUpdateTime />
    </Product>
    <Product>
      <PriceUpdateDate>2018/05/08 10:15</PriceUpdateDate>
      <ItemCode>7290017088075</ItemCode>
      <ItemType>1</ItemType>
      <ItemName>חיתולים בייביסיטר מידה 4+(40 יח)</ItemName>
      <ManufactureName>שקד תבל בעמ</ManufactureName>
      <ManufactureCountry />
      <ManufactureItemDescription />
      <UnitQty>יח`</UnitQty>
      <Quantity>1</Quantity>
      <UnitMeasure />
      <BisWeighted>0</BisWeighted>
      <QtyInPackage>1</QtyInPackage>
      <ItemPrice>34.90</ItemPrice>
      <UnitOfMeasurePrice>34.90</UnitOfMeasurePrice>
      <AllowDiscount>1</AllowDiscount>
      <itemStatus>1</itemStatus>
      <LastUpdateDate />
      <LastUpdateTime />
    </Product>
    <Product>
      <PriceUpdateDate>2018/05/08 10:15</PriceUpdateDate>
      <ItemCode>7290017088082</ItemCode>
      <ItemType>1</ItemType>
      <ItemName>חיתולים בייביסיטר מידה 5 (36 יח)</ItemName>
      <ManufactureName>שקד תבל בעמ</ManufactureName>
      <ManufactureCountry />
      <ManufactureItemDescription />
      <UnitQty>יח`</UnitQty>
      <Quantity>1</Quantity>
      <UnitMeasure />
      <BisWeighted>0</BisWeighted>
      <QtyInPackage>1</QtyInPackage>
      <ItemPrice>34.90</ItemPrice>
      <UnitOfMeasurePrice>34.90</UnitOfMeasurePrice>
      <AllowDiscount>1</AllowDiscount>
      <itemStatus>1</itemStatus>
      <LastUpdateDate />
      <LastUpdateTime />
    </Product>
    <Product>
      <PriceUpdateDate>2018/07/25 08:50</PriceUpdateDate>
      <ItemCode>7290017088099</ItemCode>
      <ItemType>1</ItemType>
      <ItemName>חיתולים בייביסיטר מידה 6(34 יח)</ItemName>
      <ManufactureName>שקד תבל בעמ</ManufactureName>
      <ManufactureCountry />
      <ManufactureItemDescription />
      <UnitQty>יח`</UnitQty>
      <Quantity>1</Quantity>
      <UnitMeasure />
      <BisWeighted>0</BisWeighted>
      <QtyInPackage>1</QtyInPackage>
      <ItemPrice>34.90</ItemPrice>
      <UnitOfMeasurePrice>34.90</UnitOfMeasurePrice>
      <AllowDiscount>1</AllowDiscount>
      <itemStatus>1</itemStatus>
      <LastUpdateDate />
      <LastUpdateTime />
    </Product>
    <Product>
      <PriceUpdateDate>2020/03/19 10:44</PriceUpdateDate>
      <ItemCode>7290017088693</ItemCode>
      <ItemType>1</ItemType>
      <ItemName>קוויק מגבונים לניקוי וחיטוי רצפות ניחוח</ItemName>
      <ManufactureName>שקד תבל בעמ</ManufactureName>
      <ManufactureCountry />
      <ManufactureItemDescription />
      <UnitQty>יח`</UnitQty>
      <Quantity>1</Quantity>
      <UnitMeasure />
      <BisWeighted>0</BisWeighted>
      <QtyInPackage>1</QtyInPackage>
      <ItemPrice>10.90</ItemPrice>
      <UnitOfMeasurePrice>10.90</UnitOfMeasurePrice>
      <AllowDiscount>0</AllowDiscount>
      <itemStatus>1</itemStatus>
      <LastUpdateDate />
      <LastUpdateTime />
    </Product>
    <Product>
      <PriceUpdateDate>2018/04/24 13:05</PriceUpdateDate>
      <ItemCode>7290017105062</ItemCode>
      <ItemType>1</ItemType>
      <ItemName>חומוס שלם oz6 הקטניה הטובה יכין 105 גר`</ItemName>
      <ManufactureName>זנלכל בעמ</ManufactureName>
      <ManufactureCountry />
      <ManufactureItemDescription />
      <UnitQty>יח`</UnitQty>
      <Quantity>2</Quantity>
      <UnitMeasure>100 גרם</UnitMeasure>
      <BisWeighted>0</BisWeighted>
      <QtyInPackage>1</QtyInPackage>
      <ItemPrice>3.90</ItemPrice>
      <UnitOfMeasurePrice>1.95</UnitOfMeasurePrice>
      <AllowDiscount>1</AllowDiscount>
      <itemStatus>1</itemStatus>
      <LastUpdateDate />
      <LastUpdateTime />
    </Product>
    <Product>
      <PriceUpdateDate>2018/04/24 13:05</PriceUpdateDate>
      <ItemCode>7290017105079</ItemCode>
      <ItemType>1</ItemType>
      <ItemName>שעועית אפויה ברוטב עגבניות OZ6 הקטניה הט</ItemName>
      <ManufactureName>זנלכל בעמ</ManufactureName>
      <ManufactureCountry />
      <ManufactureItemDescription />
      <UnitQty>יח`</UnitQty>
      <Quantity>2</Quantity>
      <UnitMeasure>100 גרם</UnitMeasure>
      <BisWeighted>0</BisWeighted>
      <QtyInPackage>1</QtyInPackage>
      <ItemPrice>3.90</ItemPrice>
      <UnitOfMeasurePrice>1.95</UnitOfMeasurePrice>
      <AllowDiscount>1</AllowDiscount>
      <itemStatus>1</itemStatus>
      <LastUpdateDate />
      <LastUpdateTime />
    </Product>
    <Product>
      <PriceUpdateDate>2018/04/24 13:05</PriceUpdateDate>
      <ItemCode>7290017105086</ItemCode>
      <ItemType>1</ItemType>
      <ItemName>שעועית צ`לי OZ6 הקטניה הטובה יכין 105 גר</ItemName>
      <ManufactureName>זנלכל בעמ</ManufactureName>
      <ManufactureCountry />
      <ManufactureItemDescription />
      <UnitQty>יח`</UnitQty>
      <Quantity>2</Quantity>
      <UnitMeasure>100 גרם</UnitMeasure>
      <BisWeighted>0</BisWeighted>
      <QtyInPackage>1</QtyInPackage>
      <ItemPrice>3.90</ItemPrice>
      <UnitOfMeasurePrice>1.95</UnitOfMeasurePrice>
      <AllowDiscount>1</AllowDiscount>
      <itemStatus>1</itemStatus>
      <LastUpdateDate />
      <LastUpdateTime />
    </Product>
    <Product>
      <PriceUpdateDate>2018/04/24 13:05</PriceUpdateDate>
      <ItemCode>7290017105093</ItemCode>
      <ItemType>1</ItemType>
      <ItemName>שעועית שחורה במים OZ6 הקטמיה הטובה 105 ג</ItemName>
      <ManufactureName>זנלכל בעמ</ManufactureName>
      <ManufactureCountry />
      <ManufactureItemDescription />
      <UnitQty>יח`</UnitQty>
      <Quantity>2</Quantity>
      <UnitMeasure>100 גרם</UnitMeasure>
      <BisWeighted>0</BisWeighted>
      <QtyInPackage>1</QtyInPackage>
      <ItemPrice>3.50</ItemPrice>
      <UnitOfMeasurePrice>1.75</UnitOfMeasurePrice>
      <AllowDiscount>1</AllowDiscount>
      <itemStatus>1</itemStatus>
      <LastUpdateDate />
      <LastUpdateTime />
    </Product>
    <Product>
      <PriceUpdateDate>2018/04/24 13:05</PriceUpdateDate>
      <ItemCode>7290017105116</ItemCode>
      <ItemType>1</ItemType>
      <ItemName>תורמוס OZ6 הקטניה הטובה 105 גר`</ItemName>
      <ManufactureName>זנלכל בעמ</ManufactureName>
      <ManufactureCountry />
      <ManufactureItemDescription />
      <UnitQty>יח`</UnitQty>
      <Quantity>2</Quantity>
      <UnitMeasure>100 גרם</UnitMeasure>
      <BisWeighted>0</BisWeighted>
      <QtyInPackage>1</QtyInPackage>
      <ItemPrice>3.90</ItemPrice>
      <UnitOfMeasurePrice>1.95</UnitOfMeasurePrice>
      <AllowDiscount>1</AllowDiscount>
      <itemStatus>1</itemStatus>
      <LastUpdateDate />
      <LastUpdateTime />
    </Product>
    <Product>
      <PriceUpdateDate>2019/03/17 09:53</PriceUpdateDate>
      <ItemCode>7290017105253</ItemCode>
      <ItemType>1</ItemType>
      <ItemName>קטשופ 740 גר` יכין</ItemName>
      <ManufactureName>זנלכל בעמ</ManufactureName>
      <ManufactureCountry />
      <ManufactureItemDescription />
      <UnitQty>יח`</UnitQty>
      <Quantity>7.40</Quantity>
      <UnitMeasure>100 גרם</UnitMeasure>
      <BisWeighted>0</BisWeighted>
      <QtyInPackage>1</QtyInPackage>
      <ItemPrice>6.90</ItemPrice>
      <UnitOfMeasurePrice>0.93</UnitOfMeasurePrice>
      <AllowDiscount>0</AllowDiscount>
      <itemStatus>1</itemStatus>
      <LastUpdateDate />
      <LastUpdateTime />
    </Product>
    <Product>
      <PriceUpdateDate>2019/07/31 09:56</PriceUpdateDate>
      <ItemCode>7290017105383</ItemCode>
      <ItemType>1</ItemType>
      <ItemName>מארז גרעיני תירס קידס מתוק יכין</ItemName>
      <ManufactureName>זנלכל בעמ</ManufactureName>
      <ManufactureCountry />
      <ManufactureItemDescription />
      <UnitQty>יח`</UnitQty>
      <Quantity>2</Quantity>
      <UnitMeasure>100 גרם</UnitMeasure>
      <BisWeighted>0</BisWeighted>
      <QtyInPackage>1</QtyInPackage>
      <ItemPrice>9.90</ItemPrice>
      <UnitOfMeasurePrice>4.95</UnitOfMeasurePrice>
      <AllowDiscount>0</AllowDiscount>
      <itemStatus>1</itemStatus>
      <LastUpdateDate />
      <LastUpdateTime />
    </Product>
    <Product>
      <PriceUpdateDate>2019/12/15 15:00</PriceUpdateDate>
      <ItemCode>7290017105468</ItemCode>
      <ItemType>1</ItemType>
      <ItemName>אפונה גינה עדינה יכין (200x3 גרם)</ItemName>
      <ManufactureName>זנלכל בעמ</ManufactureName>
      <ManufactureCountry />
      <ManufactureItemDescription />
      <UnitQty>יח`</UnitQty>
      <Quantity>5.50</Quantity>
      <UnitMeasure>100 גרם</UnitMeasure>
      <BisWeighted>0</BisWeighted>
      <QtyInPackage>1</QtyInPackage>
      <ItemPrice>9.90</ItemPrice>
      <UnitOfMeasurePrice>1.80</UnitOfMeasurePrice>
      <AllowDiscount>0</AllowDiscount>
      <itemStatus>1</itemStatus>
      <LastUpdateDate />
      <LastUpdateTime />
    </Product>
    <Product>
      <PriceUpdateDate>2020/02/20 15:35</PriceUpdateDate>
      <ItemCode>7290017106069</ItemCode>
      <ItemType>1</ItemType>
      <ItemName>קוביות סלק 550  גר`יכין</ItemName>
      <ManufactureName>זנלכל בעמ</ManufactureName>
      <ManufactureCountry />
      <ManufactureItemDescription />
      <UnitQty>יח`</UnitQty>
      <Quantity>5.50</Quantity>
      <UnitMeasure>100 גרם</UnitMeasure>
      <BisWeighted>0</BisWeighted>
      <QtyInPackage>1</QtyInPackage>
      <ItemPrice>7.90</ItemPrice>
      <UnitOfMeasurePrice>1.44</UnitOfMeasurePrice>
      <AllowDiscount>0</AllowDiscount>
      <itemStatus>1</itemStatus>
      <LastUpdateDate />
      <LastUpdateTime />
    </Product>
    <Product>
      <PriceUpdateDate>2018/04/24 13:04</PriceUpdateDate>
      <ItemCode>7290017129235</ItemCode>
      <ItemType>1</ItemType>
      <ItemName>מאגדת זוג שוקולד לבן ללא סוכר 85  גר`כרמ</ItemName>
      <ManufactureName>כרמית תעשיות ממתקים בעמ</ManufactureName>
      <ManufactureCountry />
      <ManufactureItemDescription />
      <UnitQty>יח`</UnitQty>
      <Quantity>1.70</Quantity>
      <UnitMeasure>100 גרם</UnitMeasure>
      <BisWeighted>0</BisWeighted>
      <QtyInPackage>1</QtyInPackage>
      <ItemPrice>9.90</ItemPrice>
      <UnitOfMeasurePrice>5.82</UnitOfMeasurePrice>
      <AllowDiscount>0</AllowDiscount>
      <itemStatus>1</itemStatus>
      <LastUpdateDate />
      <LastUpdateTime />
    </Product>
    <Product>
      <PriceUpdateDate>2018/07/23 10:19</PriceUpdateDate>
      <ItemCode>7290017129754</ItemCode>
      <ItemType>1</ItemType>
      <ItemName>שוקולד מריר פרימיום 70% בדצ ללא גלוטן 1</ItemName>
      <ManufactureName>כרמית תעשיות ממתקים בעמ</ManufactureName>
      <ManufactureCountry />
      <ManufactureItemDescription />
      <UnitQty>יח`</UnitQty>
      <Quantity>1</Quantity>
      <UnitMeasure>100 גרם</UnitMeasure>
      <BisWeighted>0</BisWeighted>
      <QtyInPackage>1</QtyInPackage>
      <ItemPrice>7.90</ItemPrice>
      <UnitOfMeasurePrice>7.90</UnitOfMeasurePrice>
      <AllowDiscount>0</AllowDiscount>
      <itemStatus>1</itemStatus>
      <LastUpdateDate />
      <LastUpdateTime />
    </Product>
    <Product>
      <PriceUpdateDate>2018/07/23 10:19</PriceUpdateDate>
      <ItemCode>7290017129761</ItemCode>
      <ItemType>1</ItemType>
      <ItemName>שוקולד מריר בטעם תפוז 70% בדצ ללא גלוטן</ItemName>
      <ManufactureName>כרמית תעשיות ממתקים בעמ</ManufactureName>
      <ManufactureCountry />
      <ManufactureItemDescription />
      <UnitQty>יח`</UnitQty>
      <Quantity>1</Quantity>
      <UnitMeasure>100 גרם</UnitMeasure>
      <BisWeighted>0</BisWeighted>
      <QtyInPackage>1</QtyInPackage>
      <ItemPrice>7.90</ItemPrice>
      <UnitOfMeasurePrice>7.90</UnitOfMeasurePrice>
      <AllowDiscount>0</AllowDiscount>
      <itemStatus>1</itemStatus>
      <LastUpdateDate />
      <LastUpdateTime />
    </Product>
    <Product>
      <PriceUpdateDate>2018/07/23 10:19</PriceUpdateDate>
      <ItemCode>7290017129846</ItemCode>
      <ItemType>1</ItemType>
      <ItemName>מיני קוקיס עוגיות בטעם כרמל 600 גר` כרמי</ItemName>
      <ManufactureName>כרמית תעשיות ממתקים בעמ</ManufactureName>
      <ManufactureCountry />
      <ManufactureItemDescription />
      <UnitQty>יח`</UnitQty>
      <Quantity>6</Quantity>
      <UnitMeasure>100 גרם</UnitMeasure>
      <BisWeighted>0</BisWeighted>
      <QtyInPackage>1</QtyInPackage>
      <ItemPrice>17.90</ItemPrice>
      <UnitOfMeasurePrice>2.98</UnitOfMeasurePrice>
      <AllowDiscount>1</AllowDiscount>
      <itemStatus>1</itemStatus>
      <LastUpdateDate />
      <LastUpdateTime />
    </Product>
    <Product>
      <PriceUpdateDate>2018/07/23 10:19</PriceUpdateDate>
      <ItemCode>7290017129853</ItemCode>
      <ItemType>1</ItemType>
      <ItemName>עוגיות מיני קוקיס לקפה כרמית (600 גר`)</ItemName>
      <ManufactureName>כרמית תעשיות ממתקים בעמ</ManufactureName>
      <ManufactureCountry />
      <ManufactureItemDescription />
      <UnitQty>יח`</UnitQty>
      <Quantity>6</Quantity>
      <UnitMeasure>100 גרם</UnitMeasure>
      <BisWeighted>0</BisWeighted>
      <QtyInPackage>1</QtyInPackage>
      <ItemPrice>17.90</ItemPrice>
      <UnitOfMeasurePrice>2.98</UnitOfMeasurePrice>
      <AllowDiscount>1</AllowDiscount>
      <itemStatus>1</itemStatus>
      <LastUpdateDate />
      <LastUpdateTime />
    </Product>
    <Product>
      <PriceUpdateDate>2018/08/17 13:34</PriceUpdateDate>
      <ItemCode>7290017129877</ItemCode>
      <ItemType>1</ItemType>
      <ItemName>מיקס לקקנים שטוחים 40*7.5  גר`כרמית</ItemName>
      <ManufactureName>כרמית תעשיות ממתקים בעמ</ManufactureName>
      <ManufactureCountry />
      <ManufactureItemDescription />
      <UnitQty>יח`</UnitQty>
      <Quantity>3</Quantity>
      <UnitMeasure>100 גרם</UnitMeasure>
      <BisWeighted>0</BisWeighted>
      <QtyInPackage>1</QtyInPackage>
      <ItemPrice>12.90</ItemPrice>
      <UnitOfMeasurePrice>4.30</UnitOfMeasurePrice>
      <AllowDiscount>0</AllowDiscount>
      <itemStatus>1</itemStatus>
      <LastUpdateDate />
      <LastUpdateTime />
    </Product>
    <Product>
      <PriceUpdateDate>2018/07/23 10:19</PriceUpdateDate>
      <ItemCode>7290017129884</ItemCode>
      <ItemType>1</ItemType>
      <ItemName>חמישיות שוקולד מריר 60% כרמית ללא גלוטן</ItemName>
      <ManufactureName>כרמית תעשיות ממתקים בעמ</ManufactureName>
      <ManufactureCountry />
      <ManufactureItemDescription />
      <UnitQty>יח`</UnitQty>
      <Quantity>4.25</Quantity>
      <UnitMeasure>100 גרם</UnitMeasure>
      <BisWeighted>0</BisWeighted>
      <QtyInPackage>1</QtyInPackage>
      <ItemPrice>14.90</ItemPrice>
      <UnitOfMeasurePrice>3.51</UnitOfMeasurePrice>
      <AllowDiscount>0</AllowDiscount>
      <itemStatus>1</itemStatus>
      <LastUpdateDate />
      <LastUpdateTime />
    </Product>
    <Product>
      <PriceUpdateDate>2018/04/24 13:03</PriceUpdateDate>
      <ItemCode>7290017142005</ItemCode>
      <ItemType>1</ItemType>
      <ItemName>שמן קוקוס אורגני כתית 320 מל עץ הזית</ItemName>
      <ManufactureName>שמן תעשיות בעמ</ManufactureName>
      <ManufactureCountry />
      <ManufactureItemDescription />
      <UnitQty>יח`</UnitQty>
      <Quantity>3.20</Quantity>
      <UnitMeasure>100 מ"ל</UnitMeasure>
      <BisWeighted>0</BisWeighted>
      <QtyInPackage>1</QtyInPackage>
      <ItemPrice>29.90</ItemPrice>
      <UnitOfMeasurePrice>9.34</UnitOfMeasurePrice>
      <AllowDiscount>0</AllowDiscount>
      <itemStatus>1</itemStatus>
      <LastUpdateDate />
      <LastUpdateTime />
    </Product>
    <Product>
      <PriceUpdateDate>2018/04/24 13:11</PriceUpdateDate>
      <ItemCode>7290017142128</ItemCode>
      <ItemType>1</ItemType>
      <ItemName>שמן זית כתית מעולה 750 מל קלאסי עץ הזית</ItemName>
      <ManufactureName>שמן תעשיות בעמ</ManufactureName>
      <ManufactureCountry />
      <ManufactureItemDescription />
      <UnitQty>יח`</UnitQty>
      <Quantity>7.50</Quantity>
      <UnitMeasure>100 מ"ל</UnitMeasure>
      <BisWeighted>0</BisWeighted>
      <QtyInPackage>1</QtyInPackage>
      <ItemPrice>34.90</ItemPrice>
      <UnitOfMeasurePrice>4.65</UnitOfMeasurePrice>
      <AllowDiscount>1</AllowDiscount>
      <itemStatus>1</itemStatus>
      <LastUpdateDate />
      <LastUpdateTime />
    </Product>
    <Product>
      <PriceUpdateDate>2019/07/10 07:16</PriceUpdateDate>
      <ItemCode>7290017142166</ItemCode>
      <ItemType>1</ItemType>
      <ItemName>פילה טונה פרוס עם שמן זית 120  גר`עץ הזי</ItemName>
      <ManufactureName>שמן תעשיות בעמ</ManufactureName>
      <ManufactureCountry />
      <ManufactureItemDescription />
      <UnitQty>יח`</UnitQty>
      <Quantity>1.20</Quantity>
      <UnitMeasure>100 גרם</UnitMeasure>
      <BisWeighted>0</BisWeighted>
      <QtyInPackage>1</QtyInPackage>
      <ItemPrice>14.90</ItemPrice>
      <UnitOfMeasurePrice>12.42</UnitOfMeasurePrice>
      <AllowDiscount>0</AllowDiscount>
      <itemStatus>1</itemStatus>
      <LastUpdateDate />
      <LastUpdateTime />
    </Product>
    <Product>
      <PriceUpdateDate>2019/07/10 07:16</PriceUpdateDate>
      <ItemCode>7290017142203</ItemCode>
      <ItemType>1</ItemType>
      <ItemName>פילה טונה פרוס עם שמן זית בטעם מעושן 120</ItemName>
      <ManufactureName>שמן תעשיות בעמ</ManufactureName>
      <ManufactureCountry />
      <ManufactureItemDescription />
      <UnitQty>יח`</UnitQty>
      <Quantity>1.20</Quantity>
      <UnitMeasure>100 גרם</UnitMeasure>
      <BisWeighted>0</BisWeighted>
      <QtyInPackage>1</QtyInPackage>
      <ItemPrice>14.90</ItemPrice>
      <UnitOfMeasurePrice>12.42</UnitOfMeasurePrice>
      <AllowDiscount>0</AllowDiscount>
      <itemStatus>1</itemStatus>
      <LastUpdateDate />
      <LastUpdateTime />
    </Product>
    <Product>
      <PriceUpdateDate>2020/01/17 09:28</PriceUpdateDate>
      <ItemCode>7290017142395</ItemCode>
      <ItemType>1</ItemType>
      <ItemName>פסטה עם טונה בשמן זית 160  גר`עץ הזית</ItemName>
      <ManufactureName>שמן תעשיות בעמ</ManufactureName>
      <ManufactureCountry />
      <ManufactureItemDescription />
      <UnitQty>יח`</UnitQty>
      <Quantity>1.60</Quantity>
      <UnitMeasure>100 גרם</UnitMeasure>
      <BisWeighted>0</BisWeighted>
      <QtyInPackage>1</QtyInPackage>
      <ItemPrice>13.90</ItemPrice>
      <UnitOfMeasurePrice>8.69</UnitOfMeasurePrice>
      <AllowDiscount>0</AllowDiscount>
      <itemStatus>1</itemStatus>
      <LastUpdateDate />
      <LastUpdateTime />
    </Product>
    <Product>
      <PriceUpdateDate>2020/03/22 15:18</PriceUpdateDate>
      <ItemCode>7290017189215</ItemCode>
      <ItemType>1</ItemType>
      <ItemName>וופל בלגי קפוא 220  גר`woops</ItemName>
      <ManufactureName>קפוא-זן תעשיות מזון בעמ - תפוג</ManufactureName>
      <ManufactureCountry />
      <ManufactureItemDescription />
      <UnitQty>יח`</UnitQty>
      <Quantity>2.20</Quantity>
      <UnitMeasure>100 גרם</UnitMeasure>
      <BisWeighted>0</BisWeighted>
      <QtyInPackage>1</QtyInPackage>
      <ItemPrice>11.90</ItemPrice>
      <UnitOfMeasurePrice>5.41</UnitOfMeasurePrice>
      <AllowDiscount>0</AllowDiscount>
      <itemStatus>1</itemStatus>
      <LastUpdateDate />
      <LastUpdateTime />
    </Product>
    <Product>
      <PriceUpdateDate>2020/03/22 15:11</PriceUpdateDate>
      <ItemCode>7290017189246</ItemCode>
      <ItemType>1</ItemType>
      <ItemName>מיני פנקייק אפוי קפוא 500  גר`woops</ItemName>
      <ManufactureName>קפוא-זן תעשיות מזון בעמ - תפוג</ManufactureName>
      <ManufactureCountry />
      <ManufactureItemDescription />
      <UnitQty>יח`</UnitQty>
      <Quantity>5</Quantity>
      <UnitMeasure>100 גרם</UnitMeasure>
      <BisWeighted>0</BisWeighted>
      <QtyInPackage>1</QtyInPackage>
      <ItemPrice>19.90</ItemPrice>
      <UnitOfMeasurePrice>3.98</UnitOfMeasurePrice>
      <AllowDiscount>0</AllowDiscount>
      <itemStatus>1</itemStatus>
      <LastUpdateDate />
      <LastUpdateTime />
    </Product>
    <Product>
      <PriceUpdateDate>2018/04/24 13:09</PriceUpdateDate>
      <ItemCode>7290017197579</ItemCode>
      <ItemType>1</ItemType>
      <ItemName>אמה מגבונים לניקוי כללי לימון ערטול</ItemName>
      <ManufactureName>עיסא ערטול בעמ</ManufactureName>
      <ManufactureCountry />
      <ManufactureItemDescription />
      <UnitQty>יח`</UnitQty>
      <Quantity>1</Quantity>
      <UnitMeasure />
      <BisWeighted>0</BisWeighted>
      <QtyInPackage>1</QtyInPackage>
      <ItemPrice>8.90</ItemPrice>
      <UnitOfMeasurePrice>8.90</UnitOfMeasurePrice>
      <AllowDiscount>0</AllowDiscount>
      <itemStatus>1</itemStatus>
      <LastUpdateDate />
      <LastUpdateTime />
    </Product>
    <Product>
      <PriceUpdateDate>2019/11/05 08:08</PriceUpdateDate>
      <ItemCode>7290017217727</ItemCode>
      <ItemType>1</ItemType>
      <ItemName>שיפודי במבוק 18  סמ( 100  יח)אינטרסן</ItemName>
      <ManufactureName>אינטרסן 1996 בעמ</ManufactureName>
      <ManufactureCountry />
      <ManufactureItemDescription />
      <UnitQty>יח`</UnitQty>
      <Quantity>1</Quantity>
      <UnitMeasure />
      <BisWeighted>0</BisWeighted>
      <QtyInPackage>1</QtyInPackage>
      <ItemPrice>9.90</ItemPrice>
      <UnitOfMeasurePrice>9.90</UnitOfMeasurePrice>
      <AllowDiscount>0</AllowDiscount>
      <itemStatus>1</itemStatus>
      <LastUpdateDate />
      <LastUpdateTime />
    </Product>
    <Product>
      <PriceUpdateDate>2019/10/07 13:50</PriceUpdateDate>
      <ItemCode>7290017217796</ItemCode>
      <ItemType>1</ItemType>
      <ItemName>אטב מקושט עם אחיזה רכה 24 יח</ItemName>
      <ManufactureName>אינטרסן 1996 בעמ</ManufactureName>
      <ManufactureCountry />
      <ManufactureItemDescription />
      <UnitQty>יח`</UnitQty>
      <Quantity>1</Quantity>
      <UnitMeasure />
      <BisWeighted>0</BisWeighted>
      <QtyInPackage>1</QtyInPackage>
      <ItemPrice>11.90</ItemPrice>
      <UnitOfMeasurePrice>11.90</UnitOfMeasurePrice>
      <AllowDiscount>0</AllowDiscount>
      <itemStatus>1</itemStatus>
      <LastUpdateDate />
      <LastUpdateTime />
    </Product>
    <Product>
      <PriceUpdateDate>2018/04/24 13:11</PriceUpdateDate>
      <ItemCode>7290017239101</ItemCode>
      <ItemType>1</ItemType>
      <ItemName>פילה סלמון נורווגי עישון קר עדין פרוס בא</ItemName>
      <ManufactureName>פוד קולקשן בעמ</ManufactureName>
      <ManufactureCountry />
      <ManufactureItemDescription />
      <UnitQty>יח`</UnitQty>
      <Quantity>10</Quantity>
      <UnitMeasure>100 גרם</UnitMeasure>
      <BisWeighted>0</BisWeighted>
      <QtyInPackage>1</QtyInPackage>
      <ItemPrice>19.90</ItemPrice>
      <UnitOfMeasurePrice>1.99</UnitOfMeasurePrice>
      <AllowDiscount>0</AllowDiscount>
      <itemStatus>1</itemStatus>
      <LastUpdateDate />
      <LastUpdateTime />
    </Product>
    <Product>
      <PriceUpdateDate>2019/01/23 08:24</PriceUpdateDate>
      <ItemCode>7290017266060</ItemCode>
      <ItemType>1</ItemType>
      <ItemName>וופל קראנץ שוקו ללא סוכר 175  גר`עלמה</ItemName>
      <ManufactureName>רזיט שיווק בעמ</ManufactureName>
      <ManufactureCountry />
      <ManufactureItemDescription />
      <UnitQty>יח`</UnitQty>
      <Quantity>1.75</Quantity>
      <UnitMeasure>100 גרם</UnitMeasure>
      <BisWeighted>0</BisWeighted>
      <QtyInPackage>1</QtyInPackage>
      <ItemPrice>6.90</ItemPrice>
      <UnitOfMeasurePrice>3.94</UnitOfMeasurePrice>
      <AllowDiscount>0</AllowDiscount>
      <itemStatus>1</itemStatus>
      <LastUpdateDate />
      <LastUpdateTime />
    </Product>
    <Product>
      <PriceUpdateDate>2018/12/25 16:28</PriceUpdateDate>
      <ItemCode>7290017289090</ItemCode>
      <ItemType>1</ItemType>
      <ItemName>יין קברנה סובניון 750 מל ממלכת יהודה</ItemName>
      <ManufactureName>יקב טפרברג 1870 בעמ (יינות ומש</ManufactureName>
      <ManufactureCountry />
      <ManufactureItemDescription />
      <UnitQty>יח`</UnitQty>
      <Quantity>7.50</Quantity>
      <UnitMeasure>100 מ"ל</UnitMeasure>
      <BisWeighted>0</BisWeighted>
      <QtyInPackage>1</QtyInPackage>
      <ItemPrice>24.90</ItemPrice>
      <UnitOfMeasurePrice>3.28</UnitOfMeasurePrice>
      <AllowDiscount>1</AllowDiscount>
      <itemStatus>1</itemStatus>
      <LastUpdateDate />
      <LastUpdateTime />
    </Product>
    <Product>
      <PriceUpdateDate>2018/12/25 16:28</PriceUpdateDate>
      <ItemCode>7290017289106</ItemCode>
      <ItemType>1</ItemType>
      <ItemName>יין מרלו 750 מל ממלכת יהודה</ItemName>
      <ManufactureName>יקב טפרברג 1870 בעמ (יינות ומש</ManufactureName>
      <ManufactureCountry />
      <ManufactureItemDescription />
      <UnitQty>יח`</UnitQty>
      <Quantity>7.50</Quantity>
      <UnitMeasure>100 מ"ל</UnitMeasure>
      <BisWeighted>0</BisWeighted>
      <QtyInPackage>1</QtyInPackage>
      <ItemPrice>24.90</ItemPrice>
      <UnitOfMeasurePrice>3.28</UnitOfMeasurePrice>
      <AllowDiscount>1</AllowDiscount>
      <itemStatus>1</itemStatus>
      <LastUpdateDate />
      <LastUpdateTime />
    </Product>
    <Product>
      <PriceUpdateDate>2018/12/25 16:28</PriceUpdateDate>
      <ItemCode>7290017289113</ItemCode>
      <ItemType>1</ItemType>
      <ItemName>יין שיראז 750 מל ממלכת יהודה</ItemName>
      <ManufactureName>יקב טפרברג 1870 בעמ (יינות ומש</ManufactureName>
      <ManufactureCountry />
      <ManufactureItemDescription />
      <UnitQty>יח`</UnitQty>
      <Quantity>7.50</Quantity>
      <UnitMeasure>100 מ"ל</UnitMeasure>
      <BisWeighted>0</BisWeighted>
      <QtyInPackage>1</QtyInPackage>
      <ItemPrice>24.90</ItemPrice>
      <UnitOfMeasurePrice>3.28</UnitOfMeasurePrice>
      <AllowDiscount>1</AllowDiscount>
      <itemStatus>1</itemStatus>
      <LastUpdateDate />
      <LastUpdateTime />
    </Product>
    <Product>
      <PriceUpdateDate>2018/12/25 16:28</PriceUpdateDate>
      <ItemCode>7290017289144</ItemCode>
      <ItemType>1</ItemType>
      <ItemName>יין סובניון בלאן 750 מל ממלכת יהודה</ItemName>
      <ManufactureName>יקב טפרברג 1870 בעמ (יינות ומש</ManufactureName>
      <ManufactureCountry />
      <ManufactureItemDescription />
      <UnitQty>יח`</UnitQty>
      <Quantity>7.50</Quantity>
      <UnitMeasure>100 מ"ל</UnitMeasure>
      <BisWeighted>0</BisWeighted>
      <QtyInPackage>1</QtyInPackage>
      <ItemPrice>24.90</ItemPrice>
      <UnitOfMeasurePrice>3.28</UnitOfMeasurePrice>
      <AllowDiscount>1</AllowDiscount>
      <itemStatus>1</itemStatus>
      <LastUpdateDate />
      <LastUpdateTime />
    </Product>
    <Product>
      <PriceUpdateDate>2018/12/25 16:28</PriceUpdateDate>
      <ItemCode>7290017289175</ItemCode>
      <ItemType>1</ItemType>
      <ItemName>יין פטיט סירה 750 מל ישראלי</ItemName>
      <ManufactureName>יקב טפרברג 1870 בעמ (יינות ומש</ManufactureName>
      <ManufactureCountry />
      <ManufactureItemDescription />
      <UnitQty>יח`</UnitQty>
      <Quantity>7.50</Quantity>
      <UnitMeasure>100 מ"ל</UnitMeasure>
      <BisWeighted>0</BisWeighted>
      <QtyInPackage>1</QtyInPackage>
      <ItemPrice>19.90</ItemPrice>
      <UnitOfMeasurePrice>2.61</UnitOfMeasurePrice>
      <AllowDiscount>1</AllowDiscount>
      <itemStatus>1</itemStatus>
      <LastUpdateDate />
      <LastUpdateTime />
    </Product>
    <Product>
      <PriceUpdateDate>2018/12/25 16:28</PriceUpdateDate>
      <ItemCode>7290017289205</ItemCode>
      <ItemType>1</ItemType>
      <ItemName>יין קברנה סוביניון 750 מל ישראלי</ItemName>
      <ManufactureName>יקב טפרברג 1870 בעמ (יינות ומש</ManufactureName>
      <ManufactureCountry />
      <ManufactureItemDescription />
      <UnitQty>יח`</UnitQty>
      <Quantity>7.50</Quantity>
      <UnitMeasure>100 מ"ל</UnitMeasure>
      <BisWeighted>0</BisWeighted>
      <QtyInPackage>1</QtyInPackage>
      <ItemPrice>19.90</ItemPrice>
      <UnitOfMeasurePrice>2.61</UnitOfMeasurePrice>
      <AllowDiscount>1</AllowDiscount>
      <itemStatus>1</itemStatus>
      <LastUpdateDate />
      <LastUpdateTime />
    </Product>
    <Product>
      <PriceUpdateDate>2019/07/05 08:58</PriceUpdateDate>
      <ItemCode>7290017304885</ItemCode>
      <ItemType>1</ItemType>
      <ItemName>לחם שיפון וחיטה מלאה 750 גר אנג`ל</ItemName>
      <ManufactureName>שלמה א. אנג`ל בעמ</ManufactureName>
      <ManufactureCountry />
      <ManufactureItemDescription />
      <UnitQty>יח`</UnitQty>
      <Quantity>7.50</Quantity>
      <UnitMeasure>100 גרם</UnitMeasure>
      <BisWeighted>0</BisWeighted>
      <QtyInPackage>1</QtyInPackage>
      <ItemPrice>14.90</ItemPrice>
      <UnitOfMeasurePrice>1.99</UnitOfMeasurePrice>
      <AllowDiscount>0</AllowDiscount>
      <itemStatus>1</itemStatus>
      <LastUpdateDate />
      <LastUpdateTime />
    </Product>
    <Product>
      <PriceUpdateDate>2018/04/24 13:14</PriceUpdateDate>
      <ItemCode>7290017374390</ItemCode>
      <ItemType>1</ItemType>
      <ItemName>סט שירותים מיוחד</ItemName>
      <ManufactureName>מ.א.ייצור ויבוא מטליות בעמ</ManufactureName>
      <ManufactureCountry />
      <ManufactureItemDescription />
      <UnitQty>יח`</UnitQty>
      <Quantity>1</Quantity>
      <UnitMeasure />
      <BisWeighted>0</BisWeighted>
      <QtyInPackage>1</QtyInPackage>
      <ItemPrice>20.90</ItemPrice>
      <UnitOfMeasurePrice>20.90</UnitOfMeasurePrice>
      <AllowDiscount>0</AllowDiscount>
      <itemStatus>1</itemStatus>
      <LastUpdateDate />
      <LastUpdateTime />
    </Product>
    <Product>
      <PriceUpdateDate>2019/06/20 09:35</PriceUpdateDate>
      <ItemCode>7290017440323</ItemCode>
      <ItemType>1</ItemType>
      <ItemName>שמפו+מרכך קידס דר פישר 750 מל</ItemName>
      <ManufactureName>פישר תעשיות פרמצבטיות בעמ</ManufactureName>
      <ManufactureCountry />
      <ManufactureItemDescription />
      <UnitQty>יח`</UnitQty>
      <Quantity>7.50</Quantity>
      <UnitMeasure>100 מ"ל</UnitMeasure>
      <BisWeighted>0</BisWeighted>
      <QtyInPackage>1</QtyInPackage>
      <ItemPrice>16.90</ItemPrice>
      <UnitOfMeasurePrice>2.25</UnitOfMeasurePrice>
      <AllowDiscount>0</AllowDiscount>
      <itemStatus>1</itemStatus>
      <LastUpdateDate />
      <LastUpdateTime />
    </Product>
    <Product>
      <PriceUpdateDate>2019/04/15 13:22</PriceUpdateDate>
      <ItemCode>7290017457550</ItemCode>
      <ItemType>1</ItemType>
      <ItemName>מרכך כביסה מרוכז 600 מל supreme glamour</ItemName>
      <ManufactureName>גורי שיווק בעמ</ManufactureName>
      <ManufactureCountry />
      <ManufactureItemDescription />
      <UnitQty>יח`</UnitQty>
      <Quantity>6</Quantity>
      <UnitMeasure>100 מ"ל</UnitMeasure>
      <BisWeighted>0</BisWeighted>
      <QtyInPackage>1</QtyInPackage>
      <ItemPrice>12.90</ItemPrice>
      <UnitOfMeasurePrice>2.15</UnitOfMeasurePrice>
      <AllowDiscount>1</AllowDiscount>
      <itemStatus>1</itemStatus>
      <LastUpdateDate />
      <LastUpdateTime />
    </Product>
    <Product>
      <PriceUpdateDate>2019/04/15 13:22</PriceUpdateDate>
      <ItemCode>7290017457567</ItemCode>
      <ItemType>1</ItemType>
      <ItemName>מרכך כביסה מרוכז 600 מל supreme eleganc</ItemName>
      <ManufactureName>גורי שיווק בעמ</ManufactureName>
      <ManufactureCountry />
      <ManufactureItemDescription />
      <UnitQty>יח`</UnitQty>
      <Quantity>6</Quantity>
      <UnitMeasure>100 מ"ל</UnitMeasure>
      <BisWeighted>0</BisWeighted>
      <QtyInPackage>1</QtyInPackage>
      <ItemPrice>12.90</ItemPrice>
      <UnitOfMeasurePrice>2.15</UnitOfMeasurePrice>
      <AllowDiscount>1</AllowDiscount>
      <itemStatus>1</itemStatus>
      <LastUpdateDate />
      <LastUpdateTime />
    </Product>
    <Product>
      <PriceUpdateDate>2019/07/07 09:24</PriceUpdateDate>
      <ItemCode>7290017457574</ItemCode>
      <ItemType>1</ItemType>
      <ItemName>סוד כדוריות נתלה שלשות פרחים מהדורה מיוח</ItemName>
      <ManufactureName>גורי שיווק בעמ</ManufactureName>
      <ManufactureCountry />
      <ManufactureItemDescription />
      <UnitQty>יח`</UnitQty>
      <Quantity>1</Quantity>
      <UnitMeasure />
      <BisWeighted>0</BisWeighted>
      <QtyInPackage>1</QtyInPackage>
      <ItemPrice>19.90</ItemPrice>
      <UnitOfMeasurePrice>19.90</UnitOfMeasurePrice>
      <AllowDiscount>1</AllowDiscount>
      <itemStatus>1</itemStatus>
      <LastUpdateDate />
      <LastUpdateTime />
    </Product>
    <Product>
      <PriceUpdateDate>2019/05/27 16:17</PriceUpdateDate>
      <ItemCode>7290017457581</ItemCode>
      <ItemType>1</ItemType>
      <ItemName>סוד מרכך מרוכז ( 900 מל) 20% +בישום -co</ItemName>
      <ManufactureName>גורי שיווק בעמ</ManufactureName>
      <ManufactureCountry />
      <ManufactureItemDescription />
      <UnitQty>יח`</UnitQty>
      <Quantity>9</Quantity>
      <UnitMeasure>100 מ"ל</UnitMeasure>
      <BisWeighted>0</BisWeighted>
      <QtyInPackage>1</QtyInPackage>
      <ItemPrice>13.90</ItemPrice>
      <UnitOfMeasurePrice>1.54</UnitOfMeasurePrice>
      <AllowDiscount>1</AllowDiscount>
      <itemStatus>1</itemStatus>
      <LastUpdateDate />
      <LastUpdateTime />
    </Product>
    <Product>
      <PriceUpdateDate>2019/05/27 16:17</PriceUpdateDate>
      <ItemCode>7290017457598</ItemCode>
      <ItemType>1</ItemType>
      <ItemName>סוד מרכך מרוכז( 900 מל) 20% +בישום -su</ItemName>
      <ManufactureName>גורי שיווק בעמ</ManufactureName>
      <ManufactureCountry />
      <ManufactureItemDescription />
      <UnitQty>יח`</UnitQty>
      <Quantity>9</Quantity>
      <UnitMeasure>100 מ"ל</UnitMeasure>
      <BisWeighted>0</BisWeighted>
      <QtyInPackage>1</QtyInPackage>
      <ItemPrice>13.90</ItemPrice>
      <UnitOfMeasurePrice>1.54</UnitOfMeasurePrice>
      <AllowDiscount>1</AllowDiscount>
      <itemStatus>1</itemStatus>
      <LastUpdateDate />
      <LastUpdateTime />
    </Product>
    <Product>
      <PriceUpdateDate>2019/05/27 16:17</PriceUpdateDate>
      <ItemCode>7290017457727</ItemCode>
      <ItemType>1</ItemType>
      <ItemName>סוד מרכך מרוכז (900 מל) 20% +בישום -כח</ItemName>
      <ManufactureName>גורי שיווק בעמ</ManufactureName>
      <ManufactureCountry />
      <ManufactureItemDescription />
      <UnitQty>יח`</UnitQty>
      <Quantity>9</Quantity>
      <UnitMeasure>100 מ"ל</UnitMeasure>
      <BisWeighted>0</BisWeighted>
      <QtyInPackage>1</QtyInPackage>
      <ItemPrice>13.90</ItemPrice>
      <UnitOfMeasurePrice>1.54</UnitOfMeasurePrice>
      <AllowDiscount>1</AllowDiscount>
      <itemStatus>1</itemStatus>
      <LastUpdateDate />
      <LastUpdateTime />
    </Product>
    <Product>
      <PriceUpdateDate>2019/05/27 16:17</PriceUpdateDate>
      <ItemCode>7290017457734</ItemCode>
      <ItemType>1</ItemType>
      <ItemName>סוד מרכך מרוכז ( 900 מל) 20% +בישום -ו</ItemName>
      <ManufactureName>גורי שיווק בעמ</ManufactureName>
      <ManufactureCountry />
      <ManufactureItemDescription />
      <UnitQty>יח`</UnitQty>
      <Quantity>9</Quantity>
      <UnitMeasure>100 מ"ל</UnitMeasure>
      <BisWeighted>0</BisWeighted>
      <QtyInPackage>1</QtyInPackage>
      <ItemPrice>13.90</ItemPrice>
      <UnitOfMeasurePrice>1.54</UnitOfMeasurePrice>
      <AllowDiscount>1</AllowDiscount>
      <itemStatus>1</itemStatus>
      <LastUpdateDate />
      <LastUpdateTime />
    </Product>
    <Product>
      <PriceUpdateDate>2020/01/29 12:46</PriceUpdateDate>
      <ItemCode>7290017457819</ItemCode>
      <ItemType>1</ItemType>
      <ItemName>פרסיל קפסולות ג`ל 28 יח</ItemName>
      <ManufactureName>גורי שיווק בעמ</ManufactureName>
      <ManufactureCountry />
      <ManufactureItemDescription />
      <UnitQty>יח`</UnitQty>
      <Quantity>1</Quantity>
      <UnitMeasure />
      <BisWeighted>0</BisWeighted>
      <QtyInPackage>1</QtyInPackage>
      <ItemPrice>34.90</ItemPrice>
      <UnitOfMeasurePrice>34.90</UnitOfMeasurePrice>
      <AllowDiscount>1</AllowDiscount>
      <itemStatus>1</itemStatus>
      <LastUpdateDate />
      <LastUpdateTime />
    </Product>
    <Product>
      <PriceUpdateDate>2020/02/20 15:35</PriceUpdateDate>
      <ItemCode>7290017457970</ItemCode>
      <ItemType>1</ItemType>
      <ItemName>דיסקס לכביסה לבנה וצבעונית 22 יח פרסיל</ItemName>
      <ManufactureName>גורי שיווק בעמ</ManufactureName>
      <ManufactureCountry />
      <ManufactureItemDescription />
      <UnitQty>יח`</UnitQty>
      <Quantity>1</Quantity>
      <UnitMeasure />
      <BisWeighted>0</BisWeighted>
      <QtyInPackage>1</QtyInPackage>
      <ItemPrice>34.90</ItemPrice>
      <UnitOfMeasurePrice>34.90</UnitOfMeasurePrice>
      <AllowDiscount>1</AllowDiscount>
      <itemStatus>1</itemStatus>
      <LastUpdateDate />
      <LastUpdateTime />
    </Product>
    <Product>
      <PriceUpdateDate>2018/04/26 19:00</PriceUpdateDate>
      <ItemCode>7290017477169</ItemCode>
      <ItemType>1</ItemType>
      <ItemName>אגוזי קשיו 250  גר`ששון הקולה</ItemName>
      <ManufactureName>דין שיווק וקליה בעמ</ManufactureName>
      <ManufactureCountry />
      <ManufactureItemDescription />
      <UnitQty>יח`</UnitQty>
      <Quantity>2.50</Quantity>
      <UnitMeasure>100 גרם</UnitMeasure>
      <BisWeighted>0</BisWeighted>
      <QtyInPackage>1</QtyInPackage>
      <ItemPrice>20</ItemPrice>
      <UnitOfMeasurePrice>8</UnitOfMeasurePrice>
      <AllowDiscount>0</AllowDiscount>
      <itemStatus>1</itemStatus>
      <LastUpdateDate />
      <LastUpdateTime />
    </Product>
    <Product>
      <PriceUpdateDate>2019/11/03 11:48</PriceUpdateDate>
      <ItemCode>7290017513393</ItemCode>
      <ItemType>1</ItemType>
      <ItemName>תה ירוק סופר גרין ויסוצקי) (25</ItemName>
      <ManufactureName>תה ויסוצקי (ישראל) בעמ</ManufactureName>
      <ManufactureCountry />
      <ManufactureItemDescription />
      <UnitQty>יח`</UnitQty>
      <Quantity>1</Quantity>
      <UnitMeasure />
      <BisWeighted>0</BisWeighted>
      <QtyInPackage>1</QtyInPackage>
      <ItemPrice>24.90</ItemPrice>
      <UnitOfMeasurePrice>24.90</UnitOfMeasurePrice>
      <AllowDiscount>0</AllowDiscount>
      <itemStatus>1</itemStatus>
      <LastUpdateDate />
      <LastUpdateTime />
    </Product>
    <Product>
      <PriceUpdateDate>2019/11/03 11:48</PriceUpdateDate>
      <ItemCode>7290017513409</ItemCode>
      <ItemType>1</ItemType>
      <ItemName>תה ירוק סופר פלפל ויסוצקי) (25</ItemName>
      <ManufactureName>תה ויסוצקי (ישראל) בעמ</ManufactureName>
      <ManufactureCountry />
      <ManufactureItemDescription />
      <UnitQty>יח`</UnitQty>
      <Quantity>1</Quantity>
      <UnitMeasure />
      <BisWeighted>0</BisWeighted>
      <QtyInPackage>1</QtyInPackage>
      <ItemPrice>24.90</ItemPrice>
      <UnitOfMeasurePrice>24.90</UnitOfMeasurePrice>
      <AllowDiscount>0</AllowDiscount>
      <itemStatus>1</itemStatus>
      <LastUpdateDate />
      <LastUpdateTime />
    </Product>
    <Product>
      <PriceUpdateDate>2020/01/27 09:19</PriceUpdateDate>
      <ItemCode>7290017513782</ItemCode>
      <ItemType>1</ItemType>
      <ItemName>בייגלה מצופים שוקולד מריר 140 גר` פליפז</ItemName>
      <ManufactureName>תה ויסוצקי (ישראל) בעמ</ManufactureName>
      <ManufactureCountry />
      <ManufactureItemDescription />
      <UnitQty>יח`</UnitQty>
      <Quantity>1.40</Quantity>
      <UnitMeasure>100 גרם</UnitMeasure>
      <BisWeighted>0</BisWeighted>
      <QtyInPackage>1</QtyInPackage>
      <ItemPrice>7.90</ItemPrice>
      <UnitOfMeasurePrice>5.64</UnitOfMeasurePrice>
      <AllowDiscount>0</AllowDiscount>
      <itemStatus>1</itemStatus>
      <LastUpdateDate />
      <LastUpdateTime />
    </Product>
    <Product>
      <PriceUpdateDate>2019/03/05 08:11</PriceUpdateDate>
      <ItemCode>7290017589633</ItemCode>
      <ItemType>1</ItemType>
      <ItemName>רזרב קברנה סובניון יקבי ברקן (750 מל) G</ItemName>
      <ManufactureName>טמפו משקאות בעמ</ManufactureName>
      <ManufactureCountry />
      <ManufactureItemDescription />
      <UnitQty>יח`</UnitQty>
      <Quantity>7.50</Quantity>
      <UnitMeasure>100 מ"ל</UnitMeasure>
      <BisWeighted>0</BisWeighted>
      <QtyInPackage>1</QtyInPackage>
      <ItemPrice>49.90</ItemPrice>
      <UnitOfMeasurePrice>6.61</UnitOfMeasurePrice>
      <AllowDiscount>1</AllowDiscount>
      <itemStatus>1</itemStatus>
      <LastUpdateDate />
      <LastUpdateTime />
    </Product>
    <Product>
      <PriceUpdateDate>2019/10/28 14:57</PriceUpdateDate>
      <ItemCode>7290017616179</ItemCode>
      <ItemType>1</ItemType>
      <ItemName>חומוס 800 גר` קפוא</ItemName>
      <ManufactureName>נ.ת.נ.ג.ב החזקות יעוץ וניהול ב</ManufactureName>
      <ManufactureCountry />
      <ManufactureItemDescription />
      <UnitQty>יח`</UnitQty>
      <Quantity>8</Quantity>
      <UnitMeasure>100 גרם</UnitMeasure>
      <BisWeighted>0</BisWeighted>
      <QtyInPackage>1</QtyInPackage>
      <ItemPrice>9.90</ItemPrice>
      <UnitOfMeasurePrice>1.24</UnitOfMeasurePrice>
      <AllowDiscount>1</AllowDiscount>
      <itemStatus>1</itemStatus>
      <LastUpdateDate />
      <LastUpdateTime />
    </Product>
    <Product>
      <PriceUpdateDate>2019/10/28 14:57</PriceUpdateDate>
      <ItemCode>7290017616186</ItemCode>
      <ItemType>1</ItemType>
      <ItemName>לקט ירקות לקוסקוס 800 גר` קפוא</ItemName>
      <ManufactureName>נ.ת.נ.ג.ב החזקות יעוץ וניהול ב</ManufactureName>
      <ManufactureCountry />
      <ManufactureItemDescription />
      <UnitQty>יח`</UnitQty>
      <Quantity>8</Quantity>
      <UnitMeasure>100 גרם</UnitMeasure>
      <BisWeighted>0</BisWeighted>
      <QtyInPackage>1</QtyInPackage>
      <ItemPrice>9.90</ItemPrice>
      <UnitOfMeasurePrice>1.24</UnitOfMeasurePrice>
      <AllowDiscount>1</AllowDiscount>
      <itemStatus>1</itemStatus>
      <LastUpdateDate />
      <LastUpdateTime />
    </Product>
    <Product>
      <PriceUpdateDate>2020/04/03 08:18</PriceUpdateDate>
      <ItemCode>7290017616377</ItemCode>
      <ItemType>1</ItemType>
      <ItemName>ארטישוק ארוז פרוסטי 400 גרם</ItemName>
      <ManufactureName>נ.ת.נ.ג.ב החזקות יעוץ וניהול ב</ManufactureName>
      <ManufactureCountry />
      <ManufactureItemDescription />
      <UnitQty>יח`</UnitQty>
      <Quantity>4</Quantity>
      <UnitMeasure>100 גרם</UnitMeasure>
      <BisWeighted>0</BisWeighted>
      <QtyInPackage>1</QtyInPackage>
      <ItemPrice>9.90</ItemPrice>
      <UnitOfMeasurePrice>2.48</UnitOfMeasurePrice>
      <AllowDiscount>0</AllowDiscount>
      <itemStatus>1</itemStatus>
      <LastUpdateDate />
      <LastUpdateTime />
    </Product>
    <Product>
      <PriceUpdateDate>2020/03/24 14:07</PriceUpdateDate>
      <ItemCode>7290017616384</ItemCode>
      <ItemType>1</ItemType>
      <ItemName>במיה ארוז פרוסטי 600 גרם</ItemName>
      <ManufactureName>נ.ת.נ.ג.ב החזקות יעוץ וניהול ב</ManufactureName>
      <ManufactureCountry />
      <ManufactureItemDescription />
      <UnitQty>יח`</UnitQty>
      <Quantity>6</Quantity>
      <UnitMeasure>100 גרם</UnitMeasure>
      <BisWeighted>0</BisWeighted>
      <QtyInPackage>1</QtyInPackage>
      <ItemPrice>9.90</ItemPrice>
      <UnitOfMeasurePrice>1.65</UnitOfMeasurePrice>
      <AllowDiscount>0</AllowDiscount>
      <itemStatus>1</itemStatus>
      <LastUpdateDate />
      <LastUpdateTime />
    </Product>
    <Product>
      <PriceUpdateDate>2019/07/17 10:31</PriceUpdateDate>
      <ItemCode>7290017618142</ItemCode>
      <ItemType>1</ItemType>
      <ItemName>עוגיות שוקולד ציפס עם שוקולד מריר מעולה</ItemName>
      <ManufactureName>תה ויסוצקי (ישראל) בעמ</ManufactureName>
      <ManufactureCountry />
      <ManufactureItemDescription />
      <UnitQty>יח`</UnitQty>
      <Quantity>1.50</Quantity>
      <UnitMeasure>100 גרם</UnitMeasure>
      <BisWeighted>0</BisWeighted>
      <QtyInPackage>1</QtyInPackage>
      <ItemPrice>10.90</ItemPrice>
      <UnitOfMeasurePrice>7.27</UnitOfMeasurePrice>
      <AllowDiscount>0</AllowDiscount>
      <itemStatus>1</itemStatus>
      <LastUpdateDate />
      <LastUpdateTime />
    </Product>
    <Product>
      <PriceUpdateDate>2019/12/25 08:27</PriceUpdateDate>
      <ItemCode>7290017618241</ItemCode>
      <ItemType>1</ItemType>
      <ItemName>עוגיות ביס בוטנים 200 גר` לחמי</ItemName>
      <ManufactureName>תה ויסוצקי (ישראל) בעמ</ManufactureName>
      <ManufactureCountry />
      <ManufactureItemDescription />
      <UnitQty>יח`</UnitQty>
      <Quantity>2</Quantity>
      <UnitMeasure>100 גרם</UnitMeasure>
      <BisWeighted>0</BisWeighted>
      <QtyInPackage>1</QtyInPackage>
      <ItemPrice>17.90</ItemPrice>
      <UnitOfMeasurePrice>8.95</UnitOfMeasurePrice>
      <AllowDiscount>0</AllowDiscount>
      <itemStatus>1</itemStatus>
      <LastUpdateDate />
      <LastUpdateTime />
    </Product>
    <Product>
      <PriceUpdateDate>2019/04/10 14:41</PriceUpdateDate>
      <ItemCode>7290017641089</ItemCode>
      <ItemType>1</ItemType>
      <ItemName>פניני צנימים עגולים בטעם קלאסי 300  גר`כ</ItemName>
      <ManufactureName>כרמית תעשיות ממתקים בעמ</ManufactureName>
      <ManufactureCountry />
      <ManufactureItemDescription />
      <UnitQty>יח`</UnitQty>
      <Quantity>3</Quantity>
      <UnitMeasure>100 גרם</UnitMeasure>
      <BisWeighted>0</BisWeighted>
      <QtyInPackage>1</QtyInPackage>
      <ItemPrice>9.90</ItemPrice>
      <UnitOfMeasurePrice>3.30</UnitOfMeasurePrice>
      <AllowDiscount>0</AllowDiscount>
      <itemStatus>1</itemStatus>
      <LastUpdateDate />
      <LastUpdateTime />
    </Product>
    <Product>
      <PriceUpdateDate>2020/02/14 07:53</PriceUpdateDate>
      <ItemCode>7290017641096</ItemCode>
      <ItemType>1</ItemType>
      <ItemName>שוקולד פרימיום 70% ללא סוכר (100  גר`)כר</ItemName>
      <ManufactureName>כרמית תעשיות ממתקים בעמ</ManufactureName>
      <ManufactureCountry />
      <ManufactureItemDescription />
      <UnitQty>יח`</UnitQty>
      <Quantity>1</Quantity>
      <UnitMeasure>100 גרם</UnitMeasure>
      <BisWeighted>0</BisWeighted>
      <QtyInPackage>1</QtyInPackage>
      <ItemPrice>7.90</ItemPrice>
      <UnitOfMeasurePrice>7.90</UnitOfMeasurePrice>
      <AllowDiscount>0</AllowDiscount>
      <itemStatus>1</itemStatus>
      <LastUpdateDate />
      <LastUpdateTime />
    </Product>
    <Product>
      <PriceUpdateDate>2020/02/14 07:53</PriceUpdateDate>
      <ItemCode>7290017641102</ItemCode>
      <ItemType>1</ItemType>
      <ItemName>שוקולד פרימיום 70% ללא סוכר תפוז (100 ג</ItemName>
      <ManufactureName>כרמית תעשיות ממתקים בעמ</ManufactureName>
      <ManufactureCountry />
      <ManufactureItemDescription />
      <UnitQty>יח`</UnitQty>
      <Quantity>1</Quantity>
      <UnitMeasure>100 גרם</UnitMeasure>
      <BisWeighted>0</BisWeighted>
      <QtyInPackage>1</QtyInPackage>
      <ItemPrice>7.90</ItemPrice>
      <UnitOfMeasurePrice>7.90</UnitOfMeasurePrice>
      <AllowDiscount>0</AllowDiscount>
      <itemStatus>1</itemStatus>
      <LastUpdateDate />
      <LastUpdateTime />
    </Product>
    <Product>
      <PriceUpdateDate>2019/02/14 08:17</PriceUpdateDate>
      <ItemCode>7290017641119</ItemCode>
      <ItemType>1</ItemType>
      <ItemName>שוקולד מריר פרימיום 85% כרמית (100 גר`)</ItemName>
      <ManufactureName>כרמית תעשיות ממתקים בעמ</ManufactureName>
      <ManufactureCountry />
      <ManufactureItemDescription />
      <UnitQty>יח`</UnitQty>
      <Quantity>1</Quantity>
      <UnitMeasure>100 גרם</UnitMeasure>
      <BisWeighted>0</BisWeighted>
      <QtyInPackage>1</QtyInPackage>
      <ItemPrice>7.90</ItemPrice>
      <UnitOfMeasurePrice>7.90</UnitOfMeasurePrice>
      <AllowDiscount>0</AllowDiscount>
      <itemStatus>1</itemStatus>
      <LastUpdateDate />
      <LastUpdateTime />
    </Product>
    <Product>
      <PriceUpdateDate>2019/04/10 14:41</PriceUpdateDate>
      <ItemCode>7290017641195</ItemCode>
      <ItemType>1</ItemType>
      <ItemName>חטיף קרקר עם שיפון מלא וגזר 130  גר`כרמי</ItemName>
      <ManufactureName>כרמית תעשיות ממתקים בעמ</ManufactureName>
      <ManufactureCountry />
      <ManufactureItemDescription />
      <UnitQty>יח`</UnitQty>
      <Quantity>1.30</Quantity>
      <UnitMeasure>100 גרם</UnitMeasure>
      <BisWeighted>0</BisWeighted>
      <QtyInPackage>1</QtyInPackage>
      <ItemPrice>5.90</ItemPrice>
      <UnitOfMeasurePrice>4.54</UnitOfMeasurePrice>
      <AllowDiscount>0</AllowDiscount>
      <itemStatus>1</itemStatus>
      <LastUpdateDate />
      <LastUpdateTime />
    </Product>
    <Product>
      <PriceUpdateDate>2019/04/10 14:41</PriceUpdateDate>
      <ItemCode>7290017641201</ItemCode>
      <ItemType>1</ItemType>
      <ItemName>חטיף קרקר עם שיפון מלא וקייל 130  גר`כרמ</ItemName>
      <ManufactureName>כרמית תעשיות ממתקים בעמ</ManufactureName>
      <ManufactureCountry />
      <ManufactureItemDescription />
      <UnitQty>יח`</UnitQty>
      <Quantity>1.30</Quantity>
      <UnitMeasure>100 גרם</UnitMeasure>
      <BisWeighted>0</BisWeighted>
      <QtyInPackage>1</QtyInPackage>
      <ItemPrice>5.90</ItemPrice>
      <UnitOfMeasurePrice>4.54</UnitOfMeasurePrice>
      <AllowDiscount>0</AllowDiscount>
      <itemStatus>1</itemStatus>
      <LastUpdateDate />
      <LastUpdateTime />
    </Product>
    <Product>
      <PriceUpdateDate>2020/02/09 12:10</PriceUpdateDate>
      <ItemCode>7290017641218</ItemCode>
      <ItemType>1</ItemType>
      <ItemName>כעכים טרליני בסגנון איטלקי בתוספת מלח 40</ItemName>
      <ManufactureName>כרמית תעשיות ממתקים בעמ</ManufactureName>
      <ManufactureCountry />
      <ManufactureItemDescription />
      <UnitQty>יח`</UnitQty>
      <Quantity>4</Quantity>
      <UnitMeasure>100 גרם</UnitMeasure>
      <BisWeighted>0</BisWeighted>
      <QtyInPackage>1</QtyInPackage>
      <ItemPrice>9.90</ItemPrice>
      <UnitOfMeasurePrice>2.48</UnitOfMeasurePrice>
      <AllowDiscount>0</AllowDiscount>
      <itemStatus>1</itemStatus>
      <LastUpdateDate />
      <LastUpdateTime />
    </Product>
    <Product>
      <PriceUpdateDate>2020/02/09 12:10</PriceUpdateDate>
      <ItemCode>7290017641249</ItemCode>
      <ItemType>1</ItemType>
      <ItemName>כעכים טרליני בסגנון איטלקי בטעם שום בצל</ItemName>
      <ManufactureName>כרמית תעשיות ממתקים בעמ</ManufactureName>
      <ManufactureCountry />
      <ManufactureItemDescription />
      <UnitQty>יח`</UnitQty>
      <Quantity>4</Quantity>
      <UnitMeasure>100 גרם</UnitMeasure>
      <BisWeighted>0</BisWeighted>
      <QtyInPackage>1</QtyInPackage>
      <ItemPrice>9.90</ItemPrice>
      <UnitOfMeasurePrice>2.48</UnitOfMeasurePrice>
      <AllowDiscount>0</AllowDiscount>
      <itemStatus>1</itemStatus>
      <LastUpdateDate />
      <LastUpdateTime />
    </Product>
    <Product>
      <PriceUpdateDate>2020/02/03 11:50</PriceUpdateDate>
      <ItemCode>7290017641379</ItemCode>
      <ItemType>1</ItemType>
      <ItemName>חמישיות שוקולד חלב *85כרמית</ItemName>
      <ManufactureName>כרמית תעשיות ממתקים בעמ</ManufactureName>
      <ManufactureCountry />
      <ManufactureItemDescription />
      <UnitQty>יח`</UnitQty>
      <Quantity>4.25</Quantity>
      <UnitMeasure>100 גרם</UnitMeasure>
      <BisWeighted>0</BisWeighted>
      <QtyInPackage>1</QtyInPackage>
      <ItemPrice>14.90</ItemPrice>
      <UnitOfMeasurePrice>3.51</UnitOfMeasurePrice>
      <AllowDiscount>0</AllowDiscount>
      <itemStatus>1</itemStatus>
      <LastUpdateDate />
      <LastUpdateTime />
    </Product>
    <Product>
      <PriceUpdateDate>2020/02/14 07:53</PriceUpdateDate>
      <ItemCode>7290017641744</ItemCode>
      <ItemType>1</ItemType>
      <ItemName>איגלו סטיקס 800 מל כרמית</ItemName>
      <ManufactureName>כרמית תעשיות ממתקים בעמ</ManufactureName>
      <ManufactureCountry />
      <ManufactureItemDescription />
      <UnitQty>יח`</UnitQty>
      <Quantity>1</Quantity>
      <UnitMeasure />
      <BisWeighted>0</BisWeighted>
      <QtyInPackage>1</QtyInPackage>
      <ItemPrice>4.90</ItemPrice>
      <UnitOfMeasurePrice>4.90</UnitOfMeasurePrice>
      <AllowDiscount>1</AllowDiscount>
      <itemStatus>1</itemStatus>
      <LastUpdateDate />
      <LastUpdateTime />
    </Product>
    <Product>
      <PriceUpdateDate>2019/08/14 17:32</PriceUpdateDate>
      <ItemCode>7290017647128</ItemCode>
      <ItemType>1</ItemType>
      <ItemName>גמלא קברנה סוביניון</ItemName>
      <ManufactureName>היכל היין שקד גולן בעמ</ManufactureName>
      <ManufactureCountry />
      <ManufactureItemDescription />
      <UnitQty>יח`</UnitQty>
      <Quantity>7.50</Quantity>
      <UnitMeasure>100 מ"ל</UnitMeasure>
      <BisWeighted>0</BisWeighted>
      <QtyInPackage>1</QtyInPackage>
      <ItemPrice>64.90</ItemPrice>
      <UnitOfMeasurePrice>8.61</UnitOfMeasurePrice>
      <AllowDiscount>0</AllowDiscount>
      <itemStatus>1</itemStatus>
      <LastUpdateDate />
      <LastUpdateTime />
    </Product>
    <Product>
      <PriceUpdateDate>2019/06/17 16:41</PriceUpdateDate>
      <ItemCode>7290017677804</ItemCode>
      <ItemType>1</ItemType>
      <ItemName>רוטב סויה (444 מל) קיקומן</ItemName>
      <ManufactureName>דיפלומט היינץ</ManufactureName>
      <ManufactureCountry />
      <ManufactureItemDescription />
      <UnitQty>יח`</UnitQty>
      <Quantity>4.44</Quantity>
      <UnitMeasure>100 מ"ל</UnitMeasure>
      <BisWeighted>0</BisWeighted>
      <QtyInPackage>1</QtyInPackage>
      <ItemPrice>29.90</ItemPrice>
      <UnitOfMeasurePrice>6.73</UnitOfMeasurePrice>
      <AllowDiscount>1</AllowDiscount>
      <itemStatus>1</itemStatus>
      <LastUpdateDate />
      <LastUpdateTime />
    </Product>
    <Product>
      <PriceUpdateDate>2019/11/20 11:12</PriceUpdateDate>
      <ItemCode>7290017682495</ItemCode>
      <ItemType>1</ItemType>
      <ItemName>מטלית מיקרופייבר מודפסות לרצפה smile</ItemName>
      <ManufactureName>מ.א.ייצור ויבוא מטליות בעמ</ManufactureName>
      <ManufactureCountry />
      <ManufactureItemDescription />
      <UnitQty>יח`</UnitQty>
      <Quantity>1</Quantity>
      <UnitMeasure />
      <BisWeighted>0</BisWeighted>
      <QtyInPackage>1</QtyInPackage>
      <ItemPrice>9.90</ItemPrice>
      <UnitOfMeasurePrice>9.90</UnitOfMeasurePrice>
      <AllowDiscount>0</AllowDiscount>
      <itemStatus>1</itemStatus>
      <LastUpdateDate />
      <LastUpdateTime />
    </Product>
    <Product>
      <PriceUpdateDate>2020/01/14 08:11</PriceUpdateDate>
      <ItemCode>7290017715155</ItemCode>
      <ItemType>1</ItemType>
      <ItemName>מלית תפוח עץ לעוגה 680  גר`תומר</ItemName>
      <ManufactureName>תומר יבוא ושיווק מוצרי מזון (1</ManufactureName>
      <ManufactureCountry />
      <ManufactureItemDescription />
      <UnitQty>יח`</UnitQty>
      <Quantity>6.80</Quantity>
      <UnitMeasure>100 גרם</UnitMeasure>
      <BisWeighted>0</BisWeighted>
      <QtyInPackage>1</QtyInPackage>
      <ItemPrice>9.90</ItemPrice>
      <UnitOfMeasurePrice>1.46</UnitOfMeasurePrice>
      <AllowDiscount>0</AllowDiscount>
      <itemStatus>1</itemStatus>
      <LastUpdateDate />
      <LastUpdateTime />
    </Product>
    <Product>
      <PriceUpdateDate>2020/01/14 08:11</PriceUpdateDate>
      <ItemCode>7290017715254</ItemCode>
      <ItemType>1</ItemType>
      <ItemName>תירס שלשות 200  גר`תומר</ItemName>
      <ManufactureName>תומר יבוא ושיווק מוצרי מזון (1</ManufactureName>
      <ManufactureCountry />
      <ManufactureItemDescription />
      <UnitQty>יח`</UnitQty>
      <Quantity>6</Quantity>
      <UnitMeasure>100 גרם</UnitMeasure>
      <BisWeighted>0</BisWeighted>
      <QtyInPackage>1</QtyInPackage>
      <ItemPrice>7.90</ItemPrice>
      <UnitOfMeasurePrice>1.32</UnitOfMeasurePrice>
      <AllowDiscount>0</AllowDiscount>
      <itemStatus>1</itemStatus>
      <LastUpdateDate />
      <LastUpdateTime />
    </Product>
    <Product>
      <PriceUpdateDate>2020/01/14 08:11</PriceUpdateDate>
      <ItemCode>7290017715346</ItemCode>
      <ItemType>1</ItemType>
      <ItemName>זית שחור טאסוס 400 גר` תומר</ItemName>
      <ManufactureName>תומר יבוא ושיווק מוצרי מזון (1</ManufactureName>
      <ManufactureCountry />
      <ManufactureItemDescription />
      <UnitQty>יח`</UnitQty>
      <Quantity>4</Quantity>
      <UnitMeasure>100 גרם</UnitMeasure>
      <BisWeighted>0</BisWeighted>
      <QtyInPackage>1</QtyInPackage>
      <ItemPrice>14.90</ItemPrice>
      <UnitOfMeasurePrice>3.73</UnitOfMeasurePrice>
      <AllowDiscount>1</AllowDiscount>
      <itemStatus>1</itemStatus>
      <LastUpdateDate />
      <LastUpdateTime />
    </Product>
    <Product>
      <PriceUpdateDate>2020/01/14 08:11</PriceUpdateDate>
      <ItemCode>7290017715438</ItemCode>
      <ItemType>1</ItemType>
      <ItemName>אפונה שלשות 200  גר`תומר</ItemName>
      <ManufactureName>תומר יבוא ושיווק מוצרי מזון (1</ManufactureName>
      <ManufactureCountry />
      <ManufactureItemDescription />
      <UnitQty>יח`</UnitQty>
      <Quantity>6</Quantity>
      <UnitMeasure>100 גרם</UnitMeasure>
      <BisWeighted>0</BisWeighted>
      <QtyInPackage>1</QtyInPackage>
      <ItemPrice>7.90</ItemPrice>
      <UnitOfMeasurePrice>1.32</UnitOfMeasurePrice>
      <AllowDiscount>0</AllowDiscount>
      <itemStatus>1</itemStatus>
      <LastUpdateDate />
      <LastUpdateTime />
    </Product>
    <Product>
      <PriceUpdateDate>2020/01/14 08:11</PriceUpdateDate>
      <ItemCode>7290017715650</ItemCode>
      <ItemType>1</ItemType>
      <ItemName>זית ממולא שום 740  גר`תומר</ItemName>
      <ManufactureName>תומר יבוא ושיווק מוצרי מזון (1</ManufactureName>
      <ManufactureCountry />
      <ManufactureItemDescription />
      <UnitQty>יח`</UnitQty>
      <Quantity>3.40</Quantity>
      <UnitMeasure>100 גרם</UnitMeasure>
      <BisWeighted>0</BisWeighted>
      <QtyInPackage>1</QtyInPackage>
      <ItemPrice>19.90</ItemPrice>
      <UnitOfMeasurePrice>5.85</UnitOfMeasurePrice>
      <AllowDiscount>0</AllowDiscount>
      <itemStatus>1</itemStatus>
      <LastUpdateDate />
      <LastUpdateTime />
    </Product>
    <Product>
      <PriceUpdateDate>2019/08/20 07:51</PriceUpdateDate>
      <ItemCode>7290017724195</ItemCode>
      <ItemType>1</ItemType>
      <ItemName>עוגיות מקמח כוסמין 200 גר</ItemName>
      <ManufactureName>אקלר בעמ</ManufactureName>
      <ManufactureCountry />
      <ManufactureItemDescription />
      <UnitQty>יח`</UnitQty>
      <Quantity>2</Quantity>
      <UnitMeasure>100 גרם</UnitMeasure>
      <BisWeighted>0</BisWeighted>
      <QtyInPackage>1</QtyInPackage>
      <ItemPrice>24.90</ItemPrice>
      <UnitOfMeasurePrice>12.45</UnitOfMeasurePrice>
      <AllowDiscount>0</AllowDiscount>
      <itemStatus>1</itemStatus>
      <LastUpdateDate />
      <LastUpdateTime />
    </Product>
    <Product>
      <PriceUpdateDate>2018/11/16 08:47</PriceUpdateDate>
      <ItemCode>7290017812052</ItemCode>
      <ItemType>1</ItemType>
      <ItemName>קברנה סוביניון 750 מל אקסלנס שיראז</ItemName>
      <ManufactureName>אגודת הכורמים</ManufactureName>
      <ManufactureCountry />
      <ManufactureItemDescription />
      <UnitQty>יח`</UnitQty>
      <Quantity>7.50</Quantity>
      <UnitMeasure>100 מ"ל</UnitMeasure>
      <BisWeighted>0</BisWeighted>
      <QtyInPackage>1</QtyInPackage>
      <ItemPrice>24.90</ItemPrice>
      <UnitOfMeasurePrice>3.28</UnitOfMeasurePrice>
      <AllowDiscount>1</AllowDiscount>
      <itemStatus>1</itemStatus>
      <LastUpdateDate />
      <LastUpdateTime />
    </Product>
    <Product>
      <PriceUpdateDate>2018/11/16 08:47</PriceUpdateDate>
      <ItemCode>7290017812069</ItemCode>
      <ItemType>1</ItemType>
      <ItemName>ריזלינג שרדונה 750 מל אקסלנס</ItemName>
      <ManufactureName>אגודת הכורמים</ManufactureName>
      <ManufactureCountry />
      <ManufactureItemDescription />
      <UnitQty>יח`</UnitQty>
      <Quantity>7.50</Quantity>
      <UnitMeasure>100 מ"ל</UnitMeasure>
      <BisWeighted>0</BisWeighted>
      <QtyInPackage>1</QtyInPackage>
      <ItemPrice>24.90</ItemPrice>
      <UnitOfMeasurePrice>3.28</UnitOfMeasurePrice>
      <AllowDiscount>1</AllowDiscount>
      <itemStatus>1</itemStatus>
      <LastUpdateDate />
      <LastUpdateTime />
    </Product>
    <Product>
      <PriceUpdateDate>2020/02/20 15:35</PriceUpdateDate>
      <ItemCode>7290017812571</ItemCode>
      <ItemType>1</ItemType>
      <ItemName>תירוש אדום 1 ליטר 100% טבעי</ItemName>
      <ManufactureName>אגודת הכורמים</ManufactureName>
      <ManufactureCountry />
      <ManufactureItemDescription />
      <UnitQty>יח`</UnitQty>
      <Quantity>1</Quantity>
      <UnitMeasure>1 ליטר</UnitMeasure>
      <BisWeighted>0</BisWeighted>
      <QtyInPackage>1</QtyInPackage>
      <ItemPrice>17.90</ItemPrice>
      <UnitOfMeasurePrice>17.90</UnitOfMeasurePrice>
      <AllowDiscount>0</AllowDiscount>
      <itemStatus>1</itemStatus>
      <LastUpdateDate />
      <LastUpdateTime />
    </Product>
    <Product>
      <PriceUpdateDate>2020/02/20 15:35</PriceUpdateDate>
      <ItemCode>7290017812588</ItemCode>
      <ItemType>1</ItemType>
      <ItemName>תירוש לבן 1 ליטר 100% טבעי</ItemName>
      <ManufactureName>אגודת הכורמים</ManufactureName>
      <ManufactureCountry />
      <ManufactureItemDescription />
      <UnitQty>יח`</UnitQty>
      <Quantity>1</Quantity>
      <UnitMeasure>1 ליטר</UnitMeasure>
      <BisWeighted>0</BisWeighted>
      <QtyInPackage>1</QtyInPackage>
      <ItemPrice>17.90</ItemPrice>
      <UnitOfMeasurePrice>17.90</UnitOfMeasurePrice>
      <AllowDiscount>0</AllowDiscount>
      <itemStatus>1</itemStatus>
      <LastUpdateDate />
      <LastUpdateTime />
    </Product>
    <Product>
      <PriceUpdateDate>2020/03/19 10:44</PriceUpdateDate>
      <ItemCode>7290017812694</ItemCode>
      <ItemType>1</ItemType>
      <ItemName>מיץ ענבים תירוש 1 ליטר</ItemName>
      <ManufactureName>אגודת הכורמים</ManufactureName>
      <ManufactureCountry />
      <ManufactureItemDescription />
      <UnitQty>יח`</UnitQty>
      <Quantity>1</Quantity>
      <UnitMeasure>1 ליטר</UnitMeasure>
      <BisWeighted>0</BisWeighted>
      <QtyInPackage>1</QtyInPackage>
      <ItemPrice>11.90</ItemPrice>
      <UnitOfMeasurePrice>11.90</UnitOfMeasurePrice>
      <AllowDiscount>0</AllowDiscount>
      <itemStatus>1</itemStatus>
      <LastUpdateDate />
      <LastUpdateTime />
    </Product>
    <Product>
      <PriceUpdateDate>2019/11/01 08:40</PriceUpdateDate>
      <ItemCode>7290017871424</ItemCode>
      <ItemType>1</ItemType>
      <ItemName>חטיף דגנים תמרים ובוטנים ללא גלוטן וללא</ItemName>
      <ManufactureName>דנשר (1963) בעמ</ManufactureName>
      <ManufactureCountry />
      <ManufactureItemDescription />
      <UnitQty>יח`</UnitQty>
      <Quantity>1</Quantity>
      <UnitMeasure>100 גרם</UnitMeasure>
      <BisWeighted>0</BisWeighted>
      <QtyInPackage>1</QtyInPackage>
      <ItemPrice>16.90</ItemPrice>
      <UnitOfMeasurePrice>16.90</UnitOfMeasurePrice>
      <AllowDiscount>1</AllowDiscount>
      <itemStatus>1</itemStatus>
      <LastUpdateDate />
      <LastUpdateTime />
    </Product>
    <Product>
      <PriceUpdateDate>2019/11/01 08:40</PriceUpdateDate>
      <ItemCode>7290017871431</ItemCode>
      <ItemType>1</ItemType>
      <ItemName>חטיף דגנים תמרים אגוזי לוז וחמוציות ללא</ItemName>
      <ManufactureName>דנשר (1963) בעמ</ManufactureName>
      <ManufactureCountry />
      <ManufactureItemDescription />
      <UnitQty>יח`</UnitQty>
      <Quantity>1</Quantity>
      <UnitMeasure>100 גרם</UnitMeasure>
      <BisWeighted>0</BisWeighted>
      <QtyInPackage>1</QtyInPackage>
      <ItemPrice>16.90</ItemPrice>
      <UnitOfMeasurePrice>16.90</UnitOfMeasurePrice>
      <AllowDiscount>1</AllowDiscount>
      <itemStatus>1</itemStatus>
      <LastUpdateDate />
      <LastUpdateTime />
    </Product>
    <Product>
      <PriceUpdateDate>2019/11/01 08:40</PriceUpdateDate>
      <ItemCode>7290017871448</ItemCode>
      <ItemType>1</ItemType>
      <ItemName>חטיף דגנים תמרים וקשיו ללא גלוטן וללא סו</ItemName>
      <ManufactureName>דנשר (1963) בעמ</ManufactureName>
      <ManufactureCountry />
      <ManufactureItemDescription />
      <UnitQty>יח`</UnitQty>
      <Quantity>1</Quantity>
      <UnitMeasure>100 גרם</UnitMeasure>
      <BisWeighted>0</BisWeighted>
      <QtyInPackage>1</QtyInPackage>
      <ItemPrice>16.90</ItemPrice>
      <UnitOfMeasurePrice>16.90</UnitOfMeasurePrice>
      <AllowDiscount>1</AllowDiscount>
      <itemStatus>1</itemStatus>
      <LastUpdateDate />
      <LastUpdateTime />
    </Product>
    <Product>
      <PriceUpdateDate>2019/11/01 08:40</PriceUpdateDate>
      <ItemCode>7290017871462</ItemCode>
      <ItemType>1</ItemType>
      <ItemName>חטיף דגנים פצפוצי אורז מצופה שוקולד מריר</ItemName>
      <ManufactureName>דנשר (1963) בעמ</ManufactureName>
      <ManufactureCountry />
      <ManufactureItemDescription />
      <UnitQty>יח`</UnitQty>
      <Quantity>1</Quantity>
      <UnitMeasure>100 גרם</UnitMeasure>
      <BisWeighted>0</BisWeighted>
      <QtyInPackage>1</QtyInPackage>
      <ItemPrice>16.90</ItemPrice>
      <UnitOfMeasurePrice>16.90</UnitOfMeasurePrice>
      <AllowDiscount>1</AllowDiscount>
      <itemStatus>1</itemStatus>
      <LastUpdateDate />
      <LastUpdateTime />
    </Product>
    <Product>
      <PriceUpdateDate>2019/11/01 08:40</PriceUpdateDate>
      <ItemCode>7290017871707</ItemCode>
      <ItemType>1</ItemType>
      <ItemName>חטיף דגנים פצפוצי אורז וקוקוס ללא גלוטן</ItemName>
      <ManufactureName>דנשר (1963) בעמ</ManufactureName>
      <ManufactureCountry />
      <ManufactureItemDescription />
      <UnitQty>יח`</UnitQty>
      <Quantity>1</Quantity>
      <UnitMeasure>100 גרם</UnitMeasure>
      <BisWeighted>0</BisWeighted>
      <QtyInPackage>1</QtyInPackage>
      <ItemPrice>16.90</ItemPrice>
      <UnitOfMeasurePrice>16.90</UnitOfMeasurePrice>
      <AllowDiscount>1</AllowDiscount>
      <itemStatus>1</itemStatus>
      <LastUpdateDate />
      <LastUpdateTime />
    </Product>
    <Product>
      <PriceUpdateDate>2019/04/08 19:09</PriceUpdateDate>
      <ItemCode>7290017888019</ItemCode>
      <ItemType>1</ItemType>
      <ItemName>תפוח רימון סלק 350 מל fruit &amp; veg</ItemName>
      <ManufactureName>יפאורה</ManufactureName>
      <ManufactureCountry />
      <ManufactureItemDescription />
      <UnitQty>יח`</UnitQty>
      <Quantity>330</Quantity>
      <UnitMeasure>1 ליטר</UnitMeasure>
      <BisWeighted>0</BisWeighted>
      <QtyInPackage>1</QtyInPackage>
      <ItemPrice>6.90</ItemPrice>
      <UnitOfMeasurePrice>0.02</UnitOfMeasurePrice>
      <AllowDiscount>1</AllowDiscount>
      <itemStatus>1</itemStatus>
      <LastUpdateDate />
      <LastUpdateTime />
    </Product>
    <Product>
      <PriceUpdateDate>2019/04/08 19:09</PriceUpdateDate>
      <ItemCode>7290017888026</ItemCode>
      <ItemType>1</ItemType>
      <ItemName>אננס תפוח גזר 350 מל fruit &amp; veg</ItemName>
      <ManufactureName>יפאורה</ManufactureName>
      <ManufactureCountry />
      <ManufactureItemDescription />
      <UnitQty>יח`</UnitQty>
      <Quantity>330</Quantity>
      <UnitMeasure>1 ליטר</UnitMeasure>
      <BisWeighted>0</BisWeighted>
      <QtyInPackage>1</QtyInPackage>
      <ItemPrice>6.90</ItemPrice>
      <UnitOfMeasurePrice>0.02</UnitOfMeasurePrice>
      <AllowDiscount>1</AllowDiscount>
      <itemStatus>1</itemStatus>
      <LastUpdateDate />
      <LastUpdateTime />
    </Product>
    <Product>
      <PriceUpdateDate>2019/05/10 11:42</PriceUpdateDate>
      <ItemCode>7290017888118</ItemCode>
      <ItemType>1</ItemType>
      <ItemName>משקה מוגז עדין אבטיח שוופס (1.5 ליטר)</ItemName>
      <ManufactureName>יפאורה</ManufactureName>
      <ManufactureCountry />
      <ManufactureItemDescription />
      <UnitQty>יח`</UnitQty>
      <Quantity>15</Quantity>
      <UnitMeasure>100 מ"ל</UnitMeasure>
      <BisWeighted>0</BisWeighted>
      <QtyInPackage>1</QtyInPackage>
      <ItemPrice>6.90</ItemPrice>
      <UnitOfMeasurePrice>0.46</UnitOfMeasurePrice>
      <AllowDiscount>1</AllowDiscount>
      <itemStatus>1</itemStatus>
      <LastUpdateDate />
      <LastUpdateTime />
    </Product>
    <Product>
      <PriceUpdateDate>2019/06/19 08:08</PriceUpdateDate>
      <ItemCode>7290017888293</ItemCode>
      <ItemType>1</ItemType>
      <ItemName>משקה בטעם תפוח לימון גראס 1.5 ליטר פרוט</ItemName>
      <ManufactureName>יפאורה</ManufactureName>
      <ManufactureCountry />
      <ManufactureItemDescription />
      <UnitQty>יח`</UnitQty>
      <Quantity>15</Quantity>
      <UnitMeasure>100 מ"ל</UnitMeasure>
      <BisWeighted>0</BisWeighted>
      <QtyInPackage>1</QtyInPackage>
      <ItemPrice>6.90</ItemPrice>
      <UnitOfMeasurePrice>0.46</UnitOfMeasurePrice>
      <AllowDiscount>1</AllowDiscount>
      <itemStatus>1</itemStatus>
      <LastUpdateDate />
      <LastUpdateTime />
    </Product>
    <Product>
      <PriceUpdateDate>2019/06/17 17:24</PriceUpdateDate>
      <ItemCode>7290017888392</ItemCode>
      <ItemType>1</ItemType>
      <ItemName>משקה קל אשכולית 1.5 ליטר wow תפוזינה</ItemName>
      <ManufactureName>יפאורה</ManufactureName>
      <ManufactureCountry />
      <ManufactureItemDescription />
      <UnitQty>יח`</UnitQty>
      <Quantity>15</Quantity>
      <UnitMeasure>100 מ"ל</UnitMeasure>
      <BisWeighted>0</BisWeighted>
      <QtyInPackage>1</QtyInPackage>
      <ItemPrice>6.50</ItemPrice>
      <UnitOfMeasurePrice>0.43</UnitOfMeasurePrice>
      <AllowDiscount>1</AllowDiscount>
      <itemStatus>1</itemStatus>
      <LastUpdateDate />
      <LastUpdateTime />
    </Product>
    <Product>
      <PriceUpdateDate>2019/07/29 13:01</PriceUpdateDate>
      <ItemCode>7290017917467</ItemCode>
      <ItemType>1</ItemType>
      <ItemName>קמיל בלו אל סבון שיבולת שועל 1 ליטר</ItemName>
      <ManufactureName>פישר תעשיות פרמצבטיות בעמ</ManufactureName>
      <ManufactureCountry />
      <ManufactureItemDescription />
      <UnitQty>יח`</UnitQty>
      <Quantity>1</Quantity>
      <UnitMeasure>1 ליטר</UnitMeasure>
      <BisWeighted>0</BisWeighted>
      <QtyInPackage>1</QtyInPackage>
      <ItemPrice>29.90</ItemPrice>
      <UnitOfMeasurePrice>29.90</UnitOfMeasurePrice>
      <AllowDiscount>1</AllowDiscount>
      <itemStatus>1</itemStatus>
      <LastUpdateDate />
      <LastUpdateTime />
    </Product>
    <Product>
      <PriceUpdateDate>2020/05/01 10:49</PriceUpdateDate>
      <ItemCode>7290017918020</ItemCode>
      <ItemType>1</ItemType>
      <ItemName>ענבים אדומים ארוז</ItemName>
      <ManufactureName>בראשית - אגודה שיתופית חקלאית</ManufactureName>
      <ManufactureCountry />
      <ManufactureItemDescription />
      <UnitQty>יח`</UnitQty>
      <Quantity>1</Quantity>
      <UnitMeasure />
      <BisWeighted>0</BisWeighted>
      <QtyInPackage>1</QtyInPackage>
      <ItemPrice>12.90</ItemPrice>
      <UnitOfMeasurePrice>12.90</UnitOfMeasurePrice>
      <AllowDiscount>1</AllowDiscount>
      <itemStatus>1</itemStatus>
      <LastUpdateDate />
      <LastUpdateTime />
    </Product>
    <Product>
      <PriceUpdateDate>2020/05/01 10:49</PriceUpdateDate>
      <ItemCode>7290017918037</ItemCode>
      <ItemType>1</ItemType>
      <ItemName>ענבים שחורים ארוז</ItemName>
      <ManufactureName>בראשית - אגודה שיתופית חקלאית</ManufactureName>
      <ManufactureCountry />
      <ManufactureItemDescription />
      <UnitQty>יח`</UnitQty>
      <Quantity>1</Quantity>
      <UnitMeasure />
      <BisWeighted>0</BisWeighted>
      <QtyInPackage>1</QtyInPackage>
      <ItemPrice>12.90</ItemPrice>
      <UnitOfMeasurePrice>12.90</UnitOfMeasurePrice>
      <AllowDiscount>1</AllowDiscount>
      <itemStatus>1</itemStatus>
      <LastUpdateDate />
      <LastUpdateTime />
    </Product>
    <Product>
      <PriceUpdateDate>2019/12/25 08:57</PriceUpdateDate>
      <ItemCode>7290017928036</ItemCode>
      <ItemType>1</ItemType>
      <ItemName>מקלות גריסני שומשום 200 גר` מאיר בייגל</ItemName>
      <ManufactureName>דיפלומט היינץ</ManufactureName>
      <ManufactureCountry />
      <ManufactureItemDescription />
      <UnitQty>יח`</UnitQty>
      <Quantity>2</Quantity>
      <UnitMeasure>100 גרם</UnitMeasure>
      <BisWeighted>0</BisWeighted>
      <QtyInPackage>1</QtyInPackage>
      <ItemPrice>11.90</ItemPrice>
      <UnitOfMeasurePrice>5.95</UnitOfMeasurePrice>
      <AllowDiscount>1</AllowDiscount>
      <itemStatus>1</itemStatus>
      <LastUpdateDate />
      <LastUpdateTime />
    </Product>
    <Product>
      <PriceUpdateDate>2019/12/25 08:57</PriceUpdateDate>
      <ItemCode>7290017928043</ItemCode>
      <ItemType>1</ItemType>
      <ItemName>מקלות גריסני קראנץ מלח 175 גר` מאיר בייג</ItemName>
      <ManufactureName>דיפלומט היינץ</ManufactureName>
      <ManufactureCountry />
      <ManufactureItemDescription />
      <UnitQty>יח`</UnitQty>
      <Quantity>1.75</Quantity>
      <UnitMeasure>100 גרם</UnitMeasure>
      <BisWeighted>0</BisWeighted>
      <QtyInPackage>1</QtyInPackage>
      <ItemPrice>11.90</ItemPrice>
      <UnitOfMeasurePrice>6.80</UnitOfMeasurePrice>
      <AllowDiscount>1</AllowDiscount>
      <itemStatus>1</itemStatus>
      <LastUpdateDate />
      <LastUpdateTime />
    </Product>
    <Product>
      <PriceUpdateDate>2019/12/25 08:57</PriceUpdateDate>
      <ItemCode>7290017928203</ItemCode>
      <ItemType>1</ItemType>
      <ItemName>בייגלה שמיניות מלח 330 גר` מאיר בייגל</ItemName>
      <ManufactureName>דיפלומט היינץ</ManufactureName>
      <ManufactureCountry />
      <ManufactureItemDescription />
      <UnitQty>יח`</UnitQty>
      <Quantity>3.30</Quantity>
      <UnitMeasure>100 גרם</UnitMeasure>
      <BisWeighted>0</BisWeighted>
      <QtyInPackage>1</QtyInPackage>
      <ItemPrice>11.90</ItemPrice>
      <UnitOfMeasurePrice>3.61</UnitOfMeasurePrice>
      <AllowDiscount>1</AllowDiscount>
      <itemStatus>1</itemStatus>
      <LastUpdateDate />
      <LastUpdateTime />
    </Product>
    <Product>
      <PriceUpdateDate>2019/12/25 08:57</PriceUpdateDate>
      <ItemCode>7290017928210</ItemCode>
      <ItemType>1</ItemType>
      <ItemName>בייגלה גדול שומשום 250 גר` מאיר בייגל</ItemName>
      <ManufactureName>דיפלומט היינץ</ManufactureName>
      <ManufactureCountry />
      <ManufactureItemDescription />
      <UnitQty>יח`</UnitQty>
      <Quantity>3</Quantity>
      <UnitMeasure>100 גרם</UnitMeasure>
      <BisWeighted>0</BisWeighted>
      <QtyInPackage>1</QtyInPackage>
      <ItemPrice>11.90</ItemPrice>
      <UnitOfMeasurePrice>3.97</UnitOfMeasurePrice>
      <AllowDiscount>1</AllowDiscount>
      <itemStatus>1</itemStatus>
      <LastUpdateDate />
      <LastUpdateTime />
    </Product>
    <Product>
      <PriceUpdateDate>2019/12/25 08:57</PriceUpdateDate>
      <ItemCode>7290017928227</ItemCode>
      <ItemType>1</ItemType>
      <ItemName>בייגלה שטוחלה פינוקים 300 גר` מאיר ביי</ItemName>
      <ManufactureName>דיפלומט היינץ</ManufactureName>
      <ManufactureCountry />
      <ManufactureItemDescription />
      <UnitQty>יח`</UnitQty>
      <Quantity>3</Quantity>
      <UnitMeasure>100 גרם</UnitMeasure>
      <BisWeighted>0</BisWeighted>
      <QtyInPackage>1</QtyInPackage>
      <ItemPrice>11.90</ItemPrice>
      <UnitOfMeasurePrice>3.97</UnitOfMeasurePrice>
      <AllowDiscount>1</AllowDiscount>
      <itemStatus>1</itemStatus>
      <LastUpdateDate />
      <LastUpdateTime />
    </Product>
    <Product>
      <PriceUpdateDate>2019/12/25 08:57</PriceUpdateDate>
      <ItemCode>7290017928418</ItemCode>
      <ItemType>1</ItemType>
      <ItemName>בייגלה שטוחלה מלח 300 גר` מאיר בייגל</ItemName>
      <ManufactureName>דיפלומט היינץ</ManufactureName>
      <ManufactureCountry />
      <ManufactureItemDescription />
      <UnitQty>יח`</UnitQty>
      <Quantity>3</Quantity>
      <UnitMeasure>100 גרם</UnitMeasure>
      <BisWeighted>0</BisWeighted>
      <QtyInPackage>1</QtyInPackage>
      <ItemPrice>11.90</ItemPrice>
      <UnitOfMeasurePrice>3.97</UnitOfMeasurePrice>
      <AllowDiscount>1</AllowDiscount>
      <itemStatus>1</itemStatus>
      <LastUpdateDate />
      <LastUpdateTime />
    </Product>
    <Product>
      <PriceUpdateDate>2019/12/25 08:57</PriceUpdateDate>
      <ItemCode>7290017928432</ItemCode>
      <ItemType>1</ItemType>
      <ItemName>מקלות גריסני קראנץ פרג` 175 גר` מאיר ביי</ItemName>
      <ManufactureName>דיפלומט היינץ</ManufactureName>
      <ManufactureCountry />
      <ManufactureItemDescription />
      <UnitQty>יח`</UnitQty>
      <Quantity>1.75</Quantity>
      <UnitMeasure>100 גרם</UnitMeasure>
      <BisWeighted>0</BisWeighted>
      <QtyInPackage>1</QtyInPackage>
      <ItemPrice>11.90</ItemPrice>
      <UnitOfMeasurePrice>6.80</UnitOfMeasurePrice>
      <AllowDiscount>1</AllowDiscount>
      <itemStatus>1</itemStatus>
      <LastUpdateDate />
      <LastUpdateTime />
    </Product>
    <Product>
      <PriceUpdateDate>2019/12/25 08:57</PriceUpdateDate>
      <ItemCode>7290017928449</ItemCode>
      <ItemType>1</ItemType>
      <ItemName>בייגלה שטוחלה פרו מלח 170 גר` מאיר בייגל</ItemName>
      <ManufactureName>דיפלומט היינץ</ManufactureName>
      <ManufactureCountry />
      <ManufactureItemDescription />
      <UnitQty>יח`</UnitQty>
      <Quantity>1.70</Quantity>
      <UnitMeasure>100 גרם</UnitMeasure>
      <BisWeighted>0</BisWeighted>
      <QtyInPackage>1</QtyInPackage>
      <ItemPrice>11.90</ItemPrice>
      <UnitOfMeasurePrice>7</UnitOfMeasurePrice>
      <AllowDiscount>1</AllowDiscount>
      <itemStatus>1</itemStatus>
      <LastUpdateDate />
      <LastUpdateTime />
    </Product>
    <Product>
      <PriceUpdateDate>2019/12/25 08:57</PriceUpdateDate>
      <ItemCode>7290017928609</ItemCode>
      <ItemType>1</ItemType>
      <ItemName>בייגלה טבעות שומשום 300 גר` מאיר בייגל</ItemName>
      <ManufactureName>דיפלומט היינץ</ManufactureName>
      <ManufactureCountry />
      <ManufactureItemDescription />
      <UnitQty>יח`</UnitQty>
      <Quantity>3</Quantity>
      <UnitMeasure>100 גרם</UnitMeasure>
      <BisWeighted>0</BisWeighted>
      <QtyInPackage>1</QtyInPackage>
      <ItemPrice>11.90</ItemPrice>
      <UnitOfMeasurePrice>3.97</UnitOfMeasurePrice>
      <AllowDiscount>1</AllowDiscount>
      <itemStatus>1</itemStatus>
      <LastUpdateDate />
      <LastUpdateTime />
    </Product>
    <Product>
      <PriceUpdateDate>2019/12/25 08:57</PriceUpdateDate>
      <ItemCode>7290017928616</ItemCode>
      <ItemType>1</ItemType>
      <ItemName>בייגלה שטוחלה שומשום 300 גר` מאיר בייגל</ItemName>
      <ManufactureName>דיפלומט היינץ</ManufactureName>
      <ManufactureCountry />
      <ManufactureItemDescription />
      <UnitQty>יח`</UnitQty>
      <Quantity>3</Quantity>
      <UnitMeasure>100 גרם</UnitMeasure>
      <BisWeighted>0</BisWeighted>
      <QtyInPackage>1</QtyInPackage>
      <ItemPrice>11.90</ItemPrice>
      <UnitOfMeasurePrice>3.97</UnitOfMeasurePrice>
      <AllowDiscount>1</AllowDiscount>
      <itemStatus>1</itemStatus>
      <LastUpdateDate />
      <LastUpdateTime />
    </Product>
    <Product>
      <PriceUpdateDate>2019/12/25 08:57</PriceUpdateDate>
      <ItemCode>7290017928647</ItemCode>
      <ItemType>1</ItemType>
      <ItemName>בייגלה שטוחלה פרו BBQ 170 גר` מאיר ביי</ItemName>
      <ManufactureName>דיפלומט היינץ</ManufactureName>
      <ManufactureCountry />
      <ManufactureItemDescription />
      <UnitQty>יח`</UnitQty>
      <Quantity>1.70</Quantity>
      <UnitMeasure>100 גרם</UnitMeasure>
      <BisWeighted>0</BisWeighted>
      <QtyInPackage>1</QtyInPackage>
      <ItemPrice>11.90</ItemPrice>
      <UnitOfMeasurePrice>7</UnitOfMeasurePrice>
      <AllowDiscount>1</AllowDiscount>
      <itemStatus>1</itemStatus>
      <LastUpdateDate />
      <LastUpdateTime />
    </Product>
    <Product>
      <PriceUpdateDate>2019/12/25 08:57</PriceUpdateDate>
      <ItemCode>7290017928807</ItemCode>
      <ItemType>1</ItemType>
      <ItemName>בייגלה אצבעות שומשום 300 גר` מאיר בייגל</ItemName>
      <ManufactureName>דיפלומט היינץ</ManufactureName>
      <ManufactureCountry />
      <ManufactureItemDescription />
      <UnitQty>יח`</UnitQty>
      <Quantity>3</Quantity>
      <UnitMeasure>100 גרם</UnitMeasure>
      <BisWeighted>0</BisWeighted>
      <QtyInPackage>1</QtyInPackage>
      <ItemPrice>11.90</ItemPrice>
      <UnitOfMeasurePrice>3.97</UnitOfMeasurePrice>
      <AllowDiscount>1</AllowDiscount>
      <itemStatus>1</itemStatus>
      <LastUpdateDate />
      <LastUpdateTime />
    </Product>
    <Product>
      <PriceUpdateDate>2019/12/25 08:57</PriceUpdateDate>
      <ItemCode>7290017928821</ItemCode>
      <ItemType>1</ItemType>
      <ItemName>מקלות גריסני קלאסי 200 גר` מאיר בייגל</ItemName>
      <ManufactureName>דיפלומט היינץ</ManufactureName>
      <ManufactureCountry />
      <ManufactureItemDescription />
      <UnitQty>יח`</UnitQty>
      <Quantity>2</Quantity>
      <UnitMeasure>100 גרם</UnitMeasure>
      <BisWeighted>0</BisWeighted>
      <QtyInPackage>1</QtyInPackage>
      <ItemPrice>11.90</ItemPrice>
      <UnitOfMeasurePrice>5.95</UnitOfMeasurePrice>
      <AllowDiscount>1</AllowDiscount>
      <itemStatus>1</itemStatus>
      <LastUpdateDate />
      <LastUpdateTime />
    </Product>
    <Product>
      <PriceUpdateDate>2020/01/16 09:40</PriceUpdateDate>
      <ItemCode>7290017947105</ItemCode>
      <ItemType>1</ItemType>
      <ItemName>לחם בסגנון אמריקה 500  גר`אנג`ל</ItemName>
      <ManufactureName>שלמה א. אנג`ל בעמ</ManufactureName>
      <ManufactureCountry />
      <ManufactureItemDescription />
      <UnitQty>יח`</UnitQty>
      <Quantity>5</Quantity>
      <UnitMeasure>100 גרם</UnitMeasure>
      <BisWeighted>0</BisWeighted>
      <QtyInPackage>1</QtyInPackage>
      <ItemPrice>12.90</ItemPrice>
      <UnitOfMeasurePrice>2.58</UnitOfMeasurePrice>
      <AllowDiscount>0</AllowDiscount>
      <itemStatus>1</itemStatus>
      <LastUpdateDate />
      <LastUpdateTime />
    </Product>
    <Product>
      <PriceUpdateDate>2020/01/16 09:40</PriceUpdateDate>
      <ItemCode>7290017947891</ItemCode>
      <ItemType>1</ItemType>
      <ItemName>לחם כוסמין וחיטה מלאה 750  גר`אנגל</ItemName>
      <ManufactureName>שלמה א. אנג`ל בעמ</ManufactureName>
      <ManufactureCountry />
      <ManufactureItemDescription />
      <UnitQty>יח`</UnitQty>
      <Quantity>7.50</Quantity>
      <UnitMeasure>100 גרם</UnitMeasure>
      <BisWeighted>0</BisWeighted>
      <QtyInPackage>1</QtyInPackage>
      <ItemPrice>14.90</ItemPrice>
      <UnitOfMeasurePrice>1.99</UnitOfMeasurePrice>
      <AllowDiscount>0</AllowDiscount>
      <itemStatus>1</itemStatus>
      <LastUpdateDate />
      <LastUpdateTime />
    </Product>
    <Product>
      <PriceUpdateDate>2020/04/06 17:20</PriceUpdateDate>
      <ItemCode>7290017947921</ItemCode>
      <ItemType>1</ItemType>
      <ItemName>לחמניות המבורגר שישייה</ItemName>
      <ManufactureName>שלמה א. אנג`ל בעמ</ManufactureName>
      <ManufactureCountry />
      <ManufactureItemDescription />
      <UnitQty>יח`</UnitQty>
      <Quantity>4.50</Quantity>
      <UnitMeasure>100 גרם</UnitMeasure>
      <BisWeighted>0</BisWeighted>
      <QtyInPackage>1</QtyInPackage>
      <ItemPrice>11.90</ItemPrice>
      <UnitOfMeasurePrice>2.64</UnitOfMeasurePrice>
      <AllowDiscount>0</AllowDiscount>
      <itemStatus>1</itemStatus>
      <LastUpdateDate />
      <LastUpdateTime />
    </Product>
    <Product>
      <PriceUpdateDate>2019/12/10 07:27</PriceUpdateDate>
      <ItemCode>7290017968131</ItemCode>
      <ItemType>1</ItemType>
      <ItemName>אוסובוקו הודו פרוס ארוז מוביל</ItemName>
      <ManufactureName>ג.ת. שיווק בן בקר בעמ</ManufactureName>
      <ManufactureCountry />
      <ManufactureItemDescription />
      <UnitQty>ק"ג</UnitQty>
      <Quantity>1</Quantity>
      <UnitMeasure />
      <BisWeighted>1</BisWeighted>
      <QtyInPackage>1</QtyInPackage>
      <ItemPrice>19.90</ItemPrice>
      <UnitOfMeasurePrice>19.90</UnitOfMeasurePrice>
      <AllowDiscount>0</AllowDiscount>
      <itemStatus>1</itemStatus>
      <LastUpdateDate />
      <LastUpdateTime />
    </Product>
    <Product>
      <PriceUpdateDate>2020/01/12 07:50</PriceUpdateDate>
      <ItemCode>7290018023006</ItemCode>
      <ItemType>1</ItemType>
      <ItemName>זיתים קלמנטה 215גר` -סבא חביב</ItemName>
      <ManufactureName>אבאל יזמות בעמ</ManufactureName>
      <ManufactureCountry />
      <ManufactureItemDescription />
      <UnitQty>יח`</UnitQty>
      <Quantity>2.15</Quantity>
      <UnitMeasure>100 גרם</UnitMeasure>
      <BisWeighted>0</BisWeighted>
      <QtyInPackage>1</QtyInPackage>
      <ItemPrice>12.90</ItemPrice>
      <UnitOfMeasurePrice>6</UnitOfMeasurePrice>
      <AllowDiscount>1</AllowDiscount>
      <itemStatus>1</itemStatus>
      <LastUpdateDate />
      <LastUpdateTime />
    </Product>
    <Product>
      <PriceUpdateDate>2020/01/12 07:50</PriceUpdateDate>
      <ItemCode>7290018023037</ItemCode>
      <ItemType>1</ItemType>
      <ItemName>זיתים צ`מיצישום 215גר` -סבא חביב</ItemName>
      <ManufactureName>אבאל יזמות בעמ</ManufactureName>
      <ManufactureCountry />
      <ManufactureItemDescription />
      <UnitQty>יח`</UnitQty>
      <Quantity>2.15</Quantity>
      <UnitMeasure>100 גרם</UnitMeasure>
      <BisWeighted>0</BisWeighted>
      <QtyInPackage>1</QtyInPackage>
      <ItemPrice>9.90</ItemPrice>
      <UnitOfMeasurePrice>4.60</UnitOfMeasurePrice>
      <AllowDiscount>0</AllowDiscount>
      <itemStatus>1</itemStatus>
      <LastUpdateDate />
      <LastUpdateTime />
    </Product>
    <Product>
      <PriceUpdateDate>2020/01/12 07:50</PriceUpdateDate>
      <ItemCode>7290018023051</ItemCode>
      <ItemType>1</ItemType>
      <ItemName>זיתים על האש 215גר` -סבא חביב</ItemName>
      <ManufactureName>אבאל יזמות בעמ</ManufactureName>
      <ManufactureCountry />
      <ManufactureItemDescription />
      <UnitQty>יח`</UnitQty>
      <Quantity>2.15</Quantity>
      <UnitMeasure>100 גרם</UnitMeasure>
      <BisWeighted>0</BisWeighted>
      <QtyInPackage>1</QtyInPackage>
      <ItemPrice>12.90</ItemPrice>
      <UnitOfMeasurePrice>6</UnitOfMeasurePrice>
      <AllowDiscount>1</AllowDiscount>
      <itemStatus>1</itemStatus>
      <LastUpdateDate />
      <LastUpdateTime />
    </Product>
    <Product>
      <PriceUpdateDate>2019/11/21 08:20</PriceUpdateDate>
      <ItemCode>7290018091609</ItemCode>
      <ItemType>1</ItemType>
      <ItemName>שבלולי שמרים במילוי ממרח שוקולד 350 גר`</ItemName>
      <ManufactureName>תנובה קפואים</ManufactureName>
      <ManufactureCountry />
      <ManufactureItemDescription />
      <UnitQty>יח`</UnitQty>
      <Quantity>3.50</Quantity>
      <UnitMeasure>100 גרם</UnitMeasure>
      <BisWeighted>0</BisWeighted>
      <QtyInPackage>1</QtyInPackage>
      <ItemPrice>17.90</ItemPrice>
      <UnitOfMeasurePrice>5.11</UnitOfMeasurePrice>
      <AllowDiscount>1</AllowDiscount>
      <itemStatus>1</itemStatus>
      <LastUpdateDate />
      <LastUpdateTime />
    </Product>
    <Product>
      <PriceUpdateDate>2020/02/12 08:13</PriceUpdateDate>
      <ItemCode>7290018131312</ItemCode>
      <ItemType>1</ItemType>
      <ItemName>לה קרמריה 1.4 ושוקו וניל</ItemName>
      <ManufactureName>נגה גלידות שותפות מוגבלת</ManufactureName>
      <ManufactureCountry />
      <ManufactureItemDescription />
      <UnitQty>יח`</UnitQty>
      <Quantity>14</Quantity>
      <UnitMeasure>100 מ"ל</UnitMeasure>
      <BisWeighted>0</BisWeighted>
      <QtyInPackage>1</QtyInPackage>
      <ItemPrice>22.90</ItemPrice>
      <UnitOfMeasurePrice>1.64</UnitOfMeasurePrice>
      <AllowDiscount>0</AllowDiscount>
      <itemStatus>1</itemStatus>
      <LastUpdateDate />
      <LastUpdateTime />
    </Product>
    <Product>
      <PriceUpdateDate>2020/02/12 08:13</PriceUpdateDate>
      <ItemCode>7290018131343</ItemCode>
      <ItemType>1</ItemType>
      <ItemName>לה קרמריה 1.4 וניל שוקו</ItemName>
      <ManufactureName>נגה גלידות שותפות מוגבלת</ManufactureName>
      <ManufactureCountry />
      <ManufactureItemDescription />
      <UnitQty>יח`</UnitQty>
      <Quantity>14</Quantity>
      <UnitMeasure>100 מ"ל</UnitMeasure>
      <BisWeighted>0</BisWeighted>
      <QtyInPackage>1</QtyInPackage>
      <ItemPrice>22.90</ItemPrice>
      <UnitOfMeasurePrice>1.64</UnitOfMeasurePrice>
      <AllowDiscount>0</AllowDiscount>
      <itemStatus>1</itemStatus>
      <LastUpdateDate />
      <LastUpdateTime />
    </Product>
    <Product>
      <PriceUpdateDate>2020/01/23 15:18</PriceUpdateDate>
      <ItemCode>7290018165010</ItemCode>
      <ItemType>1</ItemType>
      <ItemName>רזרב גולד אדישיין 750 מל גוורצטאמינר</ItemName>
      <ManufactureName>טמפו משקאות בעמ</ManufactureName>
      <ManufactureCountry />
      <ManufactureItemDescription />
      <UnitQty>יח`</UnitQty>
      <Quantity>7.50</Quantity>
      <UnitMeasure>100 מ"ל</UnitMeasure>
      <BisWeighted>0</BisWeighted>
      <QtyInPackage>1</QtyInPackage>
      <ItemPrice>49.90</ItemPrice>
      <UnitOfMeasurePrice>6.61</UnitOfMeasurePrice>
      <AllowDiscount>1</AllowDiscount>
      <itemStatus>1</itemStatus>
      <LastUpdateDate />
      <LastUpdateTime />
    </Product>
    <Product>
      <PriceUpdateDate>2018/04/24 12:45</PriceUpdateDate>
      <ItemCode>7290019297239</ItemCode>
      <ItemType>1</ItemType>
      <ItemName>צימוק כהה 330 גר</ItemName>
      <ManufactureName>דין שיווק וקליה בעמ</ManufactureName>
      <ManufactureCountry />
      <ManufactureItemDescription />
      <UnitQty>יח`</UnitQty>
      <Quantity>3.30</Quantity>
      <UnitMeasure>100 גרם</UnitMeasure>
      <BisWeighted>0</BisWeighted>
      <QtyInPackage>1</QtyInPackage>
      <ItemPrice>12.90</ItemPrice>
      <UnitOfMeasurePrice>3.91</UnitOfMeasurePrice>
      <AllowDiscount>0</AllowDiscount>
      <itemStatus>1</itemStatus>
      <LastUpdateDate />
      <LastUpdateTime />
    </Product>
    <Product>
      <PriceUpdateDate>2019/12/22 17:03</PriceUpdateDate>
      <ItemCode>7290019297246</ItemCode>
      <ItemType>1</ItemType>
      <ItemName>שזיפים מיובשים ששון הקולה (330 גרם)</ItemName>
      <ManufactureName>דין שיווק וקליה בעמ</ManufactureName>
      <ManufactureCountry />
      <ManufactureItemDescription />
      <UnitQty>יח`</UnitQty>
      <Quantity>3.30</Quantity>
      <UnitMeasure>100 גרם</UnitMeasure>
      <BisWeighted>0</BisWeighted>
      <QtyInPackage>1</QtyInPackage>
      <ItemPrice>13.90</ItemPrice>
      <UnitOfMeasurePrice>4.21</UnitOfMeasurePrice>
      <AllowDiscount>0</AllowDiscount>
      <itemStatus>1</itemStatus>
      <LastUpdateDate />
      <LastUpdateTime />
    </Product>
    <Product>
      <PriceUpdateDate>2018/04/24 12:19</PriceUpdateDate>
      <ItemCode>7290019297536</ItemCode>
      <ItemType>1</ItemType>
      <ItemName>חמאת בוטנים 510 גר` עם שברי בוטנים דין ש</ItemName>
      <ManufactureName>דין שיווק וקליה בעמ</ManufactureName>
      <ManufactureCountry />
      <ManufactureItemDescription />
      <UnitQty>יח`</UnitQty>
      <Quantity>5.10</Quantity>
      <UnitMeasure>100 גרם</UnitMeasure>
      <BisWeighted>0</BisWeighted>
      <QtyInPackage>1</QtyInPackage>
      <ItemPrice>12.90</ItemPrice>
      <UnitOfMeasurePrice>2.53</UnitOfMeasurePrice>
      <AllowDiscount>1</AllowDiscount>
      <itemStatus>1</itemStatus>
      <LastUpdateDate />
      <LastUpdateTime />
    </Product>
    <Product>
      <PriceUpdateDate>2018/04/24 12:19</PriceUpdateDate>
      <ItemCode>7290019297543</ItemCode>
      <ItemType>1</ItemType>
      <ItemName>חמאת בוטנים 510 גר` דין שיווק</ItemName>
      <ManufactureName>דין שיווק וקליה בעמ</ManufactureName>
      <ManufactureCountry />
      <ManufactureItemDescription />
      <UnitQty>יח`</UnitQty>
      <Quantity>5.10</Quantity>
      <UnitMeasure>100 גרם</UnitMeasure>
      <BisWeighted>0</BisWeighted>
      <QtyInPackage>1</QtyInPackage>
      <ItemPrice>12.90</ItemPrice>
      <UnitOfMeasurePrice>2.53</UnitOfMeasurePrice>
      <AllowDiscount>1</AllowDiscount>
      <itemStatus>1</itemStatus>
      <LastUpdateDate />
      <LastUpdateTime />
    </Product>
    <Product>
      <PriceUpdateDate>2018/04/24 12:05</PriceUpdateDate>
      <ItemCode>7290019297550</ItemCode>
      <ItemType>1</ItemType>
      <ItemName>בוטנים מטוגנים בקופסא 185 גר`</ItemName>
      <ManufactureName>דין שיווק וקליה בעמ</ManufactureName>
      <ManufactureCountry />
      <ManufactureItemDescription />
      <UnitQty>יח`</UnitQty>
      <Quantity>1.85</Quantity>
      <UnitMeasure>100 גרם</UnitMeasure>
      <BisWeighted>0</BisWeighted>
      <QtyInPackage>1</QtyInPackage>
      <ItemPrice>9.90</ItemPrice>
      <UnitOfMeasurePrice>5.35</UnitOfMeasurePrice>
      <AllowDiscount>0</AllowDiscount>
      <itemStatus>1</itemStatus>
      <LastUpdateDate />
      <LastUpdateTime />
    </Product>
    <Product>
      <PriceUpdateDate>2018/04/24 12:06</PriceUpdateDate>
      <ItemCode>7290019297574</ItemCode>
      <ItemType>1</ItemType>
      <ItemName>סוכריות גומי מצופות סוכר אפרסק</ItemName>
      <ManufactureName>דין שיווק וקליה בעמ</ManufactureName>
      <ManufactureCountry />
      <ManufactureItemDescription />
      <UnitQty>יח`</UnitQty>
      <Quantity>3</Quantity>
      <UnitMeasure>100 גרם</UnitMeasure>
      <BisWeighted>0</BisWeighted>
      <QtyInPackage>1</QtyInPackage>
      <ItemPrice>9.90</ItemPrice>
      <UnitOfMeasurePrice>3.30</UnitOfMeasurePrice>
      <AllowDiscount>0</AllowDiscount>
      <itemStatus>1</itemStatus>
      <LastUpdateDate />
      <LastUpdateTime />
    </Product>
    <Product>
      <PriceUpdateDate>2018/04/24 12:06</PriceUpdateDate>
      <ItemCode>7290019297581</ItemCode>
      <ItemType>1</ItemType>
      <ItemName>סוכריות גומי מצופות סוכר טעם בננה</ItemName>
      <ManufactureName>דין שיווק וקליה בעמ</ManufactureName>
      <ManufactureCountry />
      <ManufactureItemDescription />
      <UnitQty>יח`</UnitQty>
      <Quantity>3</Quantity>
      <UnitMeasure>100 גרם</UnitMeasure>
      <BisWeighted>0</BisWeighted>
      <QtyInPackage>1</QtyInPackage>
      <ItemPrice>9.90</ItemPrice>
      <UnitOfMeasurePrice>3.30</UnitOfMeasurePrice>
      <AllowDiscount>0</AllowDiscount>
      <itemStatus>1</itemStatus>
      <LastUpdateDate />
      <LastUpdateTime />
    </Product>
    <Product>
      <PriceUpdateDate>2018/04/24 12:06</PriceUpdateDate>
      <ItemCode>7290019297598</ItemCode>
      <ItemType>1</ItemType>
      <ItemName>סוכריות גומי דובונים 300 גר</ItemName>
      <ManufactureName>דין שיווק וקליה בעמ</ManufactureName>
      <ManufactureCountry />
      <ManufactureItemDescription />
      <UnitQty>יח`</UnitQty>
      <Quantity>3</Quantity>
      <UnitMeasure>100 גרם</UnitMeasure>
      <BisWeighted>0</BisWeighted>
      <QtyInPackage>1</QtyInPackage>
      <ItemPrice>9.90</ItemPrice>
      <UnitOfMeasurePrice>3.30</UnitOfMeasurePrice>
      <AllowDiscount>0</AllowDiscount>
      <itemStatus>1</itemStatus>
      <LastUpdateDate />
      <LastUpdateTime />
    </Product>
    <Product>
      <PriceUpdateDate>2018/04/24 12:06</PriceUpdateDate>
      <ItemCode>7290019297604</ItemCode>
      <ItemType>1</ItemType>
      <ItemName>סוכריות גומי נחשים 300 גר</ItemName>
      <ManufactureName>דין שיווק וקליה בעמ</ManufactureName>
      <ManufactureCountry />
      <ManufactureItemDescription />
      <UnitQty>יח`</UnitQty>
      <Quantity>3</Quantity>
      <UnitMeasure>100 גרם</UnitMeasure>
      <BisWeighted>0</BisWeighted>
      <QtyInPackage>1</QtyInPackage>
      <ItemPrice>9.90</ItemPrice>
      <UnitOfMeasurePrice>3.30</UnitOfMeasurePrice>
      <AllowDiscount>0</AllowDiscount>
      <itemStatus>1</itemStatus>
      <LastUpdateDate />
      <LastUpdateTime />
    </Product>
    <Product>
      <PriceUpdateDate>2018/04/24 12:06</PriceUpdateDate>
      <ItemCode>7290019297611</ItemCode>
      <ItemType>1</ItemType>
      <ItemName>סוכריות גומי טעם תות שדה</ItemName>
      <ManufactureName>דין שיווק וקליה בעמ</ManufactureName>
      <ManufactureCountry />
      <ManufactureItemDescription />
      <UnitQty>יח`</UnitQty>
      <Quantity>3</Quantity>
      <UnitMeasure>100 גרם</UnitMeasure>
      <BisWeighted>0</BisWeighted>
      <QtyInPackage>1</QtyInPackage>
      <ItemPrice>9.90</ItemPrice>
      <UnitOfMeasurePrice>3.30</UnitOfMeasurePrice>
      <AllowDiscount>0</AllowDiscount>
      <itemStatus>1</itemStatus>
      <LastUpdateDate />
      <LastUpdateTime />
    </Product>
    <Product>
      <PriceUpdateDate>2019/12/22 17:03</PriceUpdateDate>
      <ItemCode>7290019297628</ItemCode>
      <ItemType>1</ItemType>
      <ItemName>שקד טבעי 150 גרם ששון הקולה</ItemName>
      <ManufactureName>דין שיווק וקליה בעמ</ManufactureName>
      <ManufactureCountry />
      <ManufactureItemDescription />
      <UnitQty>יח`</UnitQty>
      <Quantity>1.50</Quantity>
      <UnitMeasure>100 גרם</UnitMeasure>
      <BisWeighted>0</BisWeighted>
      <QtyInPackage>1</QtyInPackage>
      <ItemPrice>11.90</ItemPrice>
      <UnitOfMeasurePrice>7.93</UnitOfMeasurePrice>
      <AllowDiscount>0</AllowDiscount>
      <itemStatus>1</itemStatus>
      <LastUpdateDate />
      <LastUpdateTime />
    </Product>
    <Product>
      <PriceUpdateDate>2019/08/19 09:29</PriceUpdateDate>
      <ItemCode>7290019297635</ItemCode>
      <ItemType>1</ItemType>
      <ItemName>שקדים קלויים 150 גר ששון הקולה</ItemName>
      <ManufactureName>דין שיווק וקליה בעמ</ManufactureName>
      <ManufactureCountry />
      <ManufactureItemDescription />
      <UnitQty>יח`</UnitQty>
      <Quantity>1.50</Quantity>
      <UnitMeasure>100 גרם</UnitMeasure>
      <BisWeighted>0</BisWeighted>
      <QtyInPackage>1</QtyInPackage>
      <ItemPrice>16.90</ItemPrice>
      <UnitOfMeasurePrice>11.27</UnitOfMeasurePrice>
      <AllowDiscount>0</AllowDiscount>
      <itemStatus>1</itemStatus>
      <LastUpdateDate />
      <LastUpdateTime />
    </Product>
    <Product>
      <PriceUpdateDate>2018/08/08 10:38</PriceUpdateDate>
      <ItemCode>7290019297642</ItemCode>
      <ItemType>1</ItemType>
      <ItemName>גרעין שחור קלוי ללא מלח 150  גר`ששון הקו</ItemName>
      <ManufactureName>דין שיווק וקליה בעמ</ManufactureName>
      <ManufactureCountry />
      <ManufactureItemDescription />
      <UnitQty>יח`</UnitQty>
      <Quantity>1.50</Quantity>
      <UnitMeasure>100 גרם</UnitMeasure>
      <BisWeighted>0</BisWeighted>
      <QtyInPackage>1</QtyInPackage>
      <ItemPrice>3.90</ItemPrice>
      <UnitOfMeasurePrice>2.60</UnitOfMeasurePrice>
      <AllowDiscount>0</AllowDiscount>
      <itemStatus>1</itemStatus>
      <LastUpdateDate />
      <LastUpdateTime />
    </Product>
    <Product>
      <PriceUpdateDate>2018/04/24 11:36</PriceUpdateDate>
      <ItemCode>7290055090702</ItemCode>
      <ItemType>1</ItemType>
      <ItemName>איגלו שלוקים 60 יח`</ItemName>
      <ManufactureName>כרמית תעשיות ממתקים בעמ</ManufactureName>
      <ManufactureCountry />
      <ManufactureItemDescription />
      <UnitQty>יח`</UnitQty>
      <Quantity>1</Quantity>
      <UnitMeasure />
      <BisWeighted>0</BisWeighted>
      <QtyInPackage>1</QtyInPackage>
      <ItemPrice>11.90</ItemPrice>
      <UnitOfMeasurePrice>11.90</UnitOfMeasurePrice>
      <AllowDiscount>1</AllowDiscount>
      <itemStatus>1</itemStatus>
      <LastUpdateDate />
      <LastUpdateTime />
    </Product>
    <Product>
      <PriceUpdateDate>2018/04/24 09:24</PriceUpdateDate>
      <ItemCode>7290100240137</ItemCode>
      <ItemType>1</ItemType>
      <ItemName>בדין תרסיס למייבש כביסה</ItemName>
      <ManufactureName>יוניליוור ישראל שיווק בעמ</ManufactureName>
      <ManufactureCountry />
      <ManufactureItemDescription />
      <UnitQty>יח`</UnitQty>
      <Quantity>5</Quantity>
      <UnitMeasure>100 מ"ל</UnitMeasure>
      <BisWeighted>0</BisWeighted>
      <QtyInPackage>1</QtyInPackage>
      <ItemPrice>19.90</ItemPrice>
      <UnitOfMeasurePrice>3.98</UnitOfMeasurePrice>
      <AllowDiscount>1</AllowDiscount>
      <itemStatus>1</itemStatus>
      <LastUpdateDate />
      <LastUpdateTime />
    </Product>
    <Product>
      <PriceUpdateDate>2018/07/08 11:12</PriceUpdateDate>
      <ItemCode>7290100240632</ItemCode>
      <ItemType>1</ItemType>
      <ItemName>פתית 6 דגנים תלמה (250 גרם)</ItemName>
      <ManufactureName>יוניליוור ישראל שיווק בעמ</ManufactureName>
      <ManufactureCountry />
      <ManufactureItemDescription />
      <UnitQty>יח`</UnitQty>
      <Quantity>2.50</Quantity>
      <UnitMeasure>100 גרם</UnitMeasure>
      <BisWeighted>0</BisWeighted>
      <QtyInPackage>1</QtyInPackage>
      <ItemPrice>17.90</ItemPrice>
      <UnitOfMeasurePrice>7.16</UnitOfMeasurePrice>
      <AllowDiscount>1</AllowDiscount>
      <itemStatus>1</itemStatus>
      <LastUpdateDate />
      <LastUpdateTime />
    </Product>
    <Product>
      <PriceUpdateDate>2018/07/08 11:12</PriceUpdateDate>
      <ItemCode>7290100240656</ItemCode>
      <ItemType>1</ItemType>
      <ItemName>פתית שיפון תלמה (300 גרם)</ItemName>
      <ManufactureName>יוניליוור ישראל שיווק בעמ</ManufactureName>
      <ManufactureCountry />
      <ManufactureItemDescription />
      <UnitQty>יח`</UnitQty>
      <Quantity>3</Quantity>
      <UnitMeasure>100 גרם</UnitMeasure>
      <BisWeighted>0</BisWeighted>
      <QtyInPackage>1</QtyInPackage>
      <ItemPrice>17.90</ItemPrice>
      <UnitOfMeasurePrice>5.97</UnitOfMeasurePrice>
      <AllowDiscount>1</AllowDiscount>
      <itemStatus>1</itemStatus>
      <LastUpdateDate />
      <LastUpdateTime />
    </Product>
    <Product>
      <PriceUpdateDate>2018/04/24 09:26</PriceUpdateDate>
      <ItemCode>7290100243084</ItemCode>
      <ItemType>1</ItemType>
      <ItemName>מיונז אמיתי הלמנס (789 גרם)</ItemName>
      <ManufactureName>יוניליוור ישראל שיווק בעמ</ManufactureName>
      <ManufactureCountry />
      <ManufactureItemDescription />
      <UnitQty>יח`</UnitQty>
      <Quantity>7.89</Quantity>
      <UnitMeasure>100 גרם</UnitMeasure>
      <BisWeighted>0</BisWeighted>
      <QtyInPackage>1</QtyInPackage>
      <ItemPrice>19.90</ItemPrice>
      <UnitOfMeasurePrice>2.52</UnitOfMeasurePrice>
      <AllowDiscount>0</AllowDiscount>
      <itemStatus>1</itemStatus>
      <LastUpdateDate />
      <LastUpdateTime />
    </Product>
    <Product>
      <PriceUpdateDate>2018/08/05 11:28</PriceUpdateDate>
      <ItemCode>7290100243671</ItemCode>
      <ItemType>1</ItemType>
      <ItemName>בדין אקסטרא כחול 960 מל</ItemName>
      <ManufactureName>יוניליוור ישראל שיווק בעמ</ManufactureName>
      <ManufactureCountry />
      <ManufactureItemDescription />
      <UnitQty>יח`</UnitQty>
      <Quantity>9.60</Quantity>
      <UnitMeasure>100 מ"ל</UnitMeasure>
      <BisWeighted>0</BisWeighted>
      <QtyInPackage>1</QtyInPackage>
      <ItemPrice>16.90</ItemPrice>
      <UnitOfMeasurePrice>1.76</UnitOfMeasurePrice>
      <AllowDiscount>1</AllowDiscount>
      <itemStatus>1</itemStatus>
      <LastUpdateDate />
      <LastUpdateTime />
    </Product>
    <Product>
      <PriceUpdateDate>2018/04/24 09:27</PriceUpdateDate>
      <ItemCode>7290100243688</ItemCode>
      <ItemType>1</ItemType>
      <ItemName>בדין אקסטרא ורוד 960 מל</ItemName>
      <ManufactureName>יוניליוור ישראל שיווק בעמ</ManufactureName>
      <ManufactureCountry />
      <ManufactureItemDescription />
      <UnitQty>יח`</UnitQty>
      <Quantity>9.60</Quantity>
      <UnitMeasure>100 מ"ל</UnitMeasure>
      <BisWeighted>0</BisWeighted>
      <QtyInPackage>1</QtyInPackage>
      <ItemPrice>16.90</ItemPrice>
      <UnitOfMeasurePrice>1.76</UnitOfMeasurePrice>
      <AllowDiscount>1</AllowDiscount>
      <itemStatus>1</itemStatus>
      <LastUpdateDate />
      <LastUpdateTime />
    </Product>
    <Product>
      <PriceUpdateDate>2018/04/24 09:19</PriceUpdateDate>
      <ItemCode>7290100245231</ItemCode>
      <ItemType>1</ItemType>
      <ItemName>נמס בכוס ועוד טעם עוף שקדי מרק</ItemName>
      <ManufactureName>יוניליוור ישראל שיווק בעמ</ManufactureName>
      <ManufactureCountry />
      <ManufactureItemDescription />
      <UnitQty>יח`</UnitQty>
      <Quantity>0.50</Quantity>
      <UnitMeasure>100 גרם</UnitMeasure>
      <BisWeighted>0</BisWeighted>
      <QtyInPackage>1</QtyInPackage>
      <ItemPrice>6.90</ItemPrice>
      <UnitOfMeasurePrice>13.80</UnitOfMeasurePrice>
      <AllowDiscount>0</AllowDiscount>
      <itemStatus>1</itemStatus>
      <LastUpdateDate />
      <LastUpdateTime />
    </Product>
    <Product>
      <PriceUpdateDate>2018/07/08 11:12</PriceUpdateDate>
      <ItemCode>7290100247051</ItemCode>
      <ItemType>1</ItemType>
      <ItemName>תחליב רחצה בניחוח קלאסי פינוק (700 מל)</ItemName>
      <ManufactureName>יוניליוור ישראל שיווק בעמ</ManufactureName>
      <ManufactureCountry />
      <ManufactureItemDescription />
      <UnitQty>יח`</UnitQty>
      <Quantity>7</Quantity>
      <UnitMeasure>100 מ"ל</UnitMeasure>
      <BisWeighted>0</BisWeighted>
      <QtyInPackage>1</QtyInPackage>
      <ItemPrice>12.90</ItemPrice>
      <UnitOfMeasurePrice>1.84</UnitOfMeasurePrice>
      <AllowDiscount>1</AllowDiscount>
      <itemStatus>1</itemStatus>
      <LastUpdateDate />
      <LastUpdateTime />
    </Product>
    <Product>
      <PriceUpdateDate>2018/07/08 11:12</PriceUpdateDate>
      <ItemCode>7290100247068</ItemCode>
      <ItemType>1</ItemType>
      <ItemName>תחליב רחצה לבנדר ווניל פינוק (700 מל)</ItemName>
      <ManufactureName>יוניליוור ישראל שיווק בעמ</ManufactureName>
      <ManufactureCountry />
      <ManufactureItemDescription />
      <UnitQty>יח`</UnitQty>
      <Quantity>7</Quantity>
      <UnitMeasure>100 מ"ל</UnitMeasure>
      <BisWeighted>0</BisWeighted>
      <QtyInPackage>1</QtyInPackage>
      <ItemPrice>12.90</ItemPrice>
      <UnitOfMeasurePrice>1.84</UnitOfMeasurePrice>
      <AllowDiscount>1</AllowDiscount>
      <itemStatus>1</itemStatus>
      <LastUpdateDate />
      <LastUpdateTime />
    </Product>
    <Product>
      <PriceUpdateDate>2018/04/24 11:31</PriceUpdateDate>
      <ItemCode>7290100247815</ItemCode>
      <ItemType>1</ItemType>
      <ItemName>נמס בכוס אקסטרה עגבניות</ItemName>
      <ManufactureName>יוניליוור ישראל שיווק בעמ</ManufactureName>
      <ManufactureCountry />
      <ManufactureItemDescription />
      <UnitQty>יח`</UnitQty>
      <Quantity>0.58</Quantity>
      <UnitMeasure>100 גרם</UnitMeasure>
      <BisWeighted>0</BisWeighted>
      <QtyInPackage>1</QtyInPackage>
      <ItemPrice>4.90</ItemPrice>
      <UnitOfMeasurePrice>8.45</UnitOfMeasurePrice>
      <AllowDiscount>0</AllowDiscount>
      <itemStatus>1</itemStatus>
      <LastUpdateDate />
      <LastUpdateTime />
    </Product>
    <Product>
      <PriceUpdateDate>2018/04/24 09:24</PriceUpdateDate>
      <ItemCode>7290100247822</ItemCode>
      <ItemType>1</ItemType>
      <ItemName>נמס בכוס אקסטרה פיטריות</ItemName>
      <ManufactureName>יוניליוור ישראל שיווק בעמ</ManufactureName>
      <ManufactureCountry />
      <ManufactureItemDescription />
      <UnitQty>יח`</UnitQty>
      <Quantity>0.58</Quantity>
      <UnitMeasure>100 גרם</UnitMeasure>
      <BisWeighted>0</BisWeighted>
      <QtyInPackage>1</QtyInPackage>
      <ItemPrice>4.90</ItemPrice>
      <UnitOfMeasurePrice>8.45</UnitOfMeasurePrice>
      <AllowDiscount>0</AllowDiscount>
      <itemStatus>1</itemStatus>
      <LastUpdateDate />
      <LastUpdateTime />
    </Product>
    <Product>
      <PriceUpdateDate>2018/04/24 09:27</PriceUpdateDate>
      <ItemCode>7290100249598</ItemCode>
      <ItemType>1</ItemType>
      <ItemName>רוטב לעוף בטעם שום ודבש קנור (320 גרם)</ItemName>
      <ManufactureName>יוניליוור ישראל שיווק בעמ</ManufactureName>
      <ManufactureCountry />
      <ManufactureItemDescription />
      <UnitQty>יח`</UnitQty>
      <Quantity>3.10</Quantity>
      <UnitMeasure>100 גרם</UnitMeasure>
      <BisWeighted>0</BisWeighted>
      <QtyInPackage>1</QtyInPackage>
      <ItemPrice>13.90</ItemPrice>
      <UnitOfMeasurePrice>4.48</UnitOfMeasurePrice>
      <AllowDiscount>1</AllowDiscount>
      <itemStatus>1</itemStatus>
      <LastUpdateDate />
      <LastUpdateTime />
    </Product>
    <Product>
      <PriceUpdateDate>2018/04/24 12:37</PriceUpdateDate>
      <ItemCode>7290100412343</ItemCode>
      <ItemType>1</ItemType>
      <ItemName>מגבונים לניקוי כללי ריח לימון 50 יח` קוו</ItemName>
      <ManufactureName>שקד תבל בעמ</ManufactureName>
      <ManufactureCountry />
      <ManufactureItemDescription />
      <UnitQty>יח`</UnitQty>
      <Quantity>1</Quantity>
      <UnitMeasure />
      <BisWeighted>0</BisWeighted>
      <QtyInPackage>1</QtyInPackage>
      <ItemPrice>8.90</ItemPrice>
      <UnitOfMeasurePrice>8.90</UnitOfMeasurePrice>
      <AllowDiscount>0</AllowDiscount>
      <itemStatus>1</itemStatus>
      <LastUpdateDate />
      <LastUpdateTime />
    </Product>
    <Product>
      <PriceUpdateDate>2019/06/17 17:02</PriceUpdateDate>
      <ItemCode>7290100412435</ItemCode>
      <ItemType>1</ItemType>
      <ItemName>מגבונים לניקוי כללי ריח פרחי בר 50 יח` ק</ItemName>
      <ManufactureName>שקד תבל בעמ</ManufactureName>
      <ManufactureCountry />
      <ManufactureItemDescription />
      <UnitQty>יח`</UnitQty>
      <Quantity>1</Quantity>
      <UnitMeasure />
      <BisWeighted>0</BisWeighted>
      <QtyInPackage>1</QtyInPackage>
      <ItemPrice>7.90</ItemPrice>
      <UnitOfMeasurePrice>7.90</UnitOfMeasurePrice>
      <AllowDiscount>0</AllowDiscount>
      <itemStatus>1</itemStatus>
      <LastUpdateDate />
      <LastUpdateTime />
    </Product>
    <Product>
      <PriceUpdateDate>2019/06/17 17:02</PriceUpdateDate>
      <ItemCode>7290100412442</ItemCode>
      <ItemType>1</ItemType>
      <ItemName>מגבונים לניקוי שירותים ואמבטיה 50 יח` קו</ItemName>
      <ManufactureName>שקד תבל בעמ</ManufactureName>
      <ManufactureCountry />
      <ManufactureItemDescription />
      <UnitQty>יח`</UnitQty>
      <Quantity>1</Quantity>
      <UnitMeasure />
      <BisWeighted>0</BisWeighted>
      <QtyInPackage>1</QtyInPackage>
      <ItemPrice>7.90</ItemPrice>
      <UnitOfMeasurePrice>7.90</UnitOfMeasurePrice>
      <AllowDiscount>0</AllowDiscount>
      <itemStatus>1</itemStatus>
      <LastUpdateDate />
      <LastUpdateTime />
    </Product>
    <Product>
      <PriceUpdateDate>2018/04/24 12:37</PriceUpdateDate>
      <ItemCode>7290100412459</ItemCode>
      <ItemType>1</ItemType>
      <ItemName>מגבונים לניקוי שירותים ואמבטיה לוונדר 50</ItemName>
      <ManufactureName>שקד תבל בעמ</ManufactureName>
      <ManufactureCountry />
      <ManufactureItemDescription />
      <UnitQty>יח`</UnitQty>
      <Quantity>1</Quantity>
      <UnitMeasure />
      <BisWeighted>0</BisWeighted>
      <QtyInPackage>1</QtyInPackage>
      <ItemPrice>8.90</ItemPrice>
      <UnitOfMeasurePrice>8.90</UnitOfMeasurePrice>
      <AllowDiscount>0</AllowDiscount>
      <itemStatus>1</itemStatus>
      <LastUpdateDate />
      <LastUpdateTime />
    </Product>
    <Product>
      <PriceUpdateDate>2020/03/19 10:44</PriceUpdateDate>
      <ItemCode>7290100412466</ItemCode>
      <ItemType>1</ItemType>
      <ItemName>קוויק מגבונים לניקוי וחיטוי רצפות ניחוח</ItemName>
      <ManufactureName>שקד תבל בעמ</ManufactureName>
      <ManufactureCountry />
      <ManufactureItemDescription />
      <UnitQty>יח`</UnitQty>
      <Quantity>1</Quantity>
      <UnitMeasure />
      <BisWeighted>0</BisWeighted>
      <QtyInPackage>1</QtyInPackage>
      <ItemPrice>10.90</ItemPrice>
      <UnitOfMeasurePrice>10.90</UnitOfMeasurePrice>
      <AllowDiscount>0</AllowDiscount>
      <itemStatus>1</itemStatus>
      <LastUpdateDate />
      <LastUpdateTime />
    </Product>
    <Product>
      <PriceUpdateDate>2018/04/24 13:11</PriceUpdateDate>
      <ItemCode>7290100412770</ItemCode>
      <ItemType>1</ItemType>
      <ItemName>דר עור תחליב רחצה קלאסי 700 מל-מאסק</ItemName>
      <ManufactureName>שקד תבל בעמ</ManufactureName>
      <ManufactureCountry />
      <ManufactureItemDescription />
      <UnitQty>יח`</UnitQty>
      <Quantity>7</Quantity>
      <UnitMeasure>100 מ"ל</UnitMeasure>
      <BisWeighted>0</BisWeighted>
      <QtyInPackage>1</QtyInPackage>
      <ItemPrice>19.90</ItemPrice>
      <UnitOfMeasurePrice>2.84</UnitOfMeasurePrice>
      <AllowDiscount>1</AllowDiscount>
      <itemStatus>1</itemStatus>
      <LastUpdateDate />
      <LastUpdateTime />
    </Product>
    <Product>
      <PriceUpdateDate>2018/04/24 13:11</PriceUpdateDate>
      <ItemCode>7290100412831</ItemCode>
      <ItemType>1</ItemType>
      <ItemName>דר עור תחליב רחצה אנטי אייג`ינג 700 מל</ItemName>
      <ManufactureName>שקד תבל בעמ</ManufactureName>
      <ManufactureCountry />
      <ManufactureItemDescription />
      <UnitQty>יח`</UnitQty>
      <Quantity>7</Quantity>
      <UnitMeasure>100 מ"ל</UnitMeasure>
      <BisWeighted>0</BisWeighted>
      <QtyInPackage>1</QtyInPackage>
      <ItemPrice>19.90</ItemPrice>
      <UnitOfMeasurePrice>2.84</UnitOfMeasurePrice>
      <AllowDiscount>1</AllowDiscount>
      <itemStatus>1</itemStatus>
      <LastUpdateDate />
      <LastUpdateTime />
    </Product>
    <Product>
      <PriceUpdateDate>2018/07/05 11:34</PriceUpdateDate>
      <ItemCode>7290100413593</ItemCode>
      <ItemType>1</ItemType>
      <ItemName>מטליות XL בניחוח פרחי בר קוויק</ItemName>
      <ManufactureName>שקד תבל בעמ</ManufactureName>
      <ManufactureCountry />
      <ManufactureItemDescription />
      <UnitQty>יח`</UnitQty>
      <Quantity>1</Quantity>
      <UnitMeasure />
      <BisWeighted>0</BisWeighted>
      <QtyInPackage>1</QtyInPackage>
      <ItemPrice>8.90</ItemPrice>
      <UnitOfMeasurePrice>8.90</UnitOfMeasurePrice>
      <AllowDiscount>0</AllowDiscount>
      <itemStatus>1</itemStatus>
      <LastUpdateDate />
      <LastUpdateTime />
    </Product>
    <Product>
      <PriceUpdateDate>2018/04/24 09:33</PriceUpdateDate>
      <ItemCode>7290100653586</ItemCode>
      <ItemType>1</ItemType>
      <ItemName>ליידי ספיד סטיק 24/7 גל ורוד</ItemName>
      <ManufactureName>ש.שסטוביץ בעמ</ManufactureName>
      <ManufactureCountry />
      <ManufactureItemDescription />
      <UnitQty>יח`</UnitQty>
      <Quantity>0.50</Quantity>
      <UnitMeasure>100 מ"ל</UnitMeasure>
      <BisWeighted>0</BisWeighted>
      <QtyInPackage>1</QtyInPackage>
      <ItemPrice>16.90</ItemPrice>
      <UnitOfMeasurePrice>33.80</UnitOfMeasurePrice>
      <AllowDiscount>0</AllowDiscount>
      <itemStatus>1</itemStatus>
      <LastUpdateDate />
      <LastUpdateTime />
    </Product>
    <Product>
      <PriceUpdateDate>2018/04/24 09:33</PriceUpdateDate>
      <ItemCode>7290100658338</ItemCode>
      <ItemType>1</ItemType>
      <ItemName>פלמוליב כלים אוקסי כחול פורמולה חדשה</ItemName>
      <ManufactureName>ש.שסטוביץ בעמ</ManufactureName>
      <ManufactureCountry />
      <ManufactureItemDescription />
      <UnitQty>יח`</UnitQty>
      <Quantity>7.50</Quantity>
      <UnitMeasure>100 מ"ל</UnitMeasure>
      <BisWeighted>0</BisWeighted>
      <QtyInPackage>1</QtyInPackage>
      <ItemPrice>11.90</ItemPrice>
      <UnitOfMeasurePrice>1.59</UnitOfMeasurePrice>
      <AllowDiscount>1</AllowDiscount>
      <itemStatus>1</itemStatus>
      <LastUpdateDate />
      <LastUpdateTime />
    </Product>
    <Product>
      <PriceUpdateDate>2018/04/24 09:33</PriceUpdateDate>
      <ItemCode>7290100659090</ItemCode>
      <ItemType>1</ItemType>
      <ItemName>פרי חטיפים ללא סוכר מארז 5 תמרים וקינמו</ItemName>
      <ManufactureName>ש.שסטוביץ בעמ</ManufactureName>
      <ManufactureCountry />
      <ManufactureItemDescription />
      <UnitQty>יח`</UnitQty>
      <Quantity>1</Quantity>
      <UnitMeasure>100 גרם</UnitMeasure>
      <BisWeighted>0</BisWeighted>
      <QtyInPackage>1</QtyInPackage>
      <ItemPrice>17.90</ItemPrice>
      <UnitOfMeasurePrice>17.90</UnitOfMeasurePrice>
      <AllowDiscount>0</AllowDiscount>
      <itemStatus>1</itemStatus>
      <LastUpdateDate />
      <LastUpdateTime />
    </Product>
    <Product>
      <PriceUpdateDate>2018/04/24 09:50</PriceUpdateDate>
      <ItemCode>7290100680650</ItemCode>
      <ItemType>1</ItemType>
      <ItemName>מנה חמה נודלס תאילנדי</ItemName>
      <ManufactureName>קבוצת אסם סחר שות. מוגבלת</ManufactureName>
      <ManufactureCountry />
      <ManufactureItemDescription />
      <UnitQty>יח`</UnitQty>
      <Quantity>0.76</Quantity>
      <UnitMeasure>100 גרם</UnitMeasure>
      <BisWeighted>0</BisWeighted>
      <QtyInPackage>1</QtyInPackage>
      <ItemPrice>7.90</ItemPrice>
      <UnitOfMeasurePrice>10.39</UnitOfMeasurePrice>
      <AllowDiscount>1</AllowDiscount>
      <itemStatus>1</itemStatus>
      <LastUpdateDate />
      <LastUpdateTime />
    </Product>
    <Product>
      <PriceUpdateDate>2018/04/24 09:50</PriceUpdateDate>
      <ItemCode>7290100680667</ItemCode>
      <ItemType>1</ItemType>
      <ItemName>מנה חמה נודלס בסגנון סצ`ואן אסם (76 גרם)</ItemName>
      <ManufactureName>קבוצת אסם סחר שות. מוגבלת</ManufactureName>
      <ManufactureCountry />
      <ManufactureItemDescription />
      <UnitQty>יח`</UnitQty>
      <Quantity>0.76</Quantity>
      <UnitMeasure>100 גרם</UnitMeasure>
      <BisWeighted>0</BisWeighted>
      <QtyInPackage>1</QtyInPackage>
      <ItemPrice>7.90</ItemPrice>
      <UnitOfMeasurePrice>10.39</UnitOfMeasurePrice>
      <AllowDiscount>1</AllowDiscount>
      <itemStatus>1</itemStatus>
      <LastUpdateDate />
      <LastUpdateTime />
    </Product>
    <Product>
      <PriceUpdateDate>2019/04/08 14:54</PriceUpdateDate>
      <ItemCode>7290100680711</ItemCode>
      <ItemType>1</ItemType>
      <ItemName>פירורית זהב אסם (350 גרם)</ItemName>
      <ManufactureName>קבוצת אסם סחר שות. מוגבלת</ManufactureName>
      <ManufactureCountry />
      <ManufactureItemDescription />
      <UnitQty>יח`</UnitQty>
      <Quantity>3.50</Quantity>
      <UnitMeasure>100 גרם</UnitMeasure>
      <BisWeighted>0</BisWeighted>
      <QtyInPackage>1</QtyInPackage>
      <ItemPrice>8.90</ItemPrice>
      <UnitOfMeasurePrice>2.54</UnitOfMeasurePrice>
      <AllowDiscount>0</AllowDiscount>
      <itemStatus>1</itemStatus>
      <LastUpdateDate />
      <LastUpdateTime />
    </Product>
    <Product>
      <PriceUpdateDate>2019/01/07 10:57</PriceUpdateDate>
      <ItemCode>7290100680728</ItemCode>
      <ItemType>1</ItemType>
      <ItemName>פירורית אסם (350 גרם)</ItemName>
      <ManufactureName>קבוצת אסם סחר שות. מוגבלת</ManufactureName>
      <ManufactureCountry />
      <ManufactureItemDescription />
      <UnitQty>יח`</UnitQty>
      <Quantity>3.50</Quantity>
      <UnitMeasure>100 גרם</UnitMeasure>
      <BisWeighted>0</BisWeighted>
      <QtyInPackage>1</QtyInPackage>
      <ItemPrice>7.90</ItemPrice>
      <UnitOfMeasurePrice>2.26</UnitOfMeasurePrice>
      <AllowDiscount>0</AllowDiscount>
      <itemStatus>1</itemStatus>
      <LastUpdateDate />
      <LastUpdateTime />
    </Product>
    <Product>
      <PriceUpdateDate>2019/01/07 10:57</PriceUpdateDate>
      <ItemCode>7290100681015</ItemCode>
      <ItemType>1</ItemType>
      <ItemName>פודינג בטעם ריבת חלב 84 גר` אסם</ItemName>
      <ManufactureName>קבוצת אסם סחר שות. מוגבלת</ManufactureName>
      <ManufactureCountry />
      <ManufactureItemDescription />
      <UnitQty>יח`</UnitQty>
      <Quantity>0.84</Quantity>
      <UnitMeasure>100 גרם</UnitMeasure>
      <BisWeighted>0</BisWeighted>
      <QtyInPackage>1</QtyInPackage>
      <ItemPrice>5.90</ItemPrice>
      <UnitOfMeasurePrice>7.02</UnitOfMeasurePrice>
      <AllowDiscount>1</AllowDiscount>
      <itemStatus>1</itemStatus>
      <LastUpdateDate />
      <LastUpdateTime />
    </Product>
    <Product>
      <PriceUpdateDate>2019/04/08 14:54</PriceUpdateDate>
      <ItemCode>7290100681138</ItemCode>
      <ItemType>1</ItemType>
      <ItemName>אפרופו מארז שלישיה</ItemName>
      <ManufactureName>קבוצת אסם סחר שות. מוגבלת</ManufactureName>
      <ManufactureCountry />
      <ManufactureItemDescription />
      <UnitQty>יח`</UnitQty>
      <Quantity>1.50</Quantity>
      <UnitMeasure>100 גרם</UnitMeasure>
      <BisWeighted>0</BisWeighted>
      <QtyInPackage>1</QtyInPackage>
      <ItemPrice>13.90</ItemPrice>
      <UnitOfMeasurePrice>9.27</UnitOfMeasurePrice>
      <AllowDiscount>1</AllowDiscount>
      <itemStatus>1</itemStatus>
      <LastUpdateDate />
      <LastUpdateTime />
    </Product>
    <Product>
      <PriceUpdateDate>2018/04/24 09:53</PriceUpdateDate>
      <ItemCode>7290100683200</ItemCode>
      <ItemType>1</ItemType>
      <ItemName>רוטב ברביקיו אסם (290 מל)</ItemName>
      <ManufactureName>קבוצת אסם סחר שות. מוגבלת</ManufactureName>
      <ManufactureCountry />
      <ManufactureItemDescription />
      <UnitQty>יח`</UnitQty>
      <Quantity>2.50</Quantity>
      <UnitMeasure>100 גרם</UnitMeasure>
      <BisWeighted>0</BisWeighted>
      <QtyInPackage>1</QtyInPackage>
      <ItemPrice>11.90</ItemPrice>
      <UnitOfMeasurePrice>4.76</UnitOfMeasurePrice>
      <AllowDiscount>0</AllowDiscount>
      <itemStatus>1</itemStatus>
      <LastUpdateDate />
      <LastUpdateTime />
    </Product>
    <Product>
      <PriceUpdateDate>2019/01/07 10:57</PriceUpdateDate>
      <ItemCode>7290100683880</ItemCode>
      <ItemType>1</ItemType>
      <ItemName>אסם פירה רגיל 26</ItemName>
      <ManufactureName>קבוצת אסם סחר שות. מוגבלת</ManufactureName>
      <ManufactureCountry />
      <ManufactureItemDescription />
      <UnitQty>יח`</UnitQty>
      <Quantity>2.60</Quantity>
      <UnitMeasure>100 גרם</UnitMeasure>
      <BisWeighted>0</BisWeighted>
      <QtyInPackage>1</QtyInPackage>
      <ItemPrice>16.90</ItemPrice>
      <UnitOfMeasurePrice>6.50</UnitOfMeasurePrice>
      <AllowDiscount>0</AllowDiscount>
      <itemStatus>1</itemStatus>
      <LastUpdateDate />
      <LastUpdateTime />
    </Product>
    <Product>
      <PriceUpdateDate>2019/03/24 15:45</PriceUpdateDate>
      <ItemCode>7290100684139</ItemCode>
      <ItemType>1</ItemType>
      <ItemName>פסטה מיני מקרוני אסם (500 גרם)</ItemName>
      <ManufactureName>קבוצת אסם סחר שות. מוגבלת</ManufactureName>
      <ManufactureCountry />
      <ManufactureItemDescription />
      <UnitQty>יח`</UnitQty>
      <Quantity>5</Quantity>
      <UnitMeasure>100 גרם</UnitMeasure>
      <BisWeighted>0</BisWeighted>
      <QtyInPackage>1</QtyInPackage>
      <ItemPrice>5.90</ItemPrice>
      <UnitOfMeasurePrice>1.18</UnitOfMeasurePrice>
      <AllowDiscount>1</AllowDiscount>
      <itemStatus>1</itemStatus>
      <LastUpdateDate />
      <LastUpdateTime />
    </Product>
    <Product>
      <PriceUpdateDate>2019/01/07 10:57</PriceUpdateDate>
      <ItemCode>7290100684306</ItemCode>
      <ItemType>1</ItemType>
      <ItemName>רוטב צ`ילי מתוק אסם (600 מל)</ItemName>
      <ManufactureName>קבוצת אסם סחר שות. מוגבלת</ManufactureName>
      <ManufactureCountry />
      <ManufactureItemDescription />
      <UnitQty>יח`</UnitQty>
      <Quantity>6</Quantity>
      <UnitMeasure>100 מ"ל</UnitMeasure>
      <BisWeighted>0</BisWeighted>
      <QtyInPackage>1</QtyInPackage>
      <ItemPrice>18.90</ItemPrice>
      <UnitOfMeasurePrice>3.15</UnitOfMeasurePrice>
      <AllowDiscount>0</AllowDiscount>
      <itemStatus>1</itemStatus>
      <LastUpdateDate />
      <LastUpdateTime />
    </Product>
    <Product>
      <PriceUpdateDate>2018/07/08 11:12</PriceUpdateDate>
      <ItemCode>7290100685136</ItemCode>
      <ItemType>1</ItemType>
      <ItemName>אבקת מרק בטעם עוף אסם (1 קג)</ItemName>
      <ManufactureName>קבוצת אסם סחר שות. מוגבלת</ManufactureName>
      <ManufactureCountry />
      <ManufactureItemDescription />
      <UnitQty>יח`</UnitQty>
      <Quantity>1</Quantity>
      <UnitMeasure>ק"ג</UnitMeasure>
      <BisWeighted>0</BisWeighted>
      <QtyInPackage>1</QtyInPackage>
      <ItemPrice>14.90</ItemPrice>
      <UnitOfMeasurePrice>14.90</UnitOfMeasurePrice>
      <AllowDiscount>1</AllowDiscount>
      <itemStatus>1</itemStatus>
      <LastUpdateDate />
      <LastUpdateTime />
    </Product>
    <Product>
      <PriceUpdateDate>2019/01/07 10:57</PriceUpdateDate>
      <ItemCode>7290100685341</ItemCode>
      <ItemType>1</ItemType>
      <ItemName>אבקת מרק רכיבים 400 גר`</ItemName>
      <ManufactureName>קבוצת אסם סחר שות. מוגבלת</ManufactureName>
      <ManufactureCountry />
      <ManufactureItemDescription />
      <UnitQty>יח`</UnitQty>
      <Quantity>4</Quantity>
      <UnitMeasure>100 גרם</UnitMeasure>
      <BisWeighted>0</BisWeighted>
      <QtyInPackage>1</QtyInPackage>
      <ItemPrice>16.90</ItemPrice>
      <UnitOfMeasurePrice>4.23</UnitOfMeasurePrice>
      <AllowDiscount>1</AllowDiscount>
      <itemStatus>1</itemStatus>
      <LastUpdateDate />
      <LastUpdateTime />
    </Product>
    <Product>
      <PriceUpdateDate>2019/04/08 14:54</PriceUpdateDate>
      <ItemCode>7290100686164</ItemCode>
      <ItemType>1</ItemType>
      <ItemName>ביסלי חטיף בטעם ברביקיו אסם (35x6 גרם)</ItemName>
      <ManufactureName>קבוצת אסם סחר שות. מוגבלת</ManufactureName>
      <ManufactureCountry />
      <ManufactureItemDescription />
      <UnitQty>יח`</UnitQty>
      <Quantity>2.10</Quantity>
      <UnitMeasure>100 גרם</UnitMeasure>
      <BisWeighted>0</BisWeighted>
      <QtyInPackage>1</QtyInPackage>
      <ItemPrice>14.90</ItemPrice>
      <UnitOfMeasurePrice>7.10</UnitOfMeasurePrice>
      <AllowDiscount>1</AllowDiscount>
      <itemStatus>1</itemStatus>
      <LastUpdateDate />
      <LastUpdateTime />
    </Product>
    <Product>
      <PriceUpdateDate>2019/04/08 14:54</PriceUpdateDate>
      <ItemCode>7290100686171</ItemCode>
      <ItemType>1</ItemType>
      <ItemName>ביסלי חטיף בטעם גריל אסם (35x6 גרם)</ItemName>
      <ManufactureName>קבוצת אסם סחר שות. מוגבלת</ManufactureName>
      <ManufactureCountry />
      <ManufactureItemDescription />
      <UnitQty>יח`</UnitQty>
      <Quantity>2.10</Quantity>
      <UnitMeasure>100 גרם</UnitMeasure>
      <BisWeighted>0</BisWeighted>
      <QtyInPackage>1</QtyInPackage>
      <ItemPrice>15.90</ItemPrice>
      <UnitOfMeasurePrice>7.57</UnitOfMeasurePrice>
      <AllowDiscount>1</AllowDiscount>
      <itemStatus>1</itemStatus>
      <LastUpdateDate />
      <LastUpdateTime />
    </Product>
    <Product>
      <PriceUpdateDate>2018/04/24 09:46</PriceUpdateDate>
      <ItemCode>7290100686928</ItemCode>
      <ItemType>1</ItemType>
      <ItemName>עוגת הבית עשירות שוקולד פרורים 400 גר`</ItemName>
      <ManufactureName>קבוצת אסם סחר שות. מוגבלת</ManufactureName>
      <ManufactureCountry />
      <ManufactureItemDescription />
      <UnitQty>יח`</UnitQty>
      <Quantity>4</Quantity>
      <UnitMeasure>100 גרם</UnitMeasure>
      <BisWeighted>0</BisWeighted>
      <QtyInPackage>1</QtyInPackage>
      <ItemPrice>18.90</ItemPrice>
      <UnitOfMeasurePrice>4.73</UnitOfMeasurePrice>
      <AllowDiscount>0</AllowDiscount>
      <itemStatus>1</itemStatus>
      <LastUpdateDate />
      <LastUpdateTime />
    </Product>
    <Product>
      <PriceUpdateDate>2018/04/24 09:49</PriceUpdateDate>
      <ItemCode>7290100687109</ItemCode>
      <ItemType>1</ItemType>
      <ItemName>במבה במילוי נוגט אסם (60 גרם)</ItemName>
      <ManufactureName>קבוצת אסם סחר שות. מוגבלת</ManufactureName>
      <ManufactureCountry />
      <ManufactureItemDescription />
      <UnitQty>יח`</UnitQty>
      <Quantity>0.60</Quantity>
      <UnitMeasure>100 גרם</UnitMeasure>
      <BisWeighted>0</BisWeighted>
      <QtyInPackage>1</QtyInPackage>
      <ItemPrice>4.30</ItemPrice>
      <UnitOfMeasurePrice>7.17</UnitOfMeasurePrice>
      <AllowDiscount>1</AllowDiscount>
      <itemStatus>1</itemStatus>
      <LastUpdateDate />
      <LastUpdateTime />
    </Product>
    <Product>
      <PriceUpdateDate>2019/04/08 14:54</PriceUpdateDate>
      <ItemCode>7290100689301</ItemCode>
      <ItemType>1</ItemType>
      <ItemName>מרק בטעם עוף זך אסם (400 גרם)</ItemName>
      <ManufactureName>קבוצת אסם סחר שות. מוגבלת</ManufactureName>
      <ManufactureCountry />
      <ManufactureItemDescription />
      <UnitQty>יח`</UnitQty>
      <Quantity>4</Quantity>
      <UnitMeasure>100 גרם</UnitMeasure>
      <BisWeighted>0</BisWeighted>
      <QtyInPackage>1</QtyInPackage>
      <ItemPrice>15.90</ItemPrice>
      <UnitOfMeasurePrice>3.98</UnitOfMeasurePrice>
      <AllowDiscount>1</AllowDiscount>
      <itemStatus>1</itemStatus>
      <LastUpdateDate />
      <LastUpdateTime />
    </Product>
    <Product>
      <PriceUpdateDate>2019/01/30 09:36</PriceUpdateDate>
      <ItemCode>7290100700075</ItemCode>
      <ItemType>1</ItemType>
      <ItemName>פירורי לחם מוזהבים סוגת (200 גרם)</ItemName>
      <ManufactureName>סוגת תעשיות בעמ</ManufactureName>
      <ManufactureCountry />
      <ManufactureItemDescription />
      <UnitQty>יח`</UnitQty>
      <Quantity>2</Quantity>
      <UnitMeasure>100 גרם</UnitMeasure>
      <BisWeighted>0</BisWeighted>
      <QtyInPackage>1</QtyInPackage>
      <ItemPrice>4</ItemPrice>
      <UnitOfMeasurePrice>2</UnitOfMeasurePrice>
      <AllowDiscount>1</AllowDiscount>
      <itemStatus>1</itemStatus>
      <LastUpdateDate />
      <LastUpdateTime />
    </Product>
    <Product>
      <PriceUpdateDate>2019/01/07 10:57</PriceUpdateDate>
      <ItemCode>7290100700242</ItemCode>
      <ItemType>1</ItemType>
      <ItemName>אורז מלא עגול סוגת (1 קג)</ItemName>
      <ManufactureName>סוגת תעשיות בעמ</ManufactureName>
      <ManufactureCountry />
      <ManufactureItemDescription />
      <UnitQty>יח`</UnitQty>
      <Quantity>10</Quantity>
      <UnitMeasure>100 גרם</UnitMeasure>
      <BisWeighted>0</BisWeighted>
      <QtyInPackage>1</QtyInPackage>
      <ItemPrice>9.90</ItemPrice>
      <UnitOfMeasurePrice>0.99</UnitOfMeasurePrice>
      <AllowDiscount>0</AllowDiscount>
      <itemStatus>1</itemStatus>
      <LastUpdateDate />
      <LastUpdateTime />
    </Product>
    <Product>
      <PriceUpdateDate>2019/11/19 10:59</PriceUpdateDate>
      <ItemCode>7290100700273</ItemCode>
      <ItemType>1</ItemType>
      <ItemName>קינואה 500 גר`</ItemName>
      <ManufactureName>סוגת תעשיות בעמ</ManufactureName>
      <ManufactureCountry />
      <ManufactureItemDescription />
      <UnitQty>יח`</UnitQty>
      <Quantity>5</Quantity>
      <UnitMeasure>100 גרם</UnitMeasure>
      <BisWeighted>0</BisWeighted>
      <QtyInPackage>1</QtyInPackage>
      <ItemPrice>15.90</ItemPrice>
      <UnitOfMeasurePrice>3.18</UnitOfMeasurePrice>
      <AllowDiscount>1</AllowDiscount>
      <itemStatus>1</itemStatus>
      <LastUpdateDate />
      <LastUpdateTime />
    </Product>
    <Product>
      <PriceUpdateDate>2018/04/24 09:26</PriceUpdateDate>
      <ItemCode>7290100700372</ItemCode>
      <ItemType>1</ItemType>
      <ItemName>אורז בסמטי מלא סוגת (1 קג)</ItemName>
      <ManufactureName>סוגת תעשיות בעמ</ManufactureName>
      <ManufactureCountry />
      <ManufactureItemDescription />
      <UnitQty>יח`</UnitQty>
      <Quantity>10</Quantity>
      <UnitMeasure>100 גרם</UnitMeasure>
      <BisWeighted>0</BisWeighted>
      <QtyInPackage>1</QtyInPackage>
      <ItemPrice>15.90</ItemPrice>
      <UnitOfMeasurePrice>1.59</UnitOfMeasurePrice>
      <AllowDiscount>0</AllowDiscount>
      <itemStatus>1</itemStatus>
      <LastUpdateDate />
      <LastUpdateTime />
    </Product>
    <Product>
      <PriceUpdateDate>2018/08/05 11:28</PriceUpdateDate>
      <ItemCode>7290100700396</ItemCode>
      <ItemType>1</ItemType>
      <ItemName>אורז יסמין סוגת (1 קג)</ItemName>
      <ManufactureName>סוגת תעשיות בעמ</ManufactureName>
      <ManufactureCountry />
      <ManufactureItemDescription />
      <UnitQty>יח`</UnitQty>
      <Quantity>10</Quantity>
      <UnitMeasure>100 גרם</UnitMeasure>
      <BisWeighted>0</BisWeighted>
      <QtyInPackage>1</QtyInPackage>
      <ItemPrice>12.90</ItemPrice>
      <UnitOfMeasurePrice>1.29</UnitOfMeasurePrice>
      <AllowDiscount>1</AllowDiscount>
      <itemStatus>1</itemStatus>
      <LastUpdateDate />
      <LastUpdateTime />
    </Product>
    <Product>
      <PriceUpdateDate>2018/04/24 09:26</PriceUpdateDate>
      <ItemCode>7290100700563</ItemCode>
      <ItemType>1</ItemType>
      <ItemName>אורז מיקס קלאסי סוגת (1 קג)</ItemName>
      <ManufactureName>סוגת תעשיות בעמ</ManufactureName>
      <ManufactureCountry />
      <ManufactureItemDescription />
      <UnitQty>יח`</UnitQty>
      <Quantity>10</Quantity>
      <UnitMeasure>100 גרם</UnitMeasure>
      <BisWeighted>0</BisWeighted>
      <QtyInPackage>1</QtyInPackage>
      <ItemPrice>14.90</ItemPrice>
      <UnitOfMeasurePrice>1.49</UnitOfMeasurePrice>
      <AllowDiscount>0</AllowDiscount>
      <itemStatus>1</itemStatus>
      <LastUpdateDate />
      <LastUpdateTime />
    </Product>
    <Product>
      <PriceUpdateDate>2018/07/05 11:28</PriceUpdateDate>
      <ItemCode>7290100700587</ItemCode>
      <ItemType>1</ItemType>
      <ItemName>בורגול סוגת (500 גרם)</ItemName>
      <ManufactureName>סוגת תעשיות בעמ</ManufactureName>
      <ManufactureCountry />
      <ManufactureItemDescription />
      <UnitQty>יח`</UnitQty>
      <Quantity>5</Quantity>
      <UnitMeasure>100 גרם</UnitMeasure>
      <BisWeighted>0</BisWeighted>
      <QtyInPackage>1</QtyInPackage>
      <ItemPrice>5.90</ItemPrice>
      <UnitOfMeasurePrice>1.18</UnitOfMeasurePrice>
      <AllowDiscount>1</AllowDiscount>
      <itemStatus>1</itemStatus>
      <LastUpdateDate />
      <LastUpdateTime />
    </Product>
    <Product>
      <PriceUpdateDate>2018/04/24 09:26</PriceUpdateDate>
      <ItemCode>7290100701140</ItemCode>
      <ItemType>1</ItemType>
      <ItemName>אורז ריזוטו ארבוריו סוגת (1 קג)</ItemName>
      <ManufactureName>סוגת תעשיות בעמ</ManufactureName>
      <ManufactureCountry />
      <ManufactureItemDescription />
      <UnitQty>יח`</UnitQty>
      <Quantity>10</Quantity>
      <UnitMeasure>100 גרם</UnitMeasure>
      <BisWeighted>0</BisWeighted>
      <QtyInPackage>1</QtyInPackage>
      <ItemPrice>15.90</ItemPrice>
      <UnitOfMeasurePrice>1.59</UnitOfMeasurePrice>
      <AllowDiscount>0</AllowDiscount>
      <itemStatus>1</itemStatus>
      <LastUpdateDate />
      <LastUpdateTime />
    </Product>
    <Product>
      <PriceUpdateDate>2018/07/25 08:51</PriceUpdateDate>
      <ItemCode>7290100701157</ItemCode>
      <ItemType>1</ItemType>
      <ItemName>אורז להכנת סושי סוגת (1 קג)</ItemName>
      <ManufactureName>סוגת תעשיות בעמ</ManufactureName>
      <ManufactureCountry />
      <ManufactureItemDescription />
      <UnitQty>יח`</UnitQty>
      <Quantity>10</Quantity>
      <UnitMeasure>100 גרם</UnitMeasure>
      <BisWeighted>0</BisWeighted>
      <QtyInPackage>1</QtyInPackage>
      <ItemPrice>12.90</ItemPrice>
      <UnitOfMeasurePrice>1.29</UnitOfMeasurePrice>
      <AllowDiscount>0</AllowDiscount>
      <itemStatus>1</itemStatus>
      <LastUpdateDate />
      <LastUpdateTime />
    </Product>
    <Product>
      <PriceUpdateDate>2019/11/19 10:59</PriceUpdateDate>
      <ItemCode>7290100701300</ItemCode>
      <ItemType>1</ItemType>
      <ItemName>קינואה אדומה סוגת (500 גרם)</ItemName>
      <ManufactureName>סוגת תעשיות בעמ</ManufactureName>
      <ManufactureCountry />
      <ManufactureItemDescription />
      <UnitQty>יח`</UnitQty>
      <Quantity>5</Quantity>
      <UnitMeasure>100 גרם</UnitMeasure>
      <BisWeighted>0</BisWeighted>
      <QtyInPackage>1</QtyInPackage>
      <ItemPrice>15.90</ItemPrice>
      <UnitOfMeasurePrice>3.18</UnitOfMeasurePrice>
      <AllowDiscount>1</AllowDiscount>
      <itemStatus>1</itemStatus>
      <LastUpdateDate />
      <LastUpdateTime />
    </Product>
    <Product>
      <PriceUpdateDate>2019/01/07 10:57</PriceUpdateDate>
      <ItemCode>7290100701331</ItemCode>
      <ItemType>1</ItemType>
      <ItemName>קמח רב תכליתי סוגת (1 קג)</ItemName>
      <ManufactureName>סוגת תעשיות בעמ</ManufactureName>
      <ManufactureCountry />
      <ManufactureItemDescription />
      <UnitQty>יח`</UnitQty>
      <Quantity>1</Quantity>
      <UnitMeasure>ק"ג</UnitMeasure>
      <BisWeighted>0</BisWeighted>
      <QtyInPackage>1</QtyInPackage>
      <ItemPrice>8.90</ItemPrice>
      <UnitOfMeasurePrice>8.90</UnitOfMeasurePrice>
      <AllowDiscount>1</AllowDiscount>
      <itemStatus>1</itemStatus>
      <LastUpdateDate />
      <LastUpdateTime />
    </Product>
    <Product>
      <PriceUpdateDate>2018/04/24 11:22</PriceUpdateDate>
      <ItemCode>7290100701348</ItemCode>
      <ItemType>1</ItemType>
      <ItemName>קמח שיפון מלא סוגת (1 קג)</ItemName>
      <ManufactureName>סוגת תעשיות בעמ</ManufactureName>
      <ManufactureCountry />
      <ManufactureItemDescription />
      <UnitQty>יח`</UnitQty>
      <Quantity>1</Quantity>
      <UnitMeasure>ק"ג</UnitMeasure>
      <BisWeighted>0</BisWeighted>
      <QtyInPackage>1</QtyInPackage>
      <ItemPrice>8.90</ItemPrice>
      <UnitOfMeasurePrice>8.90</UnitOfMeasurePrice>
      <AllowDiscount>1</AllowDiscount>
      <itemStatus>1</itemStatus>
      <LastUpdateDate />
      <LastUpdateTime />
    </Product>
    <Product>
      <PriceUpdateDate>2018/04/24 11:22</PriceUpdateDate>
      <ItemCode>7290100701386</ItemCode>
      <ItemType>1</ItemType>
      <ItemName>קמח לחלה סוגת (1 קג)</ItemName>
      <ManufactureName>סוגת תעשיות בעמ</ManufactureName>
      <ManufactureCountry />
      <ManufactureItemDescription />
      <UnitQty>יח`</UnitQty>
      <Quantity>1</Quantity>
      <UnitMeasure>ק"ג</UnitMeasure>
      <BisWeighted>0</BisWeighted>
      <QtyInPackage>1</QtyInPackage>
      <ItemPrice>8.90</ItemPrice>
      <UnitOfMeasurePrice>8.90</UnitOfMeasurePrice>
      <AllowDiscount>1</AllowDiscount>
      <itemStatus>1</itemStatus>
      <LastUpdateDate />
      <LastUpdateTime />
    </Product>
    <Product>
      <PriceUpdateDate>2018/04/24 12:35</PriceUpdateDate>
      <ItemCode>7290100701874</ItemCode>
      <ItemType>1</ItemType>
      <ItemName>קמח כוסמין מלא סוגת (1 קג)</ItemName>
      <ManufactureName>סוגת תעשיות בעמ</ManufactureName>
      <ManufactureCountry />
      <ManufactureItemDescription />
      <UnitQty>יח`</UnitQty>
      <Quantity>10</Quantity>
      <UnitMeasure>100 גרם</UnitMeasure>
      <BisWeighted>0</BisWeighted>
      <QtyInPackage>1</QtyInPackage>
      <ItemPrice>16.90</ItemPrice>
      <UnitOfMeasurePrice>1.69</UnitOfMeasurePrice>
      <AllowDiscount>0</AllowDiscount>
      <itemStatus>1</itemStatus>
      <LastUpdateDate />
      <LastUpdateTime />
    </Product>
    <Product>
      <PriceUpdateDate>2018/04/24 11:22</PriceUpdateDate>
      <ItemCode>7290100701881</ItemCode>
      <ItemType>1</ItemType>
      <ItemName>קמח פיצה ופוקצ`ה סוגת 1 קג`</ItemName>
      <ManufactureName>סוגת תעשיות בעמ</ManufactureName>
      <ManufactureCountry />
      <ManufactureItemDescription />
      <UnitQty>יח`</UnitQty>
      <Quantity>1</Quantity>
      <UnitMeasure>ק"ג</UnitMeasure>
      <BisWeighted>0</BisWeighted>
      <QtyInPackage>1</QtyInPackage>
      <ItemPrice>8.90</ItemPrice>
      <UnitOfMeasurePrice>8.90</UnitOfMeasurePrice>
      <AllowDiscount>1</AllowDiscount>
      <itemStatus>1</itemStatus>
      <LastUpdateDate />
      <LastUpdateTime />
    </Product>
    <Product>
      <PriceUpdateDate>2018/04/24 11:09</PriceUpdateDate>
      <ItemCode>7290100702260</ItemCode>
      <ItemType>1</ItemType>
      <ItemName>קוסקוס דק סוגת (350 גרם)</ItemName>
      <ManufactureName>סוגת תעשיות בעמ</ManufactureName>
      <ManufactureCountry />
      <ManufactureItemDescription />
      <UnitQty>יח`</UnitQty>
      <Quantity>3.50</Quantity>
      <UnitMeasure>100 גרם</UnitMeasure>
      <BisWeighted>0</BisWeighted>
      <QtyInPackage>1</QtyInPackage>
      <ItemPrice>4.90</ItemPrice>
      <UnitOfMeasurePrice>1.40</UnitOfMeasurePrice>
      <AllowDiscount>1</AllowDiscount>
      <itemStatus>1</itemStatus>
      <LastUpdateDate />
      <LastUpdateTime />
    </Product>
    <Product>
      <PriceUpdateDate>2018/04/24 11:09</PriceUpdateDate>
      <ItemCode>7290100702277</ItemCode>
      <ItemType>1</ItemType>
      <ItemName>קוסקוס עבה סוגת (350 גרם)</ItemName>
      <ManufactureName>סוגת תעשיות בעמ</ManufactureName>
      <ManufactureCountry />
      <ManufactureItemDescription />
      <UnitQty>יח`</UnitQty>
      <Quantity>3.50</Quantity>
      <UnitMeasure>100 גרם</UnitMeasure>
      <BisWeighted>0</BisWeighted>
      <QtyInPackage>1</QtyInPackage>
      <ItemPrice>4.90</ItemPrice>
      <UnitOfMeasurePrice>1.40</UnitOfMeasurePrice>
      <AllowDiscount>1</AllowDiscount>
      <itemStatus>1</itemStatus>
      <LastUpdateDate />
      <LastUpdateTime />
    </Product>
    <Product>
      <PriceUpdateDate>2018/04/24 11:10</PriceUpdateDate>
      <ItemCode>7290100702284</ItemCode>
      <ItemType>1</ItemType>
      <ItemName>קוסקוס מלא סוגת (350 גרם)</ItemName>
      <ManufactureName>סוגת תעשיות בעמ</ManufactureName>
      <ManufactureCountry />
      <ManufactureItemDescription />
      <UnitQty>יח`</UnitQty>
      <Quantity>3.50</Quantity>
      <UnitMeasure>100 גרם</UnitMeasure>
      <BisWeighted>0</BisWeighted>
      <QtyInPackage>1</QtyInPackage>
      <ItemPrice>4.90</ItemPrice>
      <UnitOfMeasurePrice>1.40</UnitOfMeasurePrice>
      <AllowDiscount>1</AllowDiscount>
      <itemStatus>1</itemStatus>
      <LastUpdateDate />
      <LastUpdateTime />
    </Product>
    <Product>
      <PriceUpdateDate>2018/04/24 11:46</PriceUpdateDate>
      <ItemCode>7290100702383</ItemCode>
      <ItemType>1</ItemType>
      <ItemName>קמח תופח סוגת 1 קג</ItemName>
      <ManufactureName>סוגת תעשיות בעמ</ManufactureName>
      <ManufactureCountry />
      <ManufactureItemDescription />
      <UnitQty>יח`</UnitQty>
      <Quantity>10</Quantity>
      <UnitMeasure>100 גרם</UnitMeasure>
      <BisWeighted>0</BisWeighted>
      <QtyInPackage>1</QtyInPackage>
      <ItemPrice>7.90</ItemPrice>
      <UnitOfMeasurePrice>0.79</UnitOfMeasurePrice>
      <AllowDiscount>1</AllowDiscount>
      <itemStatus>1</itemStatus>
      <LastUpdateDate />
      <LastUpdateTime />
    </Product>
    <Product>
      <PriceUpdateDate>2019/01/07 10:57</PriceUpdateDate>
      <ItemCode>7290100702611</ItemCode>
      <ItemType>1</ItemType>
      <ItemName>פתיתים אפויים אורז</ItemName>
      <ManufactureName>סוגת תעשיות בעמ</ManufactureName>
      <ManufactureCountry />
      <ManufactureItemDescription />
      <UnitQty>יח`</UnitQty>
      <Quantity>5</Quantity>
      <UnitMeasure>100 גרם</UnitMeasure>
      <BisWeighted>0</BisWeighted>
      <QtyInPackage>1</QtyInPackage>
      <ItemPrice>5.90</ItemPrice>
      <UnitOfMeasurePrice>1.18</UnitOfMeasurePrice>
      <AllowDiscount>0</AllowDiscount>
      <itemStatus>1</itemStatus>
      <LastUpdateDate />
      <LastUpdateTime />
    </Product>
    <Product>
      <PriceUpdateDate>2019/01/07 10:57</PriceUpdateDate>
      <ItemCode>7290100702628</ItemCode>
      <ItemType>1</ItemType>
      <ItemName>פתיתים אפויים קוסקוס</ItemName>
      <ManufactureName>סוגת תעשיות בעמ</ManufactureName>
      <ManufactureCountry />
      <ManufactureItemDescription />
      <UnitQty>יח`</UnitQty>
      <Quantity>5</Quantity>
      <UnitMeasure>100 גרם</UnitMeasure>
      <BisWeighted>0</BisWeighted>
      <QtyInPackage>1</QtyInPackage>
      <ItemPrice>5.90</ItemPrice>
      <UnitOfMeasurePrice>1.18</UnitOfMeasurePrice>
      <AllowDiscount>0</AllowDiscount>
      <itemStatus>1</itemStatus>
      <LastUpdateDate />
      <LastUpdateTime />
    </Product>
    <Product>
      <PriceUpdateDate>2018/04/24 12:01</PriceUpdateDate>
      <ItemCode>7290100702741</ItemCode>
      <ItemType>1</ItemType>
      <ItemName>סוכר חום קלאסי בקופסא סוגת (1 קג)</ItemName>
      <ManufactureName>סוגת תעשיות בעמ</ManufactureName>
      <ManufactureCountry />
      <ManufactureItemDescription />
      <UnitQty>יח`</UnitQty>
      <Quantity>10</Quantity>
      <UnitMeasure>100 גרם</UnitMeasure>
      <BisWeighted>0</BisWeighted>
      <QtyInPackage>1</QtyInPackage>
      <ItemPrice>12.90</ItemPrice>
      <UnitOfMeasurePrice>1.29</UnitOfMeasurePrice>
      <AllowDiscount>1</AllowDiscount>
      <itemStatus>1</itemStatus>
      <LastUpdateDate />
      <LastUpdateTime />
    </Product>
    <Product>
      <PriceUpdateDate>2018/04/24 12:36</PriceUpdateDate>
      <ItemCode>7290100702987</ItemCode>
      <ItemType>1</ItemType>
      <ItemName>פתיתי שיבולת שועל סוגת 500 גר`</ItemName>
      <ManufactureName>סוגת תעשיות בעמ</ManufactureName>
      <ManufactureCountry />
      <ManufactureItemDescription />
      <UnitQty>יח`</UnitQty>
      <Quantity>5</Quantity>
      <UnitMeasure>100 גרם</UnitMeasure>
      <BisWeighted>0</BisWeighted>
      <QtyInPackage>1</QtyInPackage>
      <ItemPrice>4.90</ItemPrice>
      <UnitOfMeasurePrice>0.98</UnitOfMeasurePrice>
      <AllowDiscount>1</AllowDiscount>
      <itemStatus>1</itemStatus>
      <LastUpdateDate />
      <LastUpdateTime />
    </Product>
    <Product>
      <PriceUpdateDate>2018/04/24 12:46</PriceUpdateDate>
      <ItemCode>7290100703007</ItemCode>
      <ItemType>1</ItemType>
      <ItemName>עדשים שחורות בלוגה סוגת (500 גרם)</ItemName>
      <ManufactureName>סוגת תעשיות בעמ</ManufactureName>
      <ManufactureCountry />
      <ManufactureItemDescription />
      <UnitQty>יח`</UnitQty>
      <Quantity>5</Quantity>
      <UnitMeasure>100 גרם</UnitMeasure>
      <BisWeighted>0</BisWeighted>
      <QtyInPackage>1</QtyInPackage>
      <ItemPrice>8.90</ItemPrice>
      <UnitOfMeasurePrice>1.78</UnitOfMeasurePrice>
      <AllowDiscount>0</AllowDiscount>
      <itemStatus>1</itemStatus>
      <LastUpdateDate />
      <LastUpdateTime />
    </Product>
    <Product>
      <PriceUpdateDate>2018/10/11 13:10</PriceUpdateDate>
      <ItemCode>7290100703472</ItemCode>
      <ItemType>1</ItemType>
      <ItemName>פרורי פנקו לבנים 200  גר`סוגת</ItemName>
      <ManufactureName>סוגת תעשיות בעמ</ManufactureName>
      <ManufactureCountry />
      <ManufactureItemDescription />
      <UnitQty>יח`</UnitQty>
      <Quantity>2</Quantity>
      <UnitMeasure>100 גרם</UnitMeasure>
      <BisWeighted>0</BisWeighted>
      <QtyInPackage>1</QtyInPackage>
      <ItemPrice>5.90</ItemPrice>
      <UnitOfMeasurePrice>2.95</UnitOfMeasurePrice>
      <AllowDiscount>0</AllowDiscount>
      <itemStatus>1</itemStatus>
      <LastUpdateDate />
      <LastUpdateTime />
    </Product>
    <Product>
      <PriceUpdateDate>2018/07/05 11:28</PriceUpdateDate>
      <ItemCode>7290100703533</ItemCode>
      <ItemType>1</ItemType>
      <ItemName>קמח קסם תערובת קמח שמרים סוגת 1 קג</ItemName>
      <ManufactureName>סוגת תעשיות בעמ</ManufactureName>
      <ManufactureCountry />
      <ManufactureItemDescription />
      <UnitQty>יח`</UnitQty>
      <Quantity>1</Quantity>
      <UnitMeasure />
      <BisWeighted>0</BisWeighted>
      <QtyInPackage>1</QtyInPackage>
      <ItemPrice>7.90</ItemPrice>
      <UnitOfMeasurePrice>7.90</UnitOfMeasurePrice>
      <AllowDiscount>0</AllowDiscount>
      <itemStatus>1</itemStatus>
      <LastUpdateDate />
      <LastUpdateTime />
    </Product>
    <Product>
      <PriceUpdateDate>2018/11/08 07:27</PriceUpdateDate>
      <ItemCode>7290100703625</ItemCode>
      <ItemType>1</ItemType>
      <ItemName>קמח לבן ללא ניפוי 1 קג סוגת</ItemName>
      <ManufactureName>סוגת תעשיות בעמ</ManufactureName>
      <ManufactureCountry />
      <ManufactureItemDescription />
      <UnitQty>יח`</UnitQty>
      <Quantity>10</Quantity>
      <UnitMeasure>100 גרם</UnitMeasure>
      <BisWeighted>0</BisWeighted>
      <QtyInPackage>1</QtyInPackage>
      <ItemPrice>6.90</ItemPrice>
      <UnitOfMeasurePrice>0.69</UnitOfMeasurePrice>
      <AllowDiscount>1</AllowDiscount>
      <itemStatus>1</itemStatus>
      <LastUpdateDate />
      <LastUpdateTime />
    </Product>
    <Product>
      <PriceUpdateDate>2018/11/05 14:24</PriceUpdateDate>
      <ItemCode>7290100703632</ItemCode>
      <ItemType>1</ItemType>
      <ItemName>קמח מלא ללא ניפוי 1 קג סוגת</ItemName>
      <ManufactureName>סוגת תעשיות בעמ</ManufactureName>
      <ManufactureCountry />
      <ManufactureItemDescription />
      <UnitQty>יח`</UnitQty>
      <Quantity>10</Quantity>
      <UnitMeasure>100 גרם</UnitMeasure>
      <BisWeighted>0</BisWeighted>
      <QtyInPackage>1</QtyInPackage>
      <ItemPrice>6.90</ItemPrice>
      <UnitOfMeasurePrice>0.69</UnitOfMeasurePrice>
      <AllowDiscount>1</AllowDiscount>
      <itemStatus>1</itemStatus>
      <LastUpdateDate />
      <LastUpdateTime />
    </Product>
    <Product>
      <PriceUpdateDate>2018/11/05 14:24</PriceUpdateDate>
      <ItemCode>7290100703663</ItemCode>
      <ItemType>1</ItemType>
      <ItemName>קמח תופח ללא ניפוי 1 קג סוגת</ItemName>
      <ManufactureName>סוגת תעשיות בעמ</ManufactureName>
      <ManufactureCountry />
      <ManufactureItemDescription />
      <UnitQty>יח`</UnitQty>
      <Quantity>10</Quantity>
      <UnitMeasure>100 גרם</UnitMeasure>
      <BisWeighted>0</BisWeighted>
      <QtyInPackage>1</QtyInPackage>
      <ItemPrice>6.90</ItemPrice>
      <UnitOfMeasurePrice>0.69</UnitOfMeasurePrice>
      <AllowDiscount>1</AllowDiscount>
      <itemStatus>1</itemStatus>
      <LastUpdateDate />
      <LastUpdateTime />
    </Product>
    <Product>
      <PriceUpdateDate>2018/07/25 08:51</PriceUpdateDate>
      <ItemCode>7290100703861</ItemCode>
      <ItemType>1</ItemType>
      <ItemName>תערובת קסם לחלה סוגת 1 קג</ItemName>
      <ManufactureName>סוגת תעשיות בעמ</ManufactureName>
      <ManufactureCountry />
      <ManufactureItemDescription />
      <UnitQty>יח`</UnitQty>
      <Quantity>1</Quantity>
      <UnitMeasure>ק"ג</UnitMeasure>
      <BisWeighted>0</BisWeighted>
      <QtyInPackage>1</QtyInPackage>
      <ItemPrice>9.90</ItemPrice>
      <UnitOfMeasurePrice>9.90</UnitOfMeasurePrice>
      <AllowDiscount>1</AllowDiscount>
      <itemStatus>1</itemStatus>
      <LastUpdateDate />
      <LastUpdateTime />
    </Product>
    <Product>
      <PriceUpdateDate>2018/04/26 19:00</PriceUpdateDate>
      <ItemCode>7290100703915</ItemCode>
      <ItemType>1</ItemType>
      <ItemName>מארזפופקורן למיקרוגל בטעם חמאה 1+5 במתנה</ItemName>
      <ManufactureName>סוגת תעשיות בעמ</ManufactureName>
      <ManufactureCountry />
      <ManufactureItemDescription />
      <UnitQty>יח`</UnitQty>
      <Quantity>1</Quantity>
      <UnitMeasure>100 גרם</UnitMeasure>
      <BisWeighted>0</BisWeighted>
      <QtyInPackage>1</QtyInPackage>
      <ItemPrice>12.90</ItemPrice>
      <UnitOfMeasurePrice>12.90</UnitOfMeasurePrice>
      <AllowDiscount>1</AllowDiscount>
      <itemStatus>1</itemStatus>
      <LastUpdateDate />
      <LastUpdateTime />
    </Product>
    <Product>
      <PriceUpdateDate>2018/04/26 19:00</PriceUpdateDate>
      <ItemCode>7290100703922</ItemCode>
      <ItemType>1</ItemType>
      <ItemName>מארזפופקורן למיקרוגל בטעם טבעי 1+5 במתנה</ItemName>
      <ManufactureName>סוגת תעשיות בעמ</ManufactureName>
      <ManufactureCountry />
      <ManufactureItemDescription />
      <UnitQty>יח`</UnitQty>
      <Quantity>1</Quantity>
      <UnitMeasure>100 גרם</UnitMeasure>
      <BisWeighted>0</BisWeighted>
      <QtyInPackage>1</QtyInPackage>
      <ItemPrice>12.90</ItemPrice>
      <UnitOfMeasurePrice>12.90</UnitOfMeasurePrice>
      <AllowDiscount>1</AllowDiscount>
      <itemStatus>1</itemStatus>
      <LastUpdateDate />
      <LastUpdateTime />
    </Product>
    <Product>
      <PriceUpdateDate>2018/04/24 09:57</PriceUpdateDate>
      <ItemCode>7290100850008</ItemCode>
      <ItemType>1</ItemType>
      <ItemName>טבלאות פרה סוכריות תות</ItemName>
      <ManufactureName>שטראוס גרופ בעמ</ManufactureName>
      <ManufactureCountry />
      <ManufactureItemDescription />
      <UnitQty>יח`</UnitQty>
      <Quantity>1</Quantity>
      <UnitMeasure>100 גרם</UnitMeasure>
      <BisWeighted>0</BisWeighted>
      <QtyInPackage>1</QtyInPackage>
      <ItemPrice>4.90</ItemPrice>
      <UnitOfMeasurePrice>4.90</UnitOfMeasurePrice>
      <AllowDiscount>1</AllowDiscount>
      <itemStatus>1</itemStatus>
      <LastUpdateDate />
      <LastUpdateTime />
    </Product>
    <Product>
      <PriceUpdateDate>2018/04/24 09:57</PriceUpdateDate>
      <ItemCode>7290100850336</ItemCode>
      <ItemType>1</ItemType>
      <ItemName>פסק זמן מיני עלית (8-10  יח`- 195 גרם)</ItemName>
      <ManufactureName>שטראוס גרופ בעמ</ManufactureName>
      <ManufactureCountry />
      <ManufactureItemDescription />
      <UnitQty>יח`</UnitQty>
      <Quantity>1.90</Quantity>
      <UnitMeasure>100 גרם</UnitMeasure>
      <BisWeighted>0</BisWeighted>
      <QtyInPackage>1</QtyInPackage>
      <ItemPrice>13.90</ItemPrice>
      <UnitOfMeasurePrice>7.32</UnitOfMeasurePrice>
      <AllowDiscount>0</AllowDiscount>
      <itemStatus>1</itemStatus>
      <LastUpdateDate />
      <LastUpdateTime />
    </Product>
    <Product>
      <PriceUpdateDate>2018/04/24 09:57</PriceUpdateDate>
      <ItemCode>7290100850343</ItemCode>
      <ItemType>1</ItemType>
      <ItemName>מיקס מיני מקופלת 190 גר`</ItemName>
      <ManufactureName>שטראוס גרופ בעמ</ManufactureName>
      <ManufactureCountry />
      <ManufactureItemDescription />
      <UnitQty>יח`</UnitQty>
      <Quantity>1.90</Quantity>
      <UnitMeasure>100 גרם</UnitMeasure>
      <BisWeighted>0</BisWeighted>
      <QtyInPackage>1</QtyInPackage>
      <ItemPrice>13.90</ItemPrice>
      <UnitOfMeasurePrice>7.32</UnitOfMeasurePrice>
      <AllowDiscount>0</AllowDiscount>
      <itemStatus>1</itemStatus>
      <LastUpdateDate />
      <LastUpdateTime />
    </Product>
    <Product>
      <PriceUpdateDate>2018/04/24 09:34</PriceUpdateDate>
      <ItemCode>7290100850909</ItemCode>
      <ItemType>1</ItemType>
      <ItemName>חטיף תירס נאצ`ו מקסיקני דוריטוס (70 גרם)</ItemName>
      <ManufactureName>שטראוס פריטו ליי בעמ</ManufactureName>
      <ManufactureCountry />
      <ManufactureItemDescription />
      <UnitQty>יח`</UnitQty>
      <Quantity>0.70</Quantity>
      <UnitMeasure>100 גרם</UnitMeasure>
      <BisWeighted>0</BisWeighted>
      <QtyInPackage>1</QtyInPackage>
      <ItemPrice>3.90</ItemPrice>
      <UnitOfMeasurePrice>5.57</UnitOfMeasurePrice>
      <AllowDiscount>1</AllowDiscount>
      <itemStatus>1</itemStatus>
      <LastUpdateDate />
      <LastUpdateTime />
    </Product>
    <Product>
      <PriceUpdateDate>2018/08/05 11:28</PriceUpdateDate>
      <ItemCode>7290100850916</ItemCode>
      <ItemType>1</ItemType>
      <ItemName>חטיף תירס חמוץ חריף דוריטוס (70 גרם)</ItemName>
      <ManufactureName>שטראוס פריטו ליי בעמ</ManufactureName>
      <ManufactureCountry />
      <ManufactureItemDescription />
      <UnitQty>יח`</UnitQty>
      <Quantity>0.70</Quantity>
      <UnitMeasure>100 גרם</UnitMeasure>
      <BisWeighted>0</BisWeighted>
      <QtyInPackage>1</QtyInPackage>
      <ItemPrice>3.90</ItemPrice>
      <UnitOfMeasurePrice>5.57</UnitOfMeasurePrice>
      <AllowDiscount>1</AllowDiscount>
      <itemStatus>1</itemStatus>
      <LastUpdateDate />
      <LastUpdateTime />
    </Product>
    <Product>
      <PriceUpdateDate>2018/08/05 11:28</PriceUpdateDate>
      <ItemCode>7290100850923</ItemCode>
      <ItemType>1</ItemType>
      <ItemName>חטיף תירס גריל דוריטוס (70 גרם)</ItemName>
      <ManufactureName>שטראוס פריטו ליי בעמ</ManufactureName>
      <ManufactureCountry />
      <ManufactureItemDescription />
      <UnitQty>יח`</UnitQty>
      <Quantity>0.70</Quantity>
      <UnitMeasure>100 גרם</UnitMeasure>
      <BisWeighted>0</BisWeighted>
      <QtyInPackage>1</QtyInPackage>
      <ItemPrice>3.90</ItemPrice>
      <UnitOfMeasurePrice>5.57</UnitOfMeasurePrice>
      <AllowDiscount>1</AllowDiscount>
      <itemStatus>1</itemStatus>
      <LastUpdateDate />
      <LastUpdateTime />
    </Product>
    <Product>
      <PriceUpdateDate>2018/08/05 11:28</PriceUpdateDate>
      <ItemCode>7290100850930</ItemCode>
      <ItemType>1</ItemType>
      <ItemName>חטיף תירס בטעם טבעי דוריטוס (70 גרם)</ItemName>
      <ManufactureName>שטראוס פריטו ליי בעמ</ManufactureName>
      <ManufactureCountry />
      <ManufactureItemDescription />
      <UnitQty>יח`</UnitQty>
      <Quantity>0.70</Quantity>
      <UnitMeasure>100 גרם</UnitMeasure>
      <BisWeighted>0</BisWeighted>
      <QtyInPackage>1</QtyInPackage>
      <ItemPrice>3.90</ItemPrice>
      <UnitOfMeasurePrice>5.57</UnitOfMeasurePrice>
      <AllowDiscount>1</AllowDiscount>
      <itemStatus>1</itemStatus>
      <LastUpdateDate />
      <LastUpdateTime />
    </Product>
    <Product>
      <PriceUpdateDate>2019/01/07 10:57</PriceUpdateDate>
      <ItemCode>7290100854266</ItemCode>
      <ItemType>1</ItemType>
      <ItemName>שוקולד פרה מריר 60% קקאו עלית (100 גרם)</ItemName>
      <ManufactureName>שטראוס גרופ בעמ</ManufactureName>
      <ManufactureCountry />
      <ManufactureItemDescription />
      <UnitQty>יח`</UnitQty>
      <Quantity>1</Quantity>
      <UnitMeasure>100 גרם</UnitMeasure>
      <BisWeighted>0</BisWeighted>
      <QtyInPackage>1</QtyInPackage>
      <ItemPrice>8.90</ItemPrice>
      <UnitOfMeasurePrice>8.90</UnitOfMeasurePrice>
      <AllowDiscount>0</AllowDiscount>
      <itemStatus>1</itemStatus>
      <LastUpdateDate />
      <LastUpdateTime />
    </Product>
    <Product>
      <PriceUpdateDate>2018/07/25 08:52</PriceUpdateDate>
      <ItemCode>7290100921418</ItemCode>
      <ItemType>1</ItemType>
      <ItemName>מרכך מועשר בקרטין הוואי (700 מל)</ItemName>
      <ManufactureName>הנקל סוד בעמ</ManufactureName>
      <ManufactureCountry />
      <ManufactureItemDescription />
      <UnitQty>יח`</UnitQty>
      <Quantity>7</Quantity>
      <UnitMeasure>100 מ"ל</UnitMeasure>
      <BisWeighted>0</BisWeighted>
      <QtyInPackage>1</QtyInPackage>
      <ItemPrice>8.90</ItemPrice>
      <UnitOfMeasurePrice>1.27</UnitOfMeasurePrice>
      <AllowDiscount>0</AllowDiscount>
      <itemStatus>1</itemStatus>
      <LastUpdateDate />
      <LastUpdateTime />
    </Product>
    <Product>
      <PriceUpdateDate>2018/04/24 11:59</PriceUpdateDate>
      <ItemCode>7290100921616</ItemCode>
      <ItemType>1</ItemType>
      <ItemName>סוד כדוריות נתלה לאסלה אורנים</ItemName>
      <ManufactureName>גורי שיווק בעמ</ManufactureName>
      <ManufactureCountry />
      <ManufactureItemDescription />
      <UnitQty>יח`</UnitQty>
      <Quantity>1</Quantity>
      <UnitMeasure />
      <BisWeighted>0</BisWeighted>
      <QtyInPackage>1</QtyInPackage>
      <ItemPrice>8.90</ItemPrice>
      <UnitOfMeasurePrice>8.90</UnitOfMeasurePrice>
      <AllowDiscount>0</AllowDiscount>
      <itemStatus>1</itemStatus>
      <LastUpdateDate />
      <LastUpdateTime />
    </Product>
    <Product>
      <PriceUpdateDate>2018/04/24 11:59</PriceUpdateDate>
      <ItemCode>7290100921623</ItemCode>
      <ItemType>1</ItemType>
      <ItemName>סוד כדוריות נתלה לאסלה אקונומיקה</ItemName>
      <ManufactureName>גורי שיווק בעמ</ManufactureName>
      <ManufactureCountry />
      <ManufactureItemDescription />
      <UnitQty>יח`</UnitQty>
      <Quantity>1</Quantity>
      <UnitMeasure />
      <BisWeighted>0</BisWeighted>
      <QtyInPackage>1</QtyInPackage>
      <ItemPrice>8.90</ItemPrice>
      <UnitOfMeasurePrice>8.90</UnitOfMeasurePrice>
      <AllowDiscount>0</AllowDiscount>
      <itemStatus>1</itemStatus>
      <LastUpdateDate />
      <LastUpdateTime />
    </Product>
    <Product>
      <PriceUpdateDate>2018/07/25 08:52</PriceUpdateDate>
      <ItemCode>7290100921760</ItemCode>
      <ItemType>1</ItemType>
      <ItemName>שמפו לשיער ולגוף ספורט הוואי (700 מל)</ItemName>
      <ManufactureName>הנקל סוד בעמ</ManufactureName>
      <ManufactureCountry />
      <ManufactureItemDescription />
      <UnitQty>יח`</UnitQty>
      <Quantity>7</Quantity>
      <UnitMeasure>100 מ"ל</UnitMeasure>
      <BisWeighted>0</BisWeighted>
      <QtyInPackage>1</QtyInPackage>
      <ItemPrice>8.90</ItemPrice>
      <UnitOfMeasurePrice>1.27</UnitOfMeasurePrice>
      <AllowDiscount>0</AllowDiscount>
      <itemStatus>1</itemStatus>
      <LastUpdateDate />
      <LastUpdateTime />
    </Product>
    <Product>
      <PriceUpdateDate>2018/04/24 12:00</PriceUpdateDate>
      <ItemCode>7290100924204</ItemCode>
      <ItemType>1</ItemType>
      <ItemName>אבקת כביסה פרסיל (8 קג)</ItemName>
      <ManufactureName>גורי שיווק בעמ</ManufactureName>
      <ManufactureCountry />
      <ManufactureItemDescription />
      <UnitQty>יח`</UnitQty>
      <Quantity>80</Quantity>
      <UnitMeasure>100 גרם</UnitMeasure>
      <BisWeighted>0</BisWeighted>
      <QtyInPackage>1</QtyInPackage>
      <ItemPrice>54.90</ItemPrice>
      <UnitOfMeasurePrice>0.69</UnitOfMeasurePrice>
      <AllowDiscount>0</AllowDiscount>
      <itemStatus>1</itemStatus>
      <LastUpdateDate />
      <LastUpdateTime />
    </Product>
    <Product>
      <PriceUpdateDate>2018/04/24 12:22</PriceUpdateDate>
      <ItemCode>7290100924457</ItemCode>
      <ItemType>1</ItemType>
      <ItemName>כדוריות שלישייה בניחוח לימון</ItemName>
      <ManufactureName>גורי שיווק בעמ</ManufactureName>
      <ManufactureCountry />
      <ManufactureItemDescription />
      <UnitQty>יח`</UnitQty>
      <Quantity>1</Quantity>
      <UnitMeasure />
      <BisWeighted>0</BisWeighted>
      <QtyInPackage>1</QtyInPackage>
      <ItemPrice>19.90</ItemPrice>
      <UnitOfMeasurePrice>19.90</UnitOfMeasurePrice>
      <AllowDiscount>1</AllowDiscount>
      <itemStatus>1</itemStatus>
      <LastUpdateDate />
      <LastUpdateTime />
    </Product>
    <Product>
      <PriceUpdateDate>2018/04/24 12:22</PriceUpdateDate>
      <ItemCode>7290100924464</ItemCode>
      <ItemType>1</ItemType>
      <ItemName>כדוריות שלישייה אקנומיקה</ItemName>
      <ManufactureName>גורי שיווק בעמ</ManufactureName>
      <ManufactureCountry />
      <ManufactureItemDescription />
      <UnitQty>יח`</UnitQty>
      <Quantity>1</Quantity>
      <UnitMeasure />
      <BisWeighted>0</BisWeighted>
      <QtyInPackage>1</QtyInPackage>
      <ItemPrice>19.90</ItemPrice>
      <UnitOfMeasurePrice>19.90</UnitOfMeasurePrice>
      <AllowDiscount>1</AllowDiscount>
      <itemStatus>1</itemStatus>
      <LastUpdateDate />
      <LastUpdateTime />
    </Product>
    <Product>
      <PriceUpdateDate>2018/04/24 12:39</PriceUpdateDate>
      <ItemCode>7290100924556</ItemCode>
      <ItemType>1</ItemType>
      <ItemName>סוד רצפות 1.25 ליטר בריליאנט כחול</ItemName>
      <ManufactureName>גורי שיווק בעמ</ManufactureName>
      <ManufactureCountry />
      <ManufactureItemDescription />
      <UnitQty>יח`</UnitQty>
      <Quantity>0.0130</Quantity>
      <UnitMeasure>100 מ"ל</UnitMeasure>
      <BisWeighted>0</BisWeighted>
      <QtyInPackage>1</QtyInPackage>
      <ItemPrice>17.90</ItemPrice>
      <UnitOfMeasurePrice>1376.92</UnitOfMeasurePrice>
      <AllowDiscount>1</AllowDiscount>
      <itemStatus>1</itemStatus>
      <LastUpdateDate />
      <LastUpdateTime />
    </Product>
    <Product>
      <PriceUpdateDate>2018/04/24 12:20</PriceUpdateDate>
      <ItemCode>7290100924693</ItemCode>
      <ItemType>1</ItemType>
      <ItemName>סוד סבון מוצק כחול אקטיבי אקונומיקה</ItemName>
      <ManufactureName>גורי שיווק בעמ</ManufactureName>
      <ManufactureCountry />
      <ManufactureItemDescription />
      <UnitQty>יח`</UnitQty>
      <Quantity>1</Quantity>
      <UnitMeasure />
      <BisWeighted>0</BisWeighted>
      <QtyInPackage>1</QtyInPackage>
      <ItemPrice>8.90</ItemPrice>
      <UnitOfMeasurePrice>8.90</UnitOfMeasurePrice>
      <AllowDiscount>0</AllowDiscount>
      <itemStatus>1</itemStatus>
      <LastUpdateDate />
      <LastUpdateTime />
    </Product>
    <Product>
      <PriceUpdateDate>2018/04/24 12:44</PriceUpdateDate>
      <ItemCode>7290100925676</ItemCode>
      <ItemType>1</ItemType>
      <ItemName>דפים למניעת העברת צבע קולור קאצ`ר (20)</ItemName>
      <ManufactureName>גורי שיווק בעמ</ManufactureName>
      <ManufactureCountry />
      <ManufactureItemDescription />
      <UnitQty>יח`</UnitQty>
      <Quantity>1</Quantity>
      <UnitMeasure />
      <BisWeighted>0</BisWeighted>
      <QtyInPackage>1</QtyInPackage>
      <ItemPrice>22.90</ItemPrice>
      <UnitOfMeasurePrice>22.90</UnitOfMeasurePrice>
      <AllowDiscount>0</AllowDiscount>
      <itemStatus>1</itemStatus>
      <LastUpdateDate />
      <LastUpdateTime />
    </Product>
    <Product>
      <PriceUpdateDate>2018/04/24 12:47</PriceUpdateDate>
      <ItemCode>7290100925775</ItemCode>
      <ItemType>1</ItemType>
      <ItemName>נוזל כלים רימון ותאנים סוד (650 מל)</ItemName>
      <ManufactureName>גורי שיווק בעמ</ManufactureName>
      <ManufactureCountry />
      <ManufactureItemDescription />
      <UnitQty>יח`</UnitQty>
      <Quantity>6.50</Quantity>
      <UnitMeasure>100 מ"ל</UnitMeasure>
      <BisWeighted>0</BisWeighted>
      <QtyInPackage>1</QtyInPackage>
      <ItemPrice>6.90</ItemPrice>
      <UnitOfMeasurePrice>1.06</UnitOfMeasurePrice>
      <AllowDiscount>0</AllowDiscount>
      <itemStatus>1</itemStatus>
      <LastUpdateDate />
      <LastUpdateTime />
    </Product>
    <Product>
      <PriceUpdateDate>2018/04/24 12:47</PriceUpdateDate>
      <ItemCode>7290100925782</ItemCode>
      <ItemType>1</ItemType>
      <ItemName>סוד נוזל כלים 1.25 ליטר לימון</ItemName>
      <ManufactureName>גורי שיווק בעמ</ManufactureName>
      <ManufactureCountry />
      <ManufactureItemDescription />
      <UnitQty>יח`</UnitQty>
      <Quantity>1.25</Quantity>
      <UnitMeasure>1 ליטר</UnitMeasure>
      <BisWeighted>0</BisWeighted>
      <QtyInPackage>1</QtyInPackage>
      <ItemPrice>9.90</ItemPrice>
      <UnitOfMeasurePrice>7.92</UnitOfMeasurePrice>
      <AllowDiscount>0</AllowDiscount>
      <itemStatus>1</itemStatus>
      <LastUpdateDate />
      <LastUpdateTime />
    </Product>
    <Product>
      <PriceUpdateDate>2018/04/24 09:53</PriceUpdateDate>
      <ItemCode>7290100926109</ItemCode>
      <ItemType>1</ItemType>
      <ItemName>מרכך כביסה סוד סופט 4 ליטר</ItemName>
      <ManufactureName>גורי שיווק בעמ</ManufactureName>
      <ManufactureCountry />
      <ManufactureItemDescription />
      <UnitQty>יח`</UnitQty>
      <Quantity>40</Quantity>
      <UnitMeasure>100 מ"ל</UnitMeasure>
      <BisWeighted>0</BisWeighted>
      <QtyInPackage>1</QtyInPackage>
      <ItemPrice>17.90</ItemPrice>
      <UnitOfMeasurePrice>0.45</UnitOfMeasurePrice>
      <AllowDiscount>1</AllowDiscount>
      <itemStatus>1</itemStatus>
      <LastUpdateDate />
      <LastUpdateTime />
    </Product>
    <Product>
      <PriceUpdateDate>2018/04/24 10:57</PriceUpdateDate>
      <ItemCode>7290100928639</ItemCode>
      <ItemType>1</ItemType>
      <ItemName>נוזל רצפות סוד 2 ליטר כחול</ItemName>
      <ManufactureName>גורי שיווק בעמ</ManufactureName>
      <ManufactureCountry />
      <ManufactureItemDescription />
      <UnitQty>יח`</UnitQty>
      <Quantity>20</Quantity>
      <UnitMeasure>100 מ"ל</UnitMeasure>
      <BisWeighted>0</BisWeighted>
      <QtyInPackage>1</QtyInPackage>
      <ItemPrice>17.90</ItemPrice>
      <UnitOfMeasurePrice>0.90</UnitOfMeasurePrice>
      <AllowDiscount>0</AllowDiscount>
      <itemStatus>1</itemStatus>
      <LastUpdateDate />
      <LastUpdateTime />
    </Product>
    <Product>
      <PriceUpdateDate>2020/02/26 06:49</PriceUpdateDate>
      <ItemCode>7290101110279</ItemCode>
      <ItemType>1</ItemType>
      <ItemName>בליסימו שוקולד 1.3 ליטר פאג`ג פקאן</ItemName>
      <ManufactureName>פלקו בעמ</ManufactureName>
      <ManufactureCountry />
      <ManufactureItemDescription />
      <UnitQty>יח`</UnitQty>
      <Quantity>1.30</Quantity>
      <UnitMeasure>1 ליטר</UnitMeasure>
      <BisWeighted>0</BisWeighted>
      <QtyInPackage>1</QtyInPackage>
      <ItemPrice>17.90</ItemPrice>
      <UnitOfMeasurePrice>13.77</UnitOfMeasurePrice>
      <AllowDiscount>0</AllowDiscount>
      <itemStatus>1</itemStatus>
      <LastUpdateDate />
      <LastUpdateTime />
    </Product>
    <Product>
      <PriceUpdateDate>2018/04/24 11:45</PriceUpdateDate>
      <ItemCode>7290101110811</ItemCode>
      <ItemType>1</ItemType>
      <ItemName>מאגדת מצופה דיאט שמינייה</ItemName>
      <ManufactureName>פלקו בעמ</ManufactureName>
      <ManufactureCountry />
      <ManufactureItemDescription />
      <UnitQty>יח`</UnitQty>
      <Quantity>6.40</Quantity>
      <UnitMeasure>100 גרם</UnitMeasure>
      <BisWeighted>0</BisWeighted>
      <QtyInPackage>1</QtyInPackage>
      <ItemPrice>27</ItemPrice>
      <UnitOfMeasurePrice>4.22</UnitOfMeasurePrice>
      <AllowDiscount>0</AllowDiscount>
      <itemStatus>1</itemStatus>
      <LastUpdateDate />
      <LastUpdateTime />
    </Product>
    <Product>
      <PriceUpdateDate>2018/04/24 11:45</PriceUpdateDate>
      <ItemCode>7290101111597</ItemCode>
      <ItemType>1</ItemType>
      <ItemName>מאגדת שלגון יוגורט שישייה</ItemName>
      <ManufactureName>פלקו בעמ</ManufactureName>
      <ManufactureCountry />
      <ManufactureItemDescription />
      <UnitQty>יח`</UnitQty>
      <Quantity>1</Quantity>
      <UnitMeasure />
      <BisWeighted>0</BisWeighted>
      <QtyInPackage>1</QtyInPackage>
      <ItemPrice>20</ItemPrice>
      <UnitOfMeasurePrice>20</UnitOfMeasurePrice>
      <AllowDiscount>0</AllowDiscount>
      <itemStatus>1</itemStatus>
      <LastUpdateDate />
      <LastUpdateTime />
    </Product>
    <Product>
      <PriceUpdateDate>2020/02/26 06:49</PriceUpdateDate>
      <ItemCode>7290101112594</ItemCode>
      <ItemType>1</ItemType>
      <ItemName>בליסימו מילקשייק שוקולטה וניל 1.3</ItemName>
      <ManufactureName>פלקו בעמ</ManufactureName>
      <ManufactureCountry />
      <ManufactureItemDescription />
      <UnitQty>יח`</UnitQty>
      <Quantity>1.30</Quantity>
      <UnitMeasure>1 ליטר</UnitMeasure>
      <BisWeighted>0</BisWeighted>
      <QtyInPackage>1</QtyInPackage>
      <ItemPrice>17.90</ItemPrice>
      <UnitOfMeasurePrice>13.77</UnitOfMeasurePrice>
      <AllowDiscount>0</AllowDiscount>
      <itemStatus>1</itemStatus>
      <LastUpdateDate />
      <LastUpdateTime />
    </Product>
    <Product>
      <PriceUpdateDate>2018/04/24 13:14</PriceUpdateDate>
      <ItemCode>7290101112761</ItemCode>
      <ItemType>1</ItemType>
      <ItemName>מאגדת שלגון יוגיפרי 6 יח פרווה</ItemName>
      <ManufactureName>פלקו בעמ</ManufactureName>
      <ManufactureCountry />
      <ManufactureItemDescription />
      <UnitQty>יח`</UnitQty>
      <Quantity>1</Quantity>
      <UnitMeasure />
      <BisWeighted>0</BisWeighted>
      <QtyInPackage>1</QtyInPackage>
      <ItemPrice>20</ItemPrice>
      <UnitOfMeasurePrice>20</UnitOfMeasurePrice>
      <AllowDiscount>0</AllowDiscount>
      <itemStatus>1</itemStatus>
      <LastUpdateDate />
      <LastUpdateTime />
    </Product>
    <Product>
      <PriceUpdateDate>2018/05/08 10:15</PriceUpdateDate>
      <ItemCode>7290101112983</ItemCode>
      <ItemType>1</ItemType>
      <ItemName>מאגדת גרניטה אפרסק 6 יח</ItemName>
      <ManufactureName>פלקו בעמ</ManufactureName>
      <ManufactureCountry />
      <ManufactureItemDescription />
      <UnitQty>יח`</UnitQty>
      <Quantity>1</Quantity>
      <UnitMeasure />
      <BisWeighted>0</BisWeighted>
      <QtyInPackage>1</QtyInPackage>
      <ItemPrice>19.90</ItemPrice>
      <UnitOfMeasurePrice>19.90</UnitOfMeasurePrice>
      <AllowDiscount>0</AllowDiscount>
      <itemStatus>1</itemStatus>
      <LastUpdateDate />
      <LastUpdateTime />
    </Product>
    <Product>
      <PriceUpdateDate>2019/04/17 16:13</PriceUpdateDate>
      <ItemCode>7290101113102</ItemCode>
      <ItemType>1</ItemType>
      <ItemName>מאגדת שייק פרי תות ואננס חמישייה</ItemName>
      <ManufactureName>פלקו בעמ</ManufactureName>
      <ManufactureCountry />
      <ManufactureItemDescription />
      <UnitQty>יח`</UnitQty>
      <Quantity>1</Quantity>
      <UnitMeasure />
      <BisWeighted>0</BisWeighted>
      <QtyInPackage>1</QtyInPackage>
      <ItemPrice>19.90</ItemPrice>
      <UnitOfMeasurePrice>19.90</UnitOfMeasurePrice>
      <AllowDiscount>0</AllowDiscount>
      <itemStatus>1</itemStatus>
      <LastUpdateDate />
      <LastUpdateTime />
    </Product>
    <Product>
      <PriceUpdateDate>2019/04/17 16:11</PriceUpdateDate>
      <ItemCode>7290101113119</ItemCode>
      <ItemType>1</ItemType>
      <ItemName>מאגדת שייק פרי מנגו פסיפלורה חמישייה</ItemName>
      <ManufactureName>פלקו בעמ</ManufactureName>
      <ManufactureCountry />
      <ManufactureItemDescription />
      <UnitQty>יח`</UnitQty>
      <Quantity>1</Quantity>
      <UnitMeasure />
      <BisWeighted>0</BisWeighted>
      <QtyInPackage>1</QtyInPackage>
      <ItemPrice>19.90</ItemPrice>
      <UnitOfMeasurePrice>19.90</UnitOfMeasurePrice>
      <AllowDiscount>0</AllowDiscount>
      <itemStatus>1</itemStatus>
      <LastUpdateDate />
      <LastUpdateTime />
    </Product>
    <Product>
      <PriceUpdateDate>2019/07/09 08:07</PriceUpdateDate>
      <ItemCode>7290101113157</ItemCode>
      <ItemType>1</ItemType>
      <ItemName>מאגדת גלידל חלבי וניל 6 יח פלדמן</ItemName>
      <ManufactureName>פלקו בעמ</ManufactureName>
      <ManufactureCountry />
      <ManufactureItemDescription />
      <UnitQty>יח`</UnitQty>
      <Quantity>1</Quantity>
      <UnitMeasure />
      <BisWeighted>0</BisWeighted>
      <QtyInPackage>1</QtyInPackage>
      <ItemPrice>24.90</ItemPrice>
      <UnitOfMeasurePrice>24.90</UnitOfMeasurePrice>
      <AllowDiscount>0</AllowDiscount>
      <itemStatus>1</itemStatus>
      <LastUpdateDate />
      <LastUpdateTime />
    </Product>
    <Product>
      <PriceUpdateDate>2020/04/03 10:05</PriceUpdateDate>
      <ItemCode>7290101113201</ItemCode>
      <ItemType>1</ItemType>
      <ItemName>מאגדת גרניטה לימונדה 6 יח</ItemName>
      <ManufactureName>פלקו בעמ</ManufactureName>
      <ManufactureCountry />
      <ManufactureItemDescription />
      <UnitQty>יח`</UnitQty>
      <Quantity>1</Quantity>
      <UnitMeasure />
      <BisWeighted>0</BisWeighted>
      <QtyInPackage>1</QtyInPackage>
      <ItemPrice>16.90</ItemPrice>
      <UnitOfMeasurePrice>16.90</UnitOfMeasurePrice>
      <AllowDiscount>0</AllowDiscount>
      <itemStatus>1</itemStatus>
      <LastUpdateDate />
      <LastUpdateTime />
    </Product>
    <Product>
      <PriceUpdateDate>2019/04/29 20:11</PriceUpdateDate>
      <ItemCode>7290101412946</ItemCode>
      <ItemType>1</ItemType>
      <ItemName>מנגל נירוסטה גדול על רגל</ItemName>
      <ManufactureName>אוהב ציון בעמ (מבצעים)</ManufactureName>
      <ManufactureCountry />
      <ManufactureItemDescription />
      <UnitQty>יח`</UnitQty>
      <Quantity>1</Quantity>
      <UnitMeasure />
      <BisWeighted>0</BisWeighted>
      <QtyInPackage>1</QtyInPackage>
      <ItemPrice>79.90</ItemPrice>
      <UnitOfMeasurePrice>79.90</UnitOfMeasurePrice>
      <AllowDiscount>0</AllowDiscount>
      <itemStatus>1</itemStatus>
      <LastUpdateDate />
      <LastUpdateTime />
    </Product>
    <Product>
      <PriceUpdateDate>2018/04/24 09:34</PriceUpdateDate>
      <ItemCode>7290101451105</ItemCode>
      <ItemType>1</ItemType>
      <ItemName>נר מטה כוכבים</ItemName>
      <ManufactureName>שמחה זה אנחנו בעמ</ManufactureName>
      <ManufactureCountry />
      <ManufactureItemDescription />
      <UnitQty>יח`</UnitQty>
      <Quantity>1</Quantity>
      <UnitMeasure />
      <BisWeighted>0</BisWeighted>
      <QtyInPackage>1</QtyInPackage>
      <ItemPrice>5.90</ItemPrice>
      <UnitOfMeasurePrice>5.90</UnitOfMeasurePrice>
      <AllowDiscount>0</AllowDiscount>
      <itemStatus>1</itemStatus>
      <LastUpdateDate />
      <LastUpdateTime />
    </Product>
    <Product>
      <PriceUpdateDate>2018/04/24 13:09</PriceUpdateDate>
      <ItemCode>7290101455264</ItemCode>
      <ItemType>1</ItemType>
      <ItemName>בקבוק שתייה דגם  שקוף-700  מל-מפרץ ההרפ</ItemName>
      <ManufactureName>שמחה זה אנחנו בעמ</ManufactureName>
      <ManufactureCountry />
      <ManufactureItemDescription />
      <UnitQty>יח`</UnitQty>
      <Quantity>1</Quantity>
      <UnitMeasure />
      <BisWeighted>0</BisWeighted>
      <QtyInPackage>1</QtyInPackage>
      <ItemPrice>24.90</ItemPrice>
      <UnitOfMeasurePrice>24.90</UnitOfMeasurePrice>
      <AllowDiscount>0</AllowDiscount>
      <itemStatus>1</itemStatus>
      <LastUpdateDate />
      <LastUpdateTime />
    </Product>
    <Product>
      <PriceUpdateDate>2019/01/15 19:58</PriceUpdateDate>
      <ItemCode>7290101551027</ItemCode>
      <ItemType>1</ItemType>
      <ItemName>קפסולות 14 למכונות נספרו עלית (10)</ItemName>
      <ManufactureName>שטראוס גרופ בעמ</ManufactureName>
      <ManufactureCountry />
      <ManufactureItemDescription />
      <UnitQty>יח`</UnitQty>
      <Quantity>0.50</Quantity>
      <UnitMeasure>100 גרם</UnitMeasure>
      <BisWeighted>0</BisWeighted>
      <QtyInPackage>1</QtyInPackage>
      <ItemPrice>16.90</ItemPrice>
      <UnitOfMeasurePrice>33.80</UnitOfMeasurePrice>
      <AllowDiscount>1</AllowDiscount>
      <itemStatus>1</itemStatus>
      <LastUpdateDate />
      <LastUpdateTime />
    </Product>
    <Product>
      <PriceUpdateDate>2018/10/07 13:01</PriceUpdateDate>
      <ItemCode>7290101551263</ItemCode>
      <ItemType>1</ItemType>
      <ItemName>סילאן טבעי 700 גר` יד מרדכי</ItemName>
      <ManufactureName>שטראוס גרופ בעמ</ManufactureName>
      <ManufactureCountry />
      <ManufactureItemDescription />
      <UnitQty>יח`</UnitQty>
      <Quantity>7</Quantity>
      <UnitMeasure>100 גרם</UnitMeasure>
      <BisWeighted>0</BisWeighted>
      <QtyInPackage>1</QtyInPackage>
      <ItemPrice>21.90</ItemPrice>
      <UnitOfMeasurePrice>3.13</UnitOfMeasurePrice>
      <AllowDiscount>0</AllowDiscount>
      <itemStatus>1</itemStatus>
      <LastUpdateDate />
      <LastUpdateTime />
    </Product>
    <Product>
      <PriceUpdateDate>2018/10/07 13:01</PriceUpdateDate>
      <ItemCode>7290101551300</ItemCode>
      <ItemType>1</ItemType>
      <ItemName>סילאן טבעי לחיץ 380  גר`יד מרדכי</ItemName>
      <ManufactureName>שטראוס גרופ בעמ</ManufactureName>
      <ManufactureCountry />
      <ManufactureItemDescription />
      <UnitQty>יח`</UnitQty>
      <Quantity>3.80</Quantity>
      <UnitMeasure>100 גרם</UnitMeasure>
      <BisWeighted>0</BisWeighted>
      <QtyInPackage>1</QtyInPackage>
      <ItemPrice>14.90</ItemPrice>
      <UnitOfMeasurePrice>3.92</UnitOfMeasurePrice>
      <AllowDiscount>0</AllowDiscount>
      <itemStatus>1</itemStatus>
      <LastUpdateDate />
      <LastUpdateTime />
    </Product>
    <Product>
      <PriceUpdateDate>2018/10/09 08:33</PriceUpdateDate>
      <ItemCode>7290101551539</ItemCode>
      <ItemType>1</ItemType>
      <ItemName>דנונה פרו 20 גר` אפרסק</ItemName>
      <ManufactureName>שטראוס גרופ בעמ/מצונן</ManufactureName>
      <ManufactureCountry />
      <ManufactureItemDescription />
      <UnitQty>יח`</UnitQty>
      <Quantity>2</Quantity>
      <UnitMeasure>100 גרם</UnitMeasure>
      <BisWeighted>0</BisWeighted>
      <QtyInPackage>1</QtyInPackage>
      <ItemPrice>5.90</ItemPrice>
      <UnitOfMeasurePrice>2.95</UnitOfMeasurePrice>
      <AllowDiscount>0</AllowDiscount>
      <itemStatus>1</itemStatus>
      <LastUpdateDate />
      <LastUpdateTime />
    </Product>
    <Product>
      <PriceUpdateDate>2018/10/11 13:10</PriceUpdateDate>
      <ItemCode>7290101551584</ItemCode>
      <ItemType>1</ItemType>
      <ItemName>חטיף צ`יפס קידס תפוצ`יפס (10*20)</ItemName>
      <ManufactureName>שטראוס פריטו ליי בעמ</ManufactureName>
      <ManufactureCountry />
      <ManufactureItemDescription />
      <UnitQty>יח`</UnitQty>
      <Quantity>2</Quantity>
      <UnitMeasure>100 גרם</UnitMeasure>
      <BisWeighted>0</BisWeighted>
      <QtyInPackage>1</QtyInPackage>
      <ItemPrice>12.90</ItemPrice>
      <UnitOfMeasurePrice>6.45</UnitOfMeasurePrice>
      <AllowDiscount>0</AllowDiscount>
      <itemStatus>1</itemStatus>
      <LastUpdateDate />
      <LastUpdateTime />
    </Product>
    <Product>
      <PriceUpdateDate>2018/10/11 13:10</PriceUpdateDate>
      <ItemCode>7290101551607</ItemCode>
      <ItemType>1</ItemType>
      <ItemName>שוש אפוי חטיף בוטנים עלית (25X10)</ItemName>
      <ManufactureName>שטראוס פריטו ליי בעמ</ManufactureName>
      <ManufactureCountry />
      <ManufactureItemDescription />
      <UnitQty>יח`</UnitQty>
      <Quantity>2.50</Quantity>
      <UnitMeasure>100 גרם</UnitMeasure>
      <BisWeighted>0</BisWeighted>
      <QtyInPackage>1</QtyInPackage>
      <ItemPrice>12.90</ItemPrice>
      <UnitOfMeasurePrice>5.16</UnitOfMeasurePrice>
      <AllowDiscount>0</AllowDiscount>
      <itemStatus>1</itemStatus>
      <LastUpdateDate />
      <LastUpdateTime />
    </Product>
    <Product>
      <PriceUpdateDate>2018/10/11 13:10</PriceUpdateDate>
      <ItemCode>7290101551614</ItemCode>
      <ItemType>1</ItemType>
      <ItemName>מארז צ`יטוס קראנצ` גבינה</ItemName>
      <ManufactureName>שטראוס פריטו ליי בעמ</ManufactureName>
      <ManufactureCountry />
      <ManufactureItemDescription />
      <UnitQty>יח`</UnitQty>
      <Quantity>2.40</Quantity>
      <UnitMeasure>100 גרם</UnitMeasure>
      <BisWeighted>0</BisWeighted>
      <QtyInPackage>1</QtyInPackage>
      <ItemPrice>13.90</ItemPrice>
      <UnitOfMeasurePrice>5.79</UnitOfMeasurePrice>
      <AllowDiscount>0</AllowDiscount>
      <itemStatus>1</itemStatus>
      <LastUpdateDate />
      <LastUpdateTime />
    </Product>
    <Product>
      <PriceUpdateDate>2018/10/07 13:01</PriceUpdateDate>
      <ItemCode>7290101551621</ItemCode>
      <ItemType>1</ItemType>
      <ItemName>מארז ציטוס דולפינים עשרייה עלית</ItemName>
      <ManufactureName>שטראוס פריטו ליי בעמ</ManufactureName>
      <ManufactureCountry />
      <ManufactureItemDescription />
      <UnitQty>יח`</UnitQty>
      <Quantity>2</Quantity>
      <UnitMeasure>100 גרם</UnitMeasure>
      <BisWeighted>0</BisWeighted>
      <QtyInPackage>1</QtyInPackage>
      <ItemPrice>12.90</ItemPrice>
      <UnitOfMeasurePrice>6.45</UnitOfMeasurePrice>
      <AllowDiscount>0</AllowDiscount>
      <itemStatus>1</itemStatus>
      <LastUpdateDate />
      <LastUpdateTime />
    </Product>
    <Product>
      <PriceUpdateDate>2018/10/10 15:11</PriceUpdateDate>
      <ItemCode>7290101551638</ItemCode>
      <ItemType>1</ItemType>
      <ItemName>מארז צ`יטוס כאפה עשירייה עלית</ItemName>
      <ManufactureName>שטראוס פריטו ליי בעמ</ManufactureName>
      <ManufactureCountry />
      <ManufactureItemDescription />
      <UnitQty>יח`</UnitQty>
      <Quantity>2</Quantity>
      <UnitMeasure>100 גרם</UnitMeasure>
      <BisWeighted>0</BisWeighted>
      <QtyInPackage>1</QtyInPackage>
      <ItemPrice>12.90</ItemPrice>
      <UnitOfMeasurePrice>6.45</UnitOfMeasurePrice>
      <AllowDiscount>0</AllowDiscount>
      <itemStatus>1</itemStatus>
      <LastUpdateDate />
      <LastUpdateTime />
    </Product>
    <Product>
      <PriceUpdateDate>2018/10/11 13:10</PriceUpdateDate>
      <ItemCode>7290101551645</ItemCode>
      <ItemType>1</ItemType>
      <ItemName>מארז צ`יטוס איקס עיגול</ItemName>
      <ManufactureName>שטראוס פריטו ליי בעמ</ManufactureName>
      <ManufactureCountry />
      <ManufactureItemDescription />
      <UnitQty>יח`</UnitQty>
      <Quantity>2</Quantity>
      <UnitMeasure>100 גרם</UnitMeasure>
      <BisWeighted>0</BisWeighted>
      <QtyInPackage>1</QtyInPackage>
      <ItemPrice>12.90</ItemPrice>
      <UnitOfMeasurePrice>6.45</UnitOfMeasurePrice>
      <AllowDiscount>0</AllowDiscount>
      <itemStatus>1</itemStatus>
      <LastUpdateDate />
      <LastUpdateTime />
    </Product>
    <Product>
      <PriceUpdateDate>2018/12/19 10:44</PriceUpdateDate>
      <ItemCode>7290101557609</ItemCode>
      <ItemType>1</ItemType>
      <ItemName>דניאלה מעדן בטעם מנגו שטראוס (88 גרם)</ItemName>
      <ManufactureName>שטראוס גרופ בעמ/מצונן</ManufactureName>
      <ManufactureCountry />
      <ManufactureItemDescription />
      <UnitQty>יח`</UnitQty>
      <Quantity>0.88</Quantity>
      <UnitMeasure>100 מ"ל</UnitMeasure>
      <BisWeighted>0</BisWeighted>
      <QtyInPackage>1</QtyInPackage>
      <ItemPrice>4</ItemPrice>
      <UnitOfMeasurePrice>4.55</UnitOfMeasurePrice>
      <AllowDiscount>0</AllowDiscount>
      <itemStatus>1</itemStatus>
      <LastUpdateDate />
      <LastUpdateTime />
    </Product>
    <Product>
      <PriceUpdateDate>2020/01/27 14:42</PriceUpdateDate>
      <ItemCode>7290101860914</ItemCode>
      <ItemType>1</ItemType>
      <ItemName>קולון 101 אבקת כביסה 6 קג</ItemName>
      <ManufactureName>רקיט בנקיזר (ניר איסט) בעמ</ManufactureName>
      <ManufactureCountry />
      <ManufactureItemDescription />
      <UnitQty>יח`</UnitQty>
      <Quantity>6</Quantity>
      <UnitMeasure>ק"ג</UnitMeasure>
      <BisWeighted>0</BisWeighted>
      <QtyInPackage>1</QtyInPackage>
      <ItemPrice>34.90</ItemPrice>
      <UnitOfMeasurePrice>5.82</UnitOfMeasurePrice>
      <AllowDiscount>0</AllowDiscount>
      <itemStatus>1</itemStatus>
      <LastUpdateDate />
      <LastUpdateTime />
    </Product>
    <Product>
      <PriceUpdateDate>2020/03/01 17:57</PriceUpdateDate>
      <ItemCode>7290101863410</ItemCode>
      <ItemType>1</ItemType>
      <ItemName>סיליט באנג אקונומיקה 750 מל</ItemName>
      <ManufactureName>רקיט בנקיזר (ניר איסט) בעמ</ManufactureName>
      <ManufactureCountry />
      <ManufactureItemDescription />
      <UnitQty>יח`</UnitQty>
      <Quantity>7.50</Quantity>
      <UnitMeasure>100 מ"ל</UnitMeasure>
      <BisWeighted>0</BisWeighted>
      <QtyInPackage>1</QtyInPackage>
      <ItemPrice>9.90</ItemPrice>
      <UnitOfMeasurePrice>1.32</UnitOfMeasurePrice>
      <AllowDiscount>0</AllowDiscount>
      <itemStatus>1</itemStatus>
      <LastUpdateDate />
      <LastUpdateTime />
    </Product>
    <Product>
      <PriceUpdateDate>2019/01/30 09:36</PriceUpdateDate>
      <ItemCode>7290101864127</ItemCode>
      <ItemType>1</ItemType>
      <ItemName>ספריי להסרת כתמים וניש קליה (750 מל)</ItemName>
      <ManufactureName>רקיט בנקיזר (ניר איסט) בעמ</ManufactureName>
      <ManufactureCountry />
      <ManufactureItemDescription />
      <UnitQty>יח`</UnitQty>
      <Quantity>7.50</Quantity>
      <UnitMeasure>100 מ"ל</UnitMeasure>
      <BisWeighted>0</BisWeighted>
      <QtyInPackage>1</QtyInPackage>
      <ItemPrice>18.90</ItemPrice>
      <UnitOfMeasurePrice>2.52</UnitOfMeasurePrice>
      <AllowDiscount>1</AllowDiscount>
      <itemStatus>1</itemStatus>
      <LastUpdateDate />
      <LastUpdateTime />
    </Product>
    <Product>
      <PriceUpdateDate>2018/04/24 10:39</PriceUpdateDate>
      <ItemCode>7290101865261</ItemCode>
      <ItemType>1</ItemType>
      <ItemName>נוזל הברקה למדיח כלים פיניש (800 מל)</ItemName>
      <ManufactureName>רקיט בנקיזר (ניר איסט) בעמ</ManufactureName>
      <ManufactureCountry />
      <ManufactureItemDescription />
      <UnitQty>יח`</UnitQty>
      <Quantity>8</Quantity>
      <UnitMeasure>100 מ"ל</UnitMeasure>
      <BisWeighted>0</BisWeighted>
      <QtyInPackage>1</QtyInPackage>
      <ItemPrice>30.90</ItemPrice>
      <UnitOfMeasurePrice>3.86</UnitOfMeasurePrice>
      <AllowDiscount>1</AllowDiscount>
      <itemStatus>1</itemStatus>
      <LastUpdateDate />
      <LastUpdateTime />
    </Product>
    <Product>
      <PriceUpdateDate>2018/08/05 11:28</PriceUpdateDate>
      <ItemCode>7290101866633</ItemCode>
      <ItemType>1</ItemType>
      <ItemName>ג`ל להסרת כתמים וניש קליה (3 ליטר)</ItemName>
      <ManufactureName>רקיט בנקיזר (ניר איסט) בעמ</ManufactureName>
      <ManufactureCountry />
      <ManufactureItemDescription />
      <UnitQty>יח`</UnitQty>
      <Quantity>3</Quantity>
      <UnitMeasure>1 ליטר</UnitMeasure>
      <BisWeighted>0</BisWeighted>
      <QtyInPackage>1</QtyInPackage>
      <ItemPrice>39.90</ItemPrice>
      <UnitOfMeasurePrice>13.30</UnitOfMeasurePrice>
      <AllowDiscount>1</AllowDiscount>
      <itemStatus>1</itemStatus>
      <LastUpdateDate />
      <LastUpdateTime />
    </Product>
    <Product>
      <PriceUpdateDate>2019/11/24 09:31</PriceUpdateDate>
      <ItemCode>7290101868460</ItemCode>
      <ItemType>1</ItemType>
      <ItemName>קולון 8 קג`</ItemName>
      <ManufactureName>רקיט בנקיזר (ניר איסט) בעמ</ManufactureName>
      <ManufactureCountry />
      <ManufactureItemDescription />
      <UnitQty>יח`</UnitQty>
      <Quantity>8</Quantity>
      <UnitMeasure>ק"ג</UnitMeasure>
      <BisWeighted>0</BisWeighted>
      <QtyInPackage>1</QtyInPackage>
      <ItemPrice>42.90</ItemPrice>
      <UnitOfMeasurePrice>5.36</UnitOfMeasurePrice>
      <AllowDiscount>0</AllowDiscount>
      <itemStatus>1</itemStatus>
      <LastUpdateDate />
      <LastUpdateTime />
    </Product>
    <Product>
      <PriceUpdateDate>2018/04/24 12:28</PriceUpdateDate>
      <ItemCode>7290101868958</ItemCode>
      <ItemType>1</ItemType>
      <ItemName>פיניש נוזל הברקה 800 מל לימון</ItemName>
      <ManufactureName>רקיט בנקיזר (ניר איסט) בעמ</ManufactureName>
      <ManufactureCountry />
      <ManufactureItemDescription />
      <UnitQty>יח`</UnitQty>
      <Quantity>8</Quantity>
      <UnitMeasure>100 מ"ל</UnitMeasure>
      <BisWeighted>0</BisWeighted>
      <QtyInPackage>1</QtyInPackage>
      <ItemPrice>30.90</ItemPrice>
      <UnitOfMeasurePrice>3.86</UnitOfMeasurePrice>
      <AllowDiscount>1</AllowDiscount>
      <itemStatus>1</itemStatus>
      <LastUpdateDate />
      <LastUpdateTime />
    </Product>
    <Product>
      <PriceUpdateDate>2018/04/24 12:23</PriceUpdateDate>
      <ItemCode>7290101869702</ItemCode>
      <ItemType>1</ItemType>
      <ItemName>ג`ל למדיח כלים All in 1 פיניש (600 מל)</ItemName>
      <ManufactureName>רקיט בנקיזר (ניר איסט) בעמ</ManufactureName>
      <ManufactureCountry />
      <ManufactureItemDescription />
      <UnitQty>יח`</UnitQty>
      <Quantity>6</Quantity>
      <UnitMeasure>100 מ"ל</UnitMeasure>
      <BisWeighted>0</BisWeighted>
      <QtyInPackage>1</QtyInPackage>
      <ItemPrice>34.90</ItemPrice>
      <UnitOfMeasurePrice>5.82</UnitOfMeasurePrice>
      <AllowDiscount>1</AllowDiscount>
      <itemStatus>1</itemStatus>
      <LastUpdateDate />
      <LastUpdateTime />
    </Product>
    <Product>
      <PriceUpdateDate>2018/04/24 12:23</PriceUpdateDate>
      <ItemCode>7290101869726</ItemCode>
      <ItemType>1</ItemType>
      <ItemName>ג`ל למדיח כלים All in 1 פיניש (1 ליטר)</ItemName>
      <ManufactureName>רקיט בנקיזר (ניר איסט) בעמ</ManufactureName>
      <ManufactureCountry />
      <ManufactureItemDescription />
      <UnitQty>יח`</UnitQty>
      <Quantity>10</Quantity>
      <UnitMeasure>100 מ"ל</UnitMeasure>
      <BisWeighted>0</BisWeighted>
      <QtyInPackage>1</QtyInPackage>
      <ItemPrice>44.90</ItemPrice>
      <UnitOfMeasurePrice>4.49</UnitOfMeasurePrice>
      <AllowDiscount>1</AllowDiscount>
      <itemStatus>1</itemStatus>
      <LastUpdateDate />
      <LastUpdateTime />
    </Product>
    <Product>
      <PriceUpdateDate>2018/04/24 12:23</PriceUpdateDate>
      <ItemCode>7290101869733</ItemCode>
      <ItemType>1</ItemType>
      <ItemName>פיניש ג`ל 1 ליטר AIO</ItemName>
      <ManufactureName>רקיט בנקיזר (ניר איסט) בעמ</ManufactureName>
      <ManufactureCountry />
      <ManufactureItemDescription />
      <UnitQty>יח`</UnitQty>
      <Quantity>10</Quantity>
      <UnitMeasure>100 מ"ל</UnitMeasure>
      <BisWeighted>0</BisWeighted>
      <QtyInPackage>1</QtyInPackage>
      <ItemPrice>44.90</ItemPrice>
      <UnitOfMeasurePrice>4.49</UnitOfMeasurePrice>
      <AllowDiscount>1</AllowDiscount>
      <itemStatus>1</itemStatus>
      <LastUpdateDate />
      <LastUpdateTime />
    </Product>
    <Product>
      <PriceUpdateDate>2018/04/24 12:30</PriceUpdateDate>
      <ItemCode>7290101869757</ItemCode>
      <ItemType>1</ItemType>
      <ItemName>מבשם אויר אוטומטי חלום אואזיס</ItemName>
      <ManufactureName>רקיט בנקיזר (ניר איסט) בעמ</ManufactureName>
      <ManufactureCountry />
      <ManufactureItemDescription />
      <UnitQty>יח`</UnitQty>
      <Quantity>1</Quantity>
      <UnitMeasure />
      <BisWeighted>0</BisWeighted>
      <QtyInPackage>1</QtyInPackage>
      <ItemPrice>54.90</ItemPrice>
      <UnitOfMeasurePrice>54.90</UnitOfMeasurePrice>
      <AllowDiscount>1</AllowDiscount>
      <itemStatus>1</itemStatus>
      <LastUpdateDate />
      <LastUpdateTime />
    </Product>
    <Product>
      <PriceUpdateDate>2018/04/24 12:30</PriceUpdateDate>
      <ItemCode>7290101869962</ItemCode>
      <ItemType>1</ItemType>
      <ItemName>מקלות ריחניים חלום ליל קיץ איירוויק</ItemName>
      <ManufactureName>רקיט בנקיזר (ניר איסט) בעמ</ManufactureName>
      <ManufactureCountry />
      <ManufactureItemDescription />
      <UnitQty>יח`</UnitQty>
      <Quantity>1</Quantity>
      <UnitMeasure />
      <BisWeighted>0</BisWeighted>
      <QtyInPackage>1</QtyInPackage>
      <ItemPrice>24.90</ItemPrice>
      <UnitOfMeasurePrice>24.90</UnitOfMeasurePrice>
      <AllowDiscount>1</AllowDiscount>
      <itemStatus>1</itemStatus>
      <LastUpdateDate />
      <LastUpdateTime />
    </Product>
    <Product>
      <PriceUpdateDate>2018/04/24 12:09</PriceUpdateDate>
      <ItemCode>7290101999591</ItemCode>
      <ItemType>1</ItemType>
      <ItemName>נרות ג`מבו  כוכבים- מיקי</ItemName>
      <ManufactureName>שמחה זה אנחנו בעמ</ManufactureName>
      <ManufactureCountry />
      <ManufactureItemDescription />
      <UnitQty>יח`</UnitQty>
      <Quantity>1</Quantity>
      <UnitMeasure />
      <BisWeighted>0</BisWeighted>
      <QtyInPackage>1</QtyInPackage>
      <ItemPrice>6.90</ItemPrice>
      <UnitOfMeasurePrice>6.90</UnitOfMeasurePrice>
      <AllowDiscount>0</AllowDiscount>
      <itemStatus>1</itemStatus>
      <LastUpdateDate />
      <LastUpdateTime />
    </Product>
    <Product>
      <PriceUpdateDate>2018/08/05 11:28</PriceUpdateDate>
      <ItemCode>7290102030330</ItemCode>
      <ItemType>1</ItemType>
      <ItemName>תפוצ`יפס 200 גר` קראנץ` מקסיקני</ItemName>
      <ManufactureName>שטראוס פריטו ליי בעמ</ManufactureName>
      <ManufactureCountry />
      <ManufactureItemDescription />
      <UnitQty>יח`</UnitQty>
      <Quantity>2</Quantity>
      <UnitMeasure>100 גרם</UnitMeasure>
      <BisWeighted>0</BisWeighted>
      <QtyInPackage>1</QtyInPackage>
      <ItemPrice>10.90</ItemPrice>
      <UnitOfMeasurePrice>5.45</UnitOfMeasurePrice>
      <AllowDiscount>1</AllowDiscount>
      <itemStatus>1</itemStatus>
      <LastUpdateDate />
      <LastUpdateTime />
    </Product>
    <Product>
      <PriceUpdateDate>2019/09/03 12:32</PriceUpdateDate>
      <ItemCode>7290102031276</ItemCode>
      <ItemType>1</ItemType>
      <ItemName>שמיניית אקטימל תות בננה</ItemName>
      <ManufactureName>שטראוס גרופ בעמ/מצונן</ManufactureName>
      <ManufactureCountry />
      <ManufactureItemDescription />
      <UnitQty>יח`</UnitQty>
      <Quantity>8</Quantity>
      <UnitMeasure>100 מ"ל</UnitMeasure>
      <BisWeighted>0</BisWeighted>
      <QtyInPackage>1</QtyInPackage>
      <ItemPrice>19.90</ItemPrice>
      <UnitOfMeasurePrice>2.49</UnitOfMeasurePrice>
      <AllowDiscount>0</AllowDiscount>
      <itemStatus>1</itemStatus>
      <LastUpdateDate />
      <LastUpdateTime />
    </Product>
    <Product>
      <PriceUpdateDate>2019/01/07 10:57</PriceUpdateDate>
      <ItemCode>7290102035007</ItemCode>
      <ItemType>1</ItemType>
      <ItemName>מסטיק ללא סוכר קלאסי בזוקה (28 גרם)</ItemName>
      <ManufactureName>שטראוס גרופ בעמ</ManufactureName>
      <ManufactureCountry />
      <ManufactureItemDescription />
      <UnitQty>יח`</UnitQty>
      <Quantity>0.28</Quantity>
      <UnitMeasure>100 גרם</UnitMeasure>
      <BisWeighted>0</BisWeighted>
      <QtyInPackage>1</QtyInPackage>
      <ItemPrice>4.90</ItemPrice>
      <UnitOfMeasurePrice>17.50</UnitOfMeasurePrice>
      <AllowDiscount>0</AllowDiscount>
      <itemStatus>1</itemStatus>
      <LastUpdateDate />
      <LastUpdateTime />
    </Product>
    <Product>
      <PriceUpdateDate>2018/04/24 11:02</PriceUpdateDate>
      <ItemCode>7290102035151</ItemCode>
      <ItemType>1</ItemType>
      <ItemName>אקטיביה %150 1.5</ItemName>
      <ManufactureName>שטראוס גרופ בעמ/מצונן</ManufactureName>
      <ManufactureCountry />
      <ManufactureItemDescription />
      <UnitQty>יח`</UnitQty>
      <Quantity>1.50</Quantity>
      <UnitMeasure>100 מ"ל</UnitMeasure>
      <BisWeighted>0</BisWeighted>
      <QtyInPackage>1</QtyInPackage>
      <ItemPrice>3.70</ItemPrice>
      <UnitOfMeasurePrice>2.47</UnitOfMeasurePrice>
      <AllowDiscount>0</AllowDiscount>
      <itemStatus>1</itemStatus>
      <LastUpdateDate />
      <LastUpdateTime />
    </Product>
    <Product>
      <PriceUpdateDate>2019/01/07 10:57</PriceUpdateDate>
      <ItemCode>7290102060979</ItemCode>
      <ItemType>1</ItemType>
      <ItemName>משחת שיניים אלמקס (100 מל)</ItemName>
      <ManufactureName>ש.שסטוביץ בעמ</ManufactureName>
      <ManufactureCountry />
      <ManufactureItemDescription />
      <UnitQty>יח`</UnitQty>
      <Quantity>1</Quantity>
      <UnitMeasure>100 גרם</UnitMeasure>
      <BisWeighted>0</BisWeighted>
      <QtyInPackage>1</QtyInPackage>
      <ItemPrice>18.90</ItemPrice>
      <UnitOfMeasurePrice>18.90</UnitOfMeasurePrice>
      <AllowDiscount>0</AllowDiscount>
      <itemStatus>1</itemStatus>
      <LastUpdateDate />
      <LastUpdateTime />
    </Product>
    <Product>
      <PriceUpdateDate>2018/04/24 12:33</PriceUpdateDate>
      <ItemCode>7290102300815</ItemCode>
      <ItemType>1</ItemType>
      <ItemName>גבינת צ`דר אנגלית כתומה פרוס 200גר</ItemName>
      <ManufactureName>נטו מלינדה סחר בעמ</ManufactureName>
      <ManufactureCountry />
      <ManufactureItemDescription />
      <UnitQty>יח`</UnitQty>
      <Quantity>2</Quantity>
      <UnitMeasure>100 גרם</UnitMeasure>
      <BisWeighted>0</BisWeighted>
      <QtyInPackage>1</QtyInPackage>
      <ItemPrice>22.70</ItemPrice>
      <UnitOfMeasurePrice>11.35</UnitOfMeasurePrice>
      <AllowDiscount>1</AllowDiscount>
      <itemStatus>1</itemStatus>
      <LastUpdateDate />
      <LastUpdateTime />
    </Product>
    <Product>
      <PriceUpdateDate>2018/06/14 09:12</PriceUpdateDate>
      <ItemCode>7290102300853</ItemCode>
      <ItemType>1</ItemType>
      <ItemName>צדר לבן פרוס 200 גר`</ItemName>
      <ManufactureName>נטו מלינדה סחר בעמ</ManufactureName>
      <ManufactureCountry />
      <ManufactureItemDescription />
      <UnitQty>יח`</UnitQty>
      <Quantity>2</Quantity>
      <UnitMeasure>100 גרם</UnitMeasure>
      <BisWeighted>0</BisWeighted>
      <QtyInPackage>1</QtyInPackage>
      <ItemPrice>19.90</ItemPrice>
      <UnitOfMeasurePrice>9.95</UnitOfMeasurePrice>
      <AllowDiscount>1</AllowDiscount>
      <itemStatus>1</itemStatus>
      <LastUpdateDate />
      <LastUpdateTime />
    </Product>
    <Product>
      <PriceUpdateDate>2019/11/13 12:09</PriceUpdateDate>
      <ItemCode>7290102302857</ItemCode>
      <ItemType>1</ItemType>
      <ItemName>גבינה גאודה עגבניות וזיתים 200 גר`</ItemName>
      <ManufactureName>נטו מלינדה סחר בעמ</ManufactureName>
      <ManufactureCountry />
      <ManufactureItemDescription />
      <UnitQty>יח`</UnitQty>
      <Quantity>2</Quantity>
      <UnitMeasure>100 גרם</UnitMeasure>
      <BisWeighted>0</BisWeighted>
      <QtyInPackage>1</QtyInPackage>
      <ItemPrice>29.90</ItemPrice>
      <UnitOfMeasurePrice>14.95</UnitOfMeasurePrice>
      <AllowDiscount>1</AllowDiscount>
      <itemStatus>1</itemStatus>
      <LastUpdateDate />
      <LastUpdateTime />
    </Product>
    <Product>
      <PriceUpdateDate>2018/04/24 11:26</PriceUpdateDate>
      <ItemCode>7290102390427</ItemCode>
      <ItemType>1</ItemType>
      <ItemName>יוגורט ביו פרופ 3% תות מולר (150 גרם)</ItemName>
      <ManufactureName>החב` המרכזית - טרה</ManufactureName>
      <ManufactureCountry />
      <ManufactureItemDescription />
      <UnitQty>יח`</UnitQty>
      <Quantity>1.50</Quantity>
      <UnitMeasure>100 מ"ל</UnitMeasure>
      <BisWeighted>0</BisWeighted>
      <QtyInPackage>1</QtyInPackage>
      <ItemPrice>5</ItemPrice>
      <UnitOfMeasurePrice>3.33</UnitOfMeasurePrice>
      <AllowDiscount>0</AllowDiscount>
      <itemStatus>1</itemStatus>
      <LastUpdateDate />
      <LastUpdateTime />
    </Product>
    <Product>
      <PriceUpdateDate>2018/04/24 10:17</PriceUpdateDate>
      <ItemCode>7290102390465</ItemCode>
      <ItemType>1</ItemType>
      <ItemName>מולר מעדן אפרסק 150 מל</ItemName>
      <ManufactureName>החב` המרכזית - טרה</ManufactureName>
      <ManufactureCountry />
      <ManufactureItemDescription />
      <UnitQty>יח`</UnitQty>
      <Quantity>1.50</Quantity>
      <UnitMeasure>100 מ"ל</UnitMeasure>
      <BisWeighted>0</BisWeighted>
      <QtyInPackage>1</QtyInPackage>
      <ItemPrice>5</ItemPrice>
      <UnitOfMeasurePrice>3.33</UnitOfMeasurePrice>
      <AllowDiscount>0</AllowDiscount>
      <itemStatus>1</itemStatus>
      <LastUpdateDate />
      <LastUpdateTime />
    </Product>
    <Product>
      <PriceUpdateDate>2018/04/24 10:17</PriceUpdateDate>
      <ItemCode>7290102390489</ItemCode>
      <ItemType>1</ItemType>
      <ItemName>יוגורט ביו פרופ 3% לימון מולר (150 גרם)</ItemName>
      <ManufactureName>החב` המרכזית - טרה</ManufactureName>
      <ManufactureCountry />
      <ManufactureItemDescription />
      <UnitQty>יח`</UnitQty>
      <Quantity>1.50</Quantity>
      <UnitMeasure>100 מ"ל</UnitMeasure>
      <BisWeighted>0</BisWeighted>
      <QtyInPackage>1</QtyInPackage>
      <ItemPrice>5</ItemPrice>
      <UnitOfMeasurePrice>3.33</UnitOfMeasurePrice>
      <AllowDiscount>0</AllowDiscount>
      <itemStatus>1</itemStatus>
      <LastUpdateDate />
      <LastUpdateTime />
    </Product>
    <Product>
      <PriceUpdateDate>2018/04/24 10:18</PriceUpdateDate>
      <ItemCode>7290102391844</ItemCode>
      <ItemType>1</ItemType>
      <ItemName>מולר יוגורט פרי פרופ יער 150 מל</ItemName>
      <ManufactureName>החב` המרכזית - טרה</ManufactureName>
      <ManufactureCountry />
      <ManufactureItemDescription />
      <UnitQty>יח`</UnitQty>
      <Quantity>1.50</Quantity>
      <UnitMeasure>100 מ"ל</UnitMeasure>
      <BisWeighted>0</BisWeighted>
      <QtyInPackage>1</QtyInPackage>
      <ItemPrice>5</ItemPrice>
      <UnitOfMeasurePrice>3.33</UnitOfMeasurePrice>
      <AllowDiscount>0</AllowDiscount>
      <itemStatus>1</itemStatus>
      <LastUpdateDate />
      <LastUpdateTime />
    </Product>
    <Product>
      <PriceUpdateDate>2018/10/10 15:30</PriceUpdateDate>
      <ItemCode>7290102392049</ItemCode>
      <ItemType>1</ItemType>
      <ItemName>תבור גבינה לאפיה צוריאל</ItemName>
      <ManufactureName>החב` המרכזית - טרה</ManufactureName>
      <ManufactureCountry />
      <ManufactureItemDescription />
      <UnitQty>יח`</UnitQty>
      <Quantity>5</Quantity>
      <UnitMeasure>100 גרם</UnitMeasure>
      <BisWeighted>0</BisWeighted>
      <QtyInPackage>1</QtyInPackage>
      <ItemPrice>24.90</ItemPrice>
      <UnitOfMeasurePrice>4.98</UnitOfMeasurePrice>
      <AllowDiscount>1</AllowDiscount>
      <itemStatus>1</itemStatus>
      <LastUpdateDate />
      <LastUpdateTime />
    </Product>
    <Product>
      <PriceUpdateDate>2019/04/03 10:01</PriceUpdateDate>
      <ItemCode>7290102392094</ItemCode>
      <ItemType>1</ItemType>
      <ItemName>חלב עיזים מלא 4.1% משק צוריאל (1 ליטר)</ItemName>
      <ManufactureName>החב` המרכזית - טרה</ManufactureName>
      <ManufactureCountry />
      <ManufactureItemDescription />
      <UnitQty>יח`</UnitQty>
      <Quantity>1</Quantity>
      <UnitMeasure>1 ליטר</UnitMeasure>
      <BisWeighted>0</BisWeighted>
      <QtyInPackage>1</QtyInPackage>
      <ItemPrice>16.50</ItemPrice>
      <UnitOfMeasurePrice>16.50</UnitOfMeasurePrice>
      <AllowDiscount>0</AllowDiscount>
      <itemStatus>1</itemStatus>
      <LastUpdateDate />
      <LastUpdateTime />
    </Product>
    <Product>
      <PriceUpdateDate>2019/06/19 09:52</PriceUpdateDate>
      <ItemCode>7290102392254</ItemCode>
      <ItemType>1</ItemType>
      <ItemName>חלב 1% בקרטון טרה (2 ליטר)</ItemName>
      <ManufactureName>החב` המרכזית - טרה</ManufactureName>
      <ManufactureCountry />
      <ManufactureItemDescription />
      <UnitQty>יח`</UnitQty>
      <Quantity>2</Quantity>
      <UnitMeasure>1 ליטר</UnitMeasure>
      <BisWeighted>0</BisWeighted>
      <QtyInPackage>1</QtyInPackage>
      <ItemPrice>11.18</ItemPrice>
      <UnitOfMeasurePrice>5.59</UnitOfMeasurePrice>
      <AllowDiscount>0</AllowDiscount>
      <itemStatus>1</itemStatus>
      <LastUpdateDate />
      <LastUpdateTime />
    </Product>
    <Product>
      <PriceUpdateDate>2018/04/24 10:20</PriceUpdateDate>
      <ItemCode>7290102392728</ItemCode>
      <ItemType>1</ItemType>
      <ItemName>יוגורט ביו ביאנקו 2.8% מולר (200 גרם)</ItemName>
      <ManufactureName>החב` המרכזית - טרה</ManufactureName>
      <ManufactureCountry />
      <ManufactureItemDescription />
      <UnitQty>יח`</UnitQty>
      <Quantity>2</Quantity>
      <UnitMeasure>100 גרם</UnitMeasure>
      <BisWeighted>0</BisWeighted>
      <QtyInPackage>1</QtyInPackage>
      <ItemPrice>3.80</ItemPrice>
      <UnitOfMeasurePrice>1.90</UnitOfMeasurePrice>
      <AllowDiscount>0</AllowDiscount>
      <itemStatus>1</itemStatus>
      <LastUpdateDate />
      <LastUpdateTime />
    </Product>
    <Product>
      <PriceUpdateDate>2018/04/24 10:21</PriceUpdateDate>
      <ItemCode>7290102393039</ItemCode>
      <ItemType>1</ItemType>
      <ItemName>מולר מיקס יוגורט קרמי</ItemName>
      <ManufactureName>החב` המרכזית - טרה</ManufactureName>
      <ManufactureCountry />
      <ManufactureItemDescription />
      <UnitQty>יח`</UnitQty>
      <Quantity>1.70</Quantity>
      <UnitMeasure>100 גרם</UnitMeasure>
      <BisWeighted>0</BisWeighted>
      <QtyInPackage>1</QtyInPackage>
      <ItemPrice>5.90</ItemPrice>
      <UnitOfMeasurePrice>3.47</UnitOfMeasurePrice>
      <AllowDiscount>0</AllowDiscount>
      <itemStatus>1</itemStatus>
      <LastUpdateDate />
      <LastUpdateTime />
    </Product>
    <Product>
      <PriceUpdateDate>2018/04/24 10:21</PriceUpdateDate>
      <ItemCode>7290102393060</ItemCode>
      <ItemType>1</ItemType>
      <ItemName>מולר מיקס יוגורט קרמי</ItemName>
      <ManufactureName>החב` המרכזית - טרה</ManufactureName>
      <ManufactureCountry />
      <ManufactureItemDescription />
      <UnitQty>יח`</UnitQty>
      <Quantity>1.70</Quantity>
      <UnitMeasure>100 מ"ל</UnitMeasure>
      <BisWeighted>0</BisWeighted>
      <QtyInPackage>1</QtyInPackage>
      <ItemPrice>5.90</ItemPrice>
      <UnitOfMeasurePrice>3.47</UnitOfMeasurePrice>
      <AllowDiscount>0</AllowDiscount>
      <itemStatus>1</itemStatus>
      <LastUpdateDate />
      <LastUpdateTime />
    </Product>
    <Product>
      <PriceUpdateDate>2018/10/10 15:30</PriceUpdateDate>
      <ItemCode>7290102393169</ItemCode>
      <ItemType>1</ItemType>
      <ItemName>מולר סימפלי פרויט תות שדה</ItemName>
      <ManufactureName>החב` המרכזית - טרה</ManufactureName>
      <ManufactureCountry />
      <ManufactureItemDescription />
      <UnitQty>יח`</UnitQty>
      <Quantity>1.50</Quantity>
      <UnitMeasure>100 גרם</UnitMeasure>
      <BisWeighted>0</BisWeighted>
      <QtyInPackage>1</QtyInPackage>
      <ItemPrice>5</ItemPrice>
      <UnitOfMeasurePrice>3.33</UnitOfMeasurePrice>
      <AllowDiscount>0</AllowDiscount>
      <itemStatus>1</itemStatus>
      <LastUpdateDate />
      <LastUpdateTime />
    </Product>
    <Product>
      <PriceUpdateDate>2018/10/10 15:30</PriceUpdateDate>
      <ItemCode>7290102393176</ItemCode>
      <ItemType>1</ItemType>
      <ItemName>מולר סימפלי פרויט אפרסק</ItemName>
      <ManufactureName>החב` המרכזית - טרה</ManufactureName>
      <ManufactureCountry />
      <ManufactureItemDescription />
      <UnitQty>יח`</UnitQty>
      <Quantity>1.50</Quantity>
      <UnitMeasure>100 גרם</UnitMeasure>
      <BisWeighted>0</BisWeighted>
      <QtyInPackage>1</QtyInPackage>
      <ItemPrice>5</ItemPrice>
      <UnitOfMeasurePrice>3.33</UnitOfMeasurePrice>
      <AllowDiscount>0</AllowDiscount>
      <itemStatus>1</itemStatus>
      <LastUpdateDate />
      <LastUpdateTime />
    </Product>
    <Product>
      <PriceUpdateDate>2018/10/10 15:30</PriceUpdateDate>
      <ItemCode>7290102393190</ItemCode>
      <ItemType>1</ItemType>
      <ItemName>מולר סימפלי פרויט פירות היער</ItemName>
      <ManufactureName>החב` המרכזית - טרה</ManufactureName>
      <ManufactureCountry />
      <ManufactureItemDescription />
      <UnitQty>יח`</UnitQty>
      <Quantity>1.50</Quantity>
      <UnitMeasure>100 גרם</UnitMeasure>
      <BisWeighted>0</BisWeighted>
      <QtyInPackage>1</QtyInPackage>
      <ItemPrice>5</ItemPrice>
      <UnitOfMeasurePrice>3.33</UnitOfMeasurePrice>
      <AllowDiscount>0</AllowDiscount>
      <itemStatus>1</itemStatus>
      <LastUpdateDate />
      <LastUpdateTime />
    </Product>
    <Product>
      <PriceUpdateDate>2019/06/19 09:52</PriceUpdateDate>
      <ItemCode>7290102393268</ItemCode>
      <ItemType>1</ItemType>
      <ItemName>גבינה לבנה 5% 750 גר` פיקוח</ItemName>
      <ManufactureName>החב` המרכזית - טרה</ManufactureName>
      <ManufactureCountry />
      <ManufactureItemDescription />
      <UnitQty>יח`</UnitQty>
      <Quantity>7.50</Quantity>
      <UnitMeasure>100 גרם</UnitMeasure>
      <BisWeighted>0</BisWeighted>
      <QtyInPackage>1</QtyInPackage>
      <ItemPrice>14.25</ItemPrice>
      <UnitOfMeasurePrice>1.90</UnitOfMeasurePrice>
      <AllowDiscount>0</AllowDiscount>
      <itemStatus>1</itemStatus>
      <LastUpdateDate />
      <LastUpdateTime />
    </Product>
    <Product>
      <PriceUpdateDate>2018/07/08 11:12</PriceUpdateDate>
      <ItemCode>7290102393299</ItemCode>
      <ItemType>1</ItemType>
      <ItemName>יוגורט עיזים 500 גר` לשתיה</ItemName>
      <ManufactureName>החב` המרכזית - טרה</ManufactureName>
      <ManufactureCountry />
      <ManufactureItemDescription />
      <UnitQty>יח`</UnitQty>
      <Quantity>5</Quantity>
      <UnitMeasure>100 גרם</UnitMeasure>
      <BisWeighted>0</BisWeighted>
      <QtyInPackage>1</QtyInPackage>
      <ItemPrice>12.70</ItemPrice>
      <UnitOfMeasurePrice>2.54</UnitOfMeasurePrice>
      <AllowDiscount>1</AllowDiscount>
      <itemStatus>1</itemStatus>
      <LastUpdateDate />
      <LastUpdateTime />
    </Product>
    <Product>
      <PriceUpdateDate>2018/10/10 15:30</PriceUpdateDate>
      <ItemCode>7290102393947</ItemCode>
      <ItemType>1</ItemType>
      <ItemName>מולר סימפלי פרויט קיווי</ItemName>
      <ManufactureName>החב` המרכזית - טרה</ManufactureName>
      <ManufactureCountry />
      <ManufactureItemDescription />
      <UnitQty>יח`</UnitQty>
      <Quantity>1.50</Quantity>
      <UnitMeasure>100 מ"ל</UnitMeasure>
      <BisWeighted>0</BisWeighted>
      <QtyInPackage>1</QtyInPackage>
      <ItemPrice>5</ItemPrice>
      <UnitOfMeasurePrice>3.33</UnitOfMeasurePrice>
      <AllowDiscount>0</AllowDiscount>
      <itemStatus>1</itemStatus>
      <LastUpdateDate />
      <LastUpdateTime />
    </Product>
    <Product>
      <PriceUpdateDate>2018/04/24 10:13</PriceUpdateDate>
      <ItemCode>7290102394081</ItemCode>
      <ItemType>1</ItemType>
      <ItemName>מולר מיקס קרמי בתוספת קורנפלקס</ItemName>
      <ManufactureName>החב` המרכזית - טרה</ManufactureName>
      <ManufactureCountry />
      <ManufactureItemDescription />
      <UnitQty>יח`</UnitQty>
      <Quantity>1.50</Quantity>
      <UnitMeasure>100 מ"ל</UnitMeasure>
      <BisWeighted>0</BisWeighted>
      <QtyInPackage>1</QtyInPackage>
      <ItemPrice>5.90</ItemPrice>
      <UnitOfMeasurePrice>3.93</UnitOfMeasurePrice>
      <AllowDiscount>0</AllowDiscount>
      <itemStatus>1</itemStatus>
      <LastUpdateDate />
      <LastUpdateTime />
    </Product>
    <Product>
      <PriceUpdateDate>2018/10/10 15:30</PriceUpdateDate>
      <ItemCode>7290102394258</ItemCode>
      <ItemType>1</ItemType>
      <ItemName>מה עז 180 גר` 9%</ItemName>
      <ManufactureName>החב` המרכזית - טרה</ManufactureName>
      <ManufactureCountry />
      <ManufactureItemDescription />
      <UnitQty>יח`</UnitQty>
      <Quantity>1.80</Quantity>
      <UnitMeasure>100 גרם</UnitMeasure>
      <BisWeighted>0</BisWeighted>
      <QtyInPackage>1</QtyInPackage>
      <ItemPrice>22.50</ItemPrice>
      <UnitOfMeasurePrice>12.50</UnitOfMeasurePrice>
      <AllowDiscount>1</AllowDiscount>
      <itemStatus>1</itemStatus>
      <LastUpdateDate />
      <LastUpdateTime />
    </Product>
    <Product>
      <PriceUpdateDate>2019/04/03 10:01</PriceUpdateDate>
      <ItemCode>7290102394463</ItemCode>
      <ItemType>1</ItemType>
      <ItemName>גבינה צהובה ואקום 28%</ItemName>
      <ManufactureName>החב` המרכזית - טרה</ManufactureName>
      <ManufactureCountry />
      <ManufactureItemDescription />
      <UnitQty>יח`</UnitQty>
      <Quantity>5</Quantity>
      <UnitMeasure>100 גרם</UnitMeasure>
      <BisWeighted>0</BisWeighted>
      <QtyInPackage>1</QtyInPackage>
      <ItemPrice>28</ItemPrice>
      <UnitOfMeasurePrice>5.60</UnitOfMeasurePrice>
      <AllowDiscount>0</AllowDiscount>
      <itemStatus>1</itemStatus>
      <LastUpdateDate />
      <LastUpdateTime />
    </Product>
    <Product>
      <PriceUpdateDate>2018/10/10 15:30</PriceUpdateDate>
      <ItemCode>7290102394821</ItemCode>
      <ItemType>1</ItemType>
      <ItemName>גבינה צהובה דק דק 28% אדם</ItemName>
      <ManufactureName>החב` המרכזית - טרה</ManufactureName>
      <ManufactureCountry />
      <ManufactureItemDescription />
      <UnitQty>יח`</UnitQty>
      <Quantity>2</Quantity>
      <UnitMeasure>100 גרם</UnitMeasure>
      <BisWeighted>0</BisWeighted>
      <QtyInPackage>1</QtyInPackage>
      <ItemPrice>16.50</ItemPrice>
      <UnitOfMeasurePrice>8.25</UnitOfMeasurePrice>
      <AllowDiscount>1</AllowDiscount>
      <itemStatus>1</itemStatus>
      <LastUpdateDate />
      <LastUpdateTime />
    </Product>
    <Product>
      <PriceUpdateDate>2019/01/30 09:36</PriceUpdateDate>
      <ItemCode>7290102395217</ItemCode>
      <ItemType>1</ItemType>
      <ItemName>מאגדת שמיניי ה במתיקות מעודנת 2%</ItemName>
      <ManufactureName>החב` המרכזית - טרה</ManufactureName>
      <ManufactureCountry />
      <ManufactureItemDescription />
      <UnitQty>יח`</UnitQty>
      <Quantity>1</Quantity>
      <UnitMeasure />
      <BisWeighted>0</BisWeighted>
      <QtyInPackage>1</QtyInPackage>
      <ItemPrice>18.30</ItemPrice>
      <UnitOfMeasurePrice>18.30</UnitOfMeasurePrice>
      <AllowDiscount>1</AllowDiscount>
      <itemStatus>1</itemStatus>
      <LastUpdateDate />
      <LastUpdateTime />
    </Product>
    <Product>
      <PriceUpdateDate>2018/10/10 15:30</PriceUpdateDate>
      <ItemCode>7290102395224</ItemCode>
      <ItemType>1</ItemType>
      <ItemName>יוגורט ביו נטורל 1.7% מולר (150x8 גרם)</ItemName>
      <ManufactureName>החב` המרכזית - טרה</ManufactureName>
      <ManufactureCountry />
      <ManufactureItemDescription />
      <UnitQty>יח`</UnitQty>
      <Quantity>12</Quantity>
      <UnitMeasure>100 גרם</UnitMeasure>
      <BisWeighted>0</BisWeighted>
      <QtyInPackage>1</QtyInPackage>
      <ItemPrice>17.90</ItemPrice>
      <UnitOfMeasurePrice>1.49</UnitOfMeasurePrice>
      <AllowDiscount>0</AllowDiscount>
      <itemStatus>1</itemStatus>
      <LastUpdateDate />
      <LastUpdateTime />
    </Product>
    <Product>
      <PriceUpdateDate>2018/10/10 15:30</PriceUpdateDate>
      <ItemCode>7290102395231</ItemCode>
      <ItemType>1</ItemType>
      <ItemName>יוגורט ביו נטורל 2.8% מולר (150x8 גרם)</ItemName>
      <ManufactureName>החב` המרכזית - טרה</ManufactureName>
      <ManufactureCountry />
      <ManufactureItemDescription />
      <UnitQty>יח`</UnitQty>
      <Quantity>1</Quantity>
      <UnitMeasure />
      <BisWeighted>0</BisWeighted>
      <QtyInPackage>1</QtyInPackage>
      <ItemPrice>17.90</ItemPrice>
      <UnitOfMeasurePrice>17.90</UnitOfMeasurePrice>
      <AllowDiscount>0</AllowDiscount>
      <itemStatus>1</itemStatus>
      <LastUpdateDate />
      <LastUpdateTime />
    </Product>
    <Product>
      <PriceUpdateDate>2018/10/10 15:30</PriceUpdateDate>
      <ItemCode>7290102395262</ItemCode>
      <ItemType>1</ItemType>
      <ItemName>מאגדת שמינייה מולר סיפלי תות</ItemName>
      <ManufactureName>החב` המרכזית - טרה</ManufactureName>
      <ManufactureCountry />
      <ManufactureItemDescription />
      <UnitQty>יח`</UnitQty>
      <Quantity>1</Quantity>
      <UnitMeasure />
      <BisWeighted>0</BisWeighted>
      <QtyInPackage>1</QtyInPackage>
      <ItemPrice>29.90</ItemPrice>
      <UnitOfMeasurePrice>29.90</UnitOfMeasurePrice>
      <AllowDiscount>0</AllowDiscount>
      <itemStatus>1</itemStatus>
      <LastUpdateDate />
      <LastUpdateTime />
    </Product>
    <Product>
      <PriceUpdateDate>2018/10/10 15:30</PriceUpdateDate>
      <ItemCode>7290102395378</ItemCode>
      <ItemType>1</ItemType>
      <ItemName>גבינה צהובה קלאסית 28% נעם (360 גרם)</ItemName>
      <ManufactureName>החב` המרכזית - טרה</ManufactureName>
      <ManufactureCountry />
      <ManufactureItemDescription />
      <UnitQty>יח`</UnitQty>
      <Quantity>3.60</Quantity>
      <UnitMeasure>100 גרם</UnitMeasure>
      <BisWeighted>0</BisWeighted>
      <QtyInPackage>1</QtyInPackage>
      <ItemPrice>19.90</ItemPrice>
      <UnitOfMeasurePrice>5.53</UnitOfMeasurePrice>
      <AllowDiscount>0</AllowDiscount>
      <itemStatus>1</itemStatus>
      <LastUpdateDate />
      <LastUpdateTime />
    </Product>
    <Product>
      <PriceUpdateDate>2018/10/10 15:30</PriceUpdateDate>
      <ItemCode>7290102395439</ItemCode>
      <ItemType>1</ItemType>
      <ItemName>מאגדת שמינייה מולר סיפלי פרוט</ItemName>
      <ManufactureName>החב` המרכזית - טרה</ManufactureName>
      <ManufactureCountry />
      <ManufactureItemDescription />
      <UnitQty>יח`</UnitQty>
      <Quantity>1</Quantity>
      <UnitMeasure />
      <BisWeighted>0</BisWeighted>
      <QtyInPackage>1</QtyInPackage>
      <ItemPrice>29.90</ItemPrice>
      <UnitOfMeasurePrice>29.90</UnitOfMeasurePrice>
      <AllowDiscount>0</AllowDiscount>
      <itemStatus>1</itemStatus>
      <LastUpdateDate />
      <LastUpdateTime />
    </Product>
    <Product>
      <PriceUpdateDate>2018/10/10 15:30</PriceUpdateDate>
      <ItemCode>7290102395446</ItemCode>
      <ItemType>1</ItemType>
      <ItemName>מעדן בטעם וניל עם קצפת מוו (123 גרם)</ItemName>
      <ManufactureName>החב` המרכזית - טרה</ManufactureName>
      <ManufactureCountry />
      <ManufactureItemDescription />
      <UnitQty>יח`</UnitQty>
      <Quantity>1</Quantity>
      <UnitMeasure />
      <BisWeighted>0</BisWeighted>
      <QtyInPackage>1</QtyInPackage>
      <ItemPrice>2.80</ItemPrice>
      <UnitOfMeasurePrice>2.80</UnitOfMeasurePrice>
      <AllowDiscount>0</AllowDiscount>
      <itemStatus>1</itemStatus>
      <LastUpdateDate />
      <LastUpdateTime />
    </Product>
    <Product>
      <PriceUpdateDate>2018/10/10 15:30</PriceUpdateDate>
      <ItemCode>7290102395477</ItemCode>
      <ItemType>1</ItemType>
      <ItemName>מעדן בטעם שוקולד קצפת מוו (123 גרם)</ItemName>
      <ManufactureName>החב` המרכזית - טרה</ManufactureName>
      <ManufactureCountry />
      <ManufactureItemDescription />
      <UnitQty>יח`</UnitQty>
      <Quantity>1</Quantity>
      <UnitMeasure />
      <BisWeighted>0</BisWeighted>
      <QtyInPackage>1</QtyInPackage>
      <ItemPrice>2.80</ItemPrice>
      <UnitOfMeasurePrice>2.80</UnitOfMeasurePrice>
      <AllowDiscount>0</AllowDiscount>
      <itemStatus>1</itemStatus>
      <LastUpdateDate />
      <LastUpdateTime />
    </Product>
    <Product>
      <PriceUpdateDate>2018/10/10 15:30</PriceUpdateDate>
      <ItemCode>7290102396047</ItemCode>
      <ItemType>1</ItemType>
      <ItemName>מולר סימפלי פרויט אננס</ItemName>
      <ManufactureName>החב` המרכזית - טרה</ManufactureName>
      <ManufactureCountry />
      <ManufactureItemDescription />
      <UnitQty>יח`</UnitQty>
      <Quantity>1.50</Quantity>
      <UnitMeasure>100 גרם</UnitMeasure>
      <BisWeighted>0</BisWeighted>
      <QtyInPackage>1</QtyInPackage>
      <ItemPrice>5</ItemPrice>
      <UnitOfMeasurePrice>3.33</UnitOfMeasurePrice>
      <AllowDiscount>0</AllowDiscount>
      <itemStatus>1</itemStatus>
      <LastUpdateDate />
      <LastUpdateTime />
    </Product>
    <Product>
      <PriceUpdateDate>2018/10/10 15:30</PriceUpdateDate>
      <ItemCode>7290102396399</ItemCode>
      <ItemType>1</ItemType>
      <ItemName>מעדן בטעם שוקולד מוו (100x8 גרם)</ItemName>
      <ManufactureName>החב` המרכזית - טרה</ManufactureName>
      <ManufactureCountry />
      <ManufactureItemDescription />
      <UnitQty>יח`</UnitQty>
      <Quantity>8</Quantity>
      <UnitMeasure>100 גרם</UnitMeasure>
      <BisWeighted>0</BisWeighted>
      <QtyInPackage>1</QtyInPackage>
      <ItemPrice>13.50</ItemPrice>
      <UnitOfMeasurePrice>1.69</UnitOfMeasurePrice>
      <AllowDiscount>1</AllowDiscount>
      <itemStatus>1</itemStatus>
      <LastUpdateDate />
      <LastUpdateTime />
    </Product>
    <Product>
      <PriceUpdateDate>2018/10/10 15:30</PriceUpdateDate>
      <ItemCode>7290102396405</ItemCode>
      <ItemType>1</ItemType>
      <ItemName>מעדן בטעם וניל מוו (100x8 גרם)</ItemName>
      <ManufactureName>החב` המרכזית - טרה</ManufactureName>
      <ManufactureCountry />
      <ManufactureItemDescription />
      <UnitQty>יח`</UnitQty>
      <Quantity>8</Quantity>
      <UnitMeasure>100 גרם</UnitMeasure>
      <BisWeighted>0</BisWeighted>
      <QtyInPackage>1</QtyInPackage>
      <ItemPrice>13.50</ItemPrice>
      <UnitOfMeasurePrice>1.69</UnitOfMeasurePrice>
      <AllowDiscount>1</AllowDiscount>
      <itemStatus>1</itemStatus>
      <LastUpdateDate />
      <LastUpdateTime />
    </Product>
    <Product>
      <PriceUpdateDate>2018/10/10 15:30</PriceUpdateDate>
      <ItemCode>7290102396436</ItemCode>
      <ItemType>1</ItemType>
      <ItemName>מעדן בטעם שוקולד 1.5% שומן מוו (125 גרם)</ItemName>
      <ManufactureName>החב` המרכזית - טרה</ManufactureName>
      <ManufactureCountry />
      <ManufactureItemDescription />
      <UnitQty>יח`</UnitQty>
      <Quantity>1.25</Quantity>
      <UnitMeasure>100 גרם</UnitMeasure>
      <BisWeighted>0</BisWeighted>
      <QtyInPackage>1</QtyInPackage>
      <ItemPrice>2.70</ItemPrice>
      <UnitOfMeasurePrice>2.16</UnitOfMeasurePrice>
      <AllowDiscount>0</AllowDiscount>
      <itemStatus>1</itemStatus>
      <LastUpdateDate />
      <LastUpdateTime />
    </Product>
    <Product>
      <PriceUpdateDate>2018/10/10 15:30</PriceUpdateDate>
      <ItemCode>7290102396443</ItemCode>
      <ItemType>1</ItemType>
      <ItemName>מעדן בטעם וניל 1.5% שומן מוו (125 גרם)</ItemName>
      <ManufactureName>החב` המרכזית - טרה</ManufactureName>
      <ManufactureCountry />
      <ManufactureItemDescription />
      <UnitQty>יח`</UnitQty>
      <Quantity>1.25</Quantity>
      <UnitMeasure>100 גרם</UnitMeasure>
      <BisWeighted>0</BisWeighted>
      <QtyInPackage>1</QtyInPackage>
      <ItemPrice>2.70</ItemPrice>
      <UnitOfMeasurePrice>2.16</UnitOfMeasurePrice>
      <AllowDiscount>0</AllowDiscount>
      <itemStatus>1</itemStatus>
      <LastUpdateDate />
      <LastUpdateTime />
    </Product>
    <Product>
      <PriceUpdateDate>2018/10/10 15:30</PriceUpdateDate>
      <ItemCode>7290102396498</ItemCode>
      <ItemType>1</ItemType>
      <ItemName>יוגורט תות 3% שומן מוו (125 גרם)</ItemName>
      <ManufactureName>החב` המרכזית - טרה</ManufactureName>
      <ManufactureCountry />
      <ManufactureItemDescription />
      <UnitQty>יח`</UnitQty>
      <Quantity>1</Quantity>
      <UnitMeasure />
      <BisWeighted>0</BisWeighted>
      <QtyInPackage>1</QtyInPackage>
      <ItemPrice>2.80</ItemPrice>
      <UnitOfMeasurePrice>2.80</UnitOfMeasurePrice>
      <AllowDiscount>0</AllowDiscount>
      <itemStatus>1</itemStatus>
      <LastUpdateDate />
      <LastUpdateTime />
    </Product>
    <Product>
      <PriceUpdateDate>2018/10/10 15:30</PriceUpdateDate>
      <ItemCode>7290102396580</ItemCode>
      <ItemType>1</ItemType>
      <ItemName>מעדן מוו שוקולד ומוס שוקולד</ItemName>
      <ManufactureName>החב` המרכזית - טרה</ManufactureName>
      <ManufactureCountry />
      <ManufactureItemDescription />
      <UnitQty>יח`</UnitQty>
      <Quantity>1.23</Quantity>
      <UnitMeasure>100 גרם</UnitMeasure>
      <BisWeighted>0</BisWeighted>
      <QtyInPackage>1</QtyInPackage>
      <ItemPrice>2.80</ItemPrice>
      <UnitOfMeasurePrice>2.28</UnitOfMeasurePrice>
      <AllowDiscount>0</AllowDiscount>
      <itemStatus>1</itemStatus>
      <LastUpdateDate />
      <LastUpdateTime />
    </Product>
    <Product>
      <PriceUpdateDate>2019/01/07 10:57</PriceUpdateDate>
      <ItemCode>7290102396665</ItemCode>
      <ItemType>1</ItemType>
      <ItemName>גבינה צהובה דקה דקה 15% נעם (200 גרם)</ItemName>
      <ManufactureName>החב` המרכזית - טרה</ManufactureName>
      <ManufactureCountry />
      <ManufactureItemDescription />
      <UnitQty>יח`</UnitQty>
      <Quantity>2</Quantity>
      <UnitMeasure>100 גרם</UnitMeasure>
      <BisWeighted>0</BisWeighted>
      <QtyInPackage>1</QtyInPackage>
      <ItemPrice>16.90</ItemPrice>
      <UnitOfMeasurePrice>8.45</UnitOfMeasurePrice>
      <AllowDiscount>1</AllowDiscount>
      <itemStatus>1</itemStatus>
      <LastUpdateDate />
      <LastUpdateTime />
    </Product>
    <Product>
      <PriceUpdateDate>2018/10/10 15:30</PriceUpdateDate>
      <ItemCode>7290102396719</ItemCode>
      <ItemType>1</ItemType>
      <ItemName>יוגורט 0% תות סימפלי מולר (150 גרם)</ItemName>
      <ManufactureName>החב` המרכזית - טרה</ManufactureName>
      <ManufactureCountry />
      <ManufactureItemDescription />
      <UnitQty>יח`</UnitQty>
      <Quantity>1.50</Quantity>
      <UnitMeasure>100 גרם</UnitMeasure>
      <BisWeighted>0</BisWeighted>
      <QtyInPackage>1</QtyInPackage>
      <ItemPrice>5</ItemPrice>
      <UnitOfMeasurePrice>3.33</UnitOfMeasurePrice>
      <AllowDiscount>0</AllowDiscount>
      <itemStatus>1</itemStatus>
      <LastUpdateDate />
      <LastUpdateTime />
    </Product>
    <Product>
      <PriceUpdateDate>2018/10/10 15:30</PriceUpdateDate>
      <ItemCode>7290102396726</ItemCode>
      <ItemType>1</ItemType>
      <ItemName>יוגורט 0% אפרסק סימפלי מולר (150 גרם)</ItemName>
      <ManufactureName>החב` המרכזית - טרה</ManufactureName>
      <ManufactureCountry />
      <ManufactureItemDescription />
      <UnitQty>יח`</UnitQty>
      <Quantity>1.50</Quantity>
      <UnitMeasure>100 גרם</UnitMeasure>
      <BisWeighted>0</BisWeighted>
      <QtyInPackage>1</QtyInPackage>
      <ItemPrice>5</ItemPrice>
      <UnitOfMeasurePrice>3.33</UnitOfMeasurePrice>
      <AllowDiscount>0</AllowDiscount>
      <itemStatus>1</itemStatus>
      <LastUpdateDate />
      <LastUpdateTime />
    </Product>
    <Product>
      <PriceUpdateDate>2018/10/10 15:30</PriceUpdateDate>
      <ItemCode>7290102396740</ItemCode>
      <ItemType>1</ItemType>
      <ItemName>מאגדת שמינייה מולר סיפלי 0%</ItemName>
      <ManufactureName>החב` המרכזית - טרה</ManufactureName>
      <ManufactureCountry />
      <ManufactureItemDescription />
      <UnitQty>יח`</UnitQty>
      <Quantity>1</Quantity>
      <UnitMeasure />
      <BisWeighted>0</BisWeighted>
      <QtyInPackage>1</QtyInPackage>
      <ItemPrice>29.90</ItemPrice>
      <UnitOfMeasurePrice>29.90</UnitOfMeasurePrice>
      <AllowDiscount>0</AllowDiscount>
      <itemStatus>1</itemStatus>
      <LastUpdateDate />
      <LastUpdateTime />
    </Product>
    <Product>
      <PriceUpdateDate>2018/10/10 15:30</PriceUpdateDate>
      <ItemCode>7290102396979</ItemCode>
      <ItemType>1</ItemType>
      <ItemName>יוגורט 0% אננס סימפלי מולר (150 גרם)</ItemName>
      <ManufactureName>החב` המרכזית - טרה</ManufactureName>
      <ManufactureCountry />
      <ManufactureItemDescription />
      <UnitQty>יח`</UnitQty>
      <Quantity>1.50</Quantity>
      <UnitMeasure>100 גרם</UnitMeasure>
      <BisWeighted>0</BisWeighted>
      <QtyInPackage>1</QtyInPackage>
      <ItemPrice>5</ItemPrice>
      <UnitOfMeasurePrice>3.33</UnitOfMeasurePrice>
      <AllowDiscount>0</AllowDiscount>
      <itemStatus>1</itemStatus>
      <LastUpdateDate />
      <LastUpdateTime />
    </Product>
    <Product>
      <PriceUpdateDate>2018/10/10 15:30</PriceUpdateDate>
      <ItemCode>7290102397204</ItemCode>
      <ItemType>1</ItemType>
      <ItemName>גבינה צהובה נעם דק דק פתח סגור 200 גר</ItemName>
      <ManufactureName>החב` המרכזית - טרה</ManufactureName>
      <ManufactureCountry />
      <ManufactureItemDescription />
      <UnitQty>יח`</UnitQty>
      <Quantity>2</Quantity>
      <UnitMeasure>100 גרם</UnitMeasure>
      <BisWeighted>0</BisWeighted>
      <QtyInPackage>1</QtyInPackage>
      <ItemPrice>16.90</ItemPrice>
      <UnitOfMeasurePrice>8.45</UnitOfMeasurePrice>
      <AllowDiscount>1</AllowDiscount>
      <itemStatus>1</itemStatus>
      <LastUpdateDate />
      <LastUpdateTime />
    </Product>
    <Product>
      <PriceUpdateDate>2018/10/10 15:30</PriceUpdateDate>
      <ItemCode>7290102397310</ItemCode>
      <ItemType>1</ItemType>
      <ItemName>מאגדת שמינייה מיני מוו שוקולד קצפת</ItemName>
      <ManufactureName>החב` המרכזית - טרה</ManufactureName>
      <ManufactureCountry />
      <ManufactureItemDescription />
      <UnitQty>יח`</UnitQty>
      <Quantity>1</Quantity>
      <UnitMeasure />
      <BisWeighted>0</BisWeighted>
      <QtyInPackage>1</QtyInPackage>
      <ItemPrice>12.50</ItemPrice>
      <UnitOfMeasurePrice>12.50</UnitOfMeasurePrice>
      <AllowDiscount>1</AllowDiscount>
      <itemStatus>1</itemStatus>
      <LastUpdateDate />
      <LastUpdateTime />
    </Product>
    <Product>
      <PriceUpdateDate>2018/10/10 15:30</PriceUpdateDate>
      <ItemCode>7290102397334</ItemCode>
      <ItemType>1</ItemType>
      <ItemName>בולגרית 5% בגביע 250 גר` צוריאל</ItemName>
      <ManufactureName>החב` המרכזית - טרה</ManufactureName>
      <ManufactureCountry />
      <ManufactureItemDescription />
      <UnitQty>יח`</UnitQty>
      <Quantity>2.50</Quantity>
      <UnitMeasure>100 גרם</UnitMeasure>
      <BisWeighted>0</BisWeighted>
      <QtyInPackage>1</QtyInPackage>
      <ItemPrice>22.90</ItemPrice>
      <UnitOfMeasurePrice>9.16</UnitOfMeasurePrice>
      <AllowDiscount>1</AllowDiscount>
      <itemStatus>1</itemStatus>
      <LastUpdateDate />
      <LastUpdateTime />
    </Product>
    <Product>
      <PriceUpdateDate>2018/10/10 15:30</PriceUpdateDate>
      <ItemCode>7290102397341</ItemCode>
      <ItemType>1</ItemType>
      <ItemName>בולגרית 24% בגביע 250 גר` צוריאל</ItemName>
      <ManufactureName>החב` המרכזית - טרה</ManufactureName>
      <ManufactureCountry />
      <ManufactureItemDescription />
      <UnitQty>יח`</UnitQty>
      <Quantity>2.50</Quantity>
      <UnitMeasure>100 גרם</UnitMeasure>
      <BisWeighted>0</BisWeighted>
      <QtyInPackage>1</QtyInPackage>
      <ItemPrice>22.90</ItemPrice>
      <UnitOfMeasurePrice>9.16</UnitOfMeasurePrice>
      <AllowDiscount>1</AllowDiscount>
      <itemStatus>1</itemStatus>
      <LastUpdateDate />
      <LastUpdateTime />
    </Product>
    <Product>
      <PriceUpdateDate>2018/04/24 12:43</PriceUpdateDate>
      <ItemCode>7290102397600</ItemCode>
      <ItemType>1</ItemType>
      <ItemName>מולר מיקס שקדים ובוטנים בקרמל 170 גרם</ItemName>
      <ManufactureName>החב` המרכזית - טרה</ManufactureName>
      <ManufactureCountry />
      <ManufactureItemDescription />
      <UnitQty>יח`</UnitQty>
      <Quantity>1.70</Quantity>
      <UnitMeasure>100 גרם</UnitMeasure>
      <BisWeighted>0</BisWeighted>
      <QtyInPackage>1</QtyInPackage>
      <ItemPrice>5.90</ItemPrice>
      <UnitOfMeasurePrice>3.47</UnitOfMeasurePrice>
      <AllowDiscount>0</AllowDiscount>
      <itemStatus>1</itemStatus>
      <LastUpdateDate />
      <LastUpdateTime />
    </Product>
    <Product>
      <PriceUpdateDate>2018/04/24 12:43</PriceUpdateDate>
      <ItemCode>7290102397617</ItemCode>
      <ItemType>1</ItemType>
      <ItemName>מולר מיקס קליק 170 גרם</ItemName>
      <ManufactureName>החב` המרכזית - טרה</ManufactureName>
      <ManufactureCountry />
      <ManufactureItemDescription />
      <UnitQty>יח`</UnitQty>
      <Quantity>1.70</Quantity>
      <UnitMeasure>100 גרם</UnitMeasure>
      <BisWeighted>0</BisWeighted>
      <QtyInPackage>1</QtyInPackage>
      <ItemPrice>5.90</ItemPrice>
      <UnitOfMeasurePrice>3.47</UnitOfMeasurePrice>
      <AllowDiscount>0</AllowDiscount>
      <itemStatus>1</itemStatus>
      <LastUpdateDate />
      <LastUpdateTime />
    </Product>
    <Product>
      <PriceUpdateDate>2018/08/02 11:07</PriceUpdateDate>
      <ItemCode>7290102397679</ItemCode>
      <ItemType>1</ItemType>
      <ItemName> קוטג`וחצי 5% 375 גר</ItemName>
      <ManufactureName>החב` המרכזית - טרה</ManufactureName>
      <ManufactureCountry />
      <ManufactureItemDescription />
      <UnitQty>יח`</UnitQty>
      <Quantity>3.75</Quantity>
      <UnitMeasure>100 גרם</UnitMeasure>
      <BisWeighted>0</BisWeighted>
      <QtyInPackage>1</QtyInPackage>
      <ItemPrice>7.90</ItemPrice>
      <UnitOfMeasurePrice>2.11</UnitOfMeasurePrice>
      <AllowDiscount>0</AllowDiscount>
      <itemStatus>1</itemStatus>
      <LastUpdateDate />
      <LastUpdateTime />
    </Product>
    <Product>
      <PriceUpdateDate>2018/10/10 15:30</PriceUpdateDate>
      <ItemCode>7290102397730</ItemCode>
      <ItemType>1</ItemType>
      <ItemName>גבינה צהובה אמנטל 30% נעם (200 גרם)</ItemName>
      <ManufactureName>החב` המרכזית - טרה</ManufactureName>
      <ManufactureCountry />
      <ManufactureItemDescription />
      <UnitQty>יח`</UnitQty>
      <Quantity>2</Quantity>
      <UnitMeasure>100 גרם</UnitMeasure>
      <BisWeighted>0</BisWeighted>
      <QtyInPackage>1</QtyInPackage>
      <ItemPrice>16.90</ItemPrice>
      <UnitOfMeasurePrice>8.45</UnitOfMeasurePrice>
      <AllowDiscount>1</AllowDiscount>
      <itemStatus>1</itemStatus>
      <LastUpdateDate />
      <LastUpdateTime />
    </Product>
    <Product>
      <PriceUpdateDate>2018/10/10 15:30</PriceUpdateDate>
      <ItemCode>7290102397747</ItemCode>
      <ItemType>1</ItemType>
      <ItemName>מוצרלה נעם פתיחה חוזרת 200 גר`</ItemName>
      <ManufactureName>החב` המרכזית - טרה</ManufactureName>
      <ManufactureCountry />
      <ManufactureItemDescription />
      <UnitQty>יח`</UnitQty>
      <Quantity>2</Quantity>
      <UnitMeasure>100 גרם</UnitMeasure>
      <BisWeighted>0</BisWeighted>
      <QtyInPackage>1</QtyInPackage>
      <ItemPrice>18.90</ItemPrice>
      <UnitOfMeasurePrice>9.45</UnitOfMeasurePrice>
      <AllowDiscount>1</AllowDiscount>
      <itemStatus>1</itemStatus>
      <LastUpdateDate />
      <LastUpdateTime />
    </Product>
    <Product>
      <PriceUpdateDate>2018/10/10 15:30</PriceUpdateDate>
      <ItemCode>7290102397990</ItemCode>
      <ItemType>1</ItemType>
      <ItemName>צפתית 5% 200 גר`</ItemName>
      <ManufactureName>החב` המרכזית - טרה</ManufactureName>
      <ManufactureCountry />
      <ManufactureItemDescription />
      <UnitQty>יח`</UnitQty>
      <Quantity>2</Quantity>
      <UnitMeasure>100 גרם</UnitMeasure>
      <BisWeighted>0</BisWeighted>
      <QtyInPackage>1</QtyInPackage>
      <ItemPrice>15.90</ItemPrice>
      <UnitOfMeasurePrice>7.95</UnitOfMeasurePrice>
      <AllowDiscount>1</AllowDiscount>
      <itemStatus>1</itemStatus>
      <LastUpdateDate />
      <LastUpdateTime />
    </Product>
    <Product>
      <PriceUpdateDate>2019/06/19 09:52</PriceUpdateDate>
      <ItemCode>7290102398058</ItemCode>
      <ItemType>1</ItemType>
      <ItemName>חלב שקית 3% 1 ליטר מהדרין וסט</ItemName>
      <ManufactureName>החב` המרכזית - טרה</ManufactureName>
      <ManufactureCountry />
      <ManufactureItemDescription />
      <UnitQty>יח`</UnitQty>
      <Quantity>1</Quantity>
      <UnitMeasure>1 ליטר</UnitMeasure>
      <BisWeighted>0</BisWeighted>
      <QtyInPackage>1</QtyInPackage>
      <ItemPrice>5.17</ItemPrice>
      <UnitOfMeasurePrice>5.17</UnitOfMeasurePrice>
      <AllowDiscount>0</AllowDiscount>
      <itemStatus>1</itemStatus>
      <LastUpdateDate />
      <LastUpdateTime />
    </Product>
    <Product>
      <PriceUpdateDate>2019/06/19 09:52</PriceUpdateDate>
      <ItemCode>7290102398065</ItemCode>
      <ItemType>1</ItemType>
      <ItemName>חלב קרטון 2 ליטר 3% מהדרין וסט</ItemName>
      <ManufactureName>החב` המרכזית - טרה</ManufactureName>
      <ManufactureCountry />
      <ManufactureItemDescription />
      <UnitQty>יח`</UnitQty>
      <Quantity>2</Quantity>
      <UnitMeasure>1 ליטר</UnitMeasure>
      <BisWeighted>0</BisWeighted>
      <QtyInPackage>1</QtyInPackage>
      <ItemPrice>11.88</ItemPrice>
      <UnitOfMeasurePrice>5.94</UnitOfMeasurePrice>
      <AllowDiscount>0</AllowDiscount>
      <itemStatus>1</itemStatus>
      <LastUpdateDate />
      <LastUpdateTime />
    </Product>
    <Product>
      <PriceUpdateDate>2019/06/19 09:52</PriceUpdateDate>
      <ItemCode>7290102398072</ItemCode>
      <ItemType>1</ItemType>
      <ItemName>חלב הומוגני 3% 1 ליטר מהדרין וסט</ItemName>
      <ManufactureName>החב` המרכזית - טרה</ManufactureName>
      <ManufactureCountry />
      <ManufactureItemDescription />
      <UnitQty>יח`</UnitQty>
      <Quantity>1</Quantity>
      <UnitMeasure>1 ליטר</UnitMeasure>
      <BisWeighted>0</BisWeighted>
      <QtyInPackage>1</QtyInPackage>
      <ItemPrice>5.94</ItemPrice>
      <UnitOfMeasurePrice>5.94</UnitOfMeasurePrice>
      <AllowDiscount>0</AllowDiscount>
      <itemStatus>1</itemStatus>
      <LastUpdateDate />
      <LastUpdateTime />
    </Product>
    <Product>
      <PriceUpdateDate>2018/05/18 09:20</PriceUpdateDate>
      <ItemCode>7290102398140</ItemCode>
      <ItemType>1</ItemType>
      <ItemName>מולר רייס בטעם במתיקות עדינה 170 גר`</ItemName>
      <ManufactureName>החב` המרכזית - טרה</ManufactureName>
      <ManufactureCountry />
      <ManufactureItemDescription />
      <UnitQty>יח`</UnitQty>
      <Quantity>1.70</Quantity>
      <UnitMeasure>100 גרם</UnitMeasure>
      <BisWeighted>0</BisWeighted>
      <QtyInPackage>1</QtyInPackage>
      <ItemPrice>4.90</ItemPrice>
      <UnitOfMeasurePrice>2.88</UnitOfMeasurePrice>
      <AllowDiscount>1</AllowDiscount>
      <itemStatus>1</itemStatus>
      <LastUpdateDate />
      <LastUpdateTime />
    </Product>
    <Product>
      <PriceUpdateDate>2018/05/18 09:20</PriceUpdateDate>
      <ItemCode>7290102398188</ItemCode>
      <ItemType>1</ItemType>
      <ItemName>מולר רייס בטעם תות 170 גר`</ItemName>
      <ManufactureName>החב` המרכזית - טרה</ManufactureName>
      <ManufactureCountry />
      <ManufactureItemDescription />
      <UnitQty>יח`</UnitQty>
      <Quantity>1.70</Quantity>
      <UnitMeasure>100 גרם</UnitMeasure>
      <BisWeighted>0</BisWeighted>
      <QtyInPackage>1</QtyInPackage>
      <ItemPrice>4.90</ItemPrice>
      <UnitOfMeasurePrice>2.88</UnitOfMeasurePrice>
      <AllowDiscount>1</AllowDiscount>
      <itemStatus>1</itemStatus>
      <LastUpdateDate />
      <LastUpdateTime />
    </Product>
    <Product>
      <PriceUpdateDate>2018/04/24 13:11</PriceUpdateDate>
      <ItemCode>7290102398287</ItemCode>
      <ItemType>1</ItemType>
      <ItemName>יוגורט ביו פרופ 0.9% תות מולר (150 גרם)</ItemName>
      <ManufactureName>החב` המרכזית - טרה</ManufactureName>
      <ManufactureCountry />
      <ManufactureItemDescription />
      <UnitQty>יח`</UnitQty>
      <Quantity>1.50</Quantity>
      <UnitMeasure>100 מ"ל</UnitMeasure>
      <BisWeighted>0</BisWeighted>
      <QtyInPackage>1</QtyInPackage>
      <ItemPrice>5</ItemPrice>
      <UnitOfMeasurePrice>3.33</UnitOfMeasurePrice>
      <AllowDiscount>0</AllowDiscount>
      <itemStatus>1</itemStatus>
      <LastUpdateDate />
      <LastUpdateTime />
    </Product>
    <Product>
      <PriceUpdateDate>2018/04/24 13:11</PriceUpdateDate>
      <ItemCode>7290102398294</ItemCode>
      <ItemType>1</ItemType>
      <ItemName>יוגורט ביו פרופ 0.9% מנגו מולר (150 גרם)</ItemName>
      <ManufactureName>החב` המרכזית - טרה</ManufactureName>
      <ManufactureCountry />
      <ManufactureItemDescription />
      <UnitQty>יח`</UnitQty>
      <Quantity>1.50</Quantity>
      <UnitMeasure>100 מ"ל</UnitMeasure>
      <BisWeighted>0</BisWeighted>
      <QtyInPackage>1</QtyInPackage>
      <ItemPrice>5</ItemPrice>
      <UnitOfMeasurePrice>3.33</UnitOfMeasurePrice>
      <AllowDiscount>0</AllowDiscount>
      <itemStatus>1</itemStatus>
      <LastUpdateDate />
      <LastUpdateTime />
    </Product>
    <Product>
      <PriceUpdateDate>2018/10/10 15:30</PriceUpdateDate>
      <ItemCode>7290102398331</ItemCode>
      <ItemType>1</ItemType>
      <ItemName>חלב מועשר דל לקטוז 1 ליטר טרה</ItemName>
      <ManufactureName>החב` המרכזית - טרה</ManufactureName>
      <ManufactureCountry />
      <ManufactureItemDescription />
      <UnitQty>יח`</UnitQty>
      <Quantity>1</Quantity>
      <UnitMeasure>1 ליטר</UnitMeasure>
      <BisWeighted>0</BisWeighted>
      <QtyInPackage>1</QtyInPackage>
      <ItemPrice>7.10</ItemPrice>
      <UnitOfMeasurePrice>7.10</UnitOfMeasurePrice>
      <AllowDiscount>0</AllowDiscount>
      <itemStatus>1</itemStatus>
      <LastUpdateDate />
      <LastUpdateTime />
    </Product>
    <Product>
      <PriceUpdateDate>2018/05/18 09:20</PriceUpdateDate>
      <ItemCode>7290102398348</ItemCode>
      <ItemType>1</ItemType>
      <ItemName>מולר מיקס תות בתופסת כריות 170 גר`</ItemName>
      <ManufactureName>החב` המרכזית - טרה</ManufactureName>
      <ManufactureCountry />
      <ManufactureItemDescription />
      <UnitQty>יח`</UnitQty>
      <Quantity>1.70</Quantity>
      <UnitMeasure>100 גרם</UnitMeasure>
      <BisWeighted>0</BisWeighted>
      <QtyInPackage>1</QtyInPackage>
      <ItemPrice>4.90</ItemPrice>
      <UnitOfMeasurePrice>2.88</UnitOfMeasurePrice>
      <AllowDiscount>0</AllowDiscount>
      <itemStatus>1</itemStatus>
      <LastUpdateDate />
      <LastUpdateTime />
    </Product>
    <Product>
      <PriceUpdateDate>2018/05/18 09:20</PriceUpdateDate>
      <ItemCode>7290102398393</ItemCode>
      <ItemType>1</ItemType>
      <ItemName>מולר רייס בטעם תפוח קינמון 170 גר`</ItemName>
      <ManufactureName>החב` המרכזית - טרה</ManufactureName>
      <ManufactureCountry />
      <ManufactureItemDescription />
      <UnitQty>יח`</UnitQty>
      <Quantity>1.70</Quantity>
      <UnitMeasure>100 גרם</UnitMeasure>
      <BisWeighted>0</BisWeighted>
      <QtyInPackage>1</QtyInPackage>
      <ItemPrice>4.90</ItemPrice>
      <UnitOfMeasurePrice>2.88</UnitOfMeasurePrice>
      <AllowDiscount>1</AllowDiscount>
      <itemStatus>1</itemStatus>
      <LastUpdateDate />
      <LastUpdateTime />
    </Product>
    <Product>
      <PriceUpdateDate>2020/01/13 09:47</PriceUpdateDate>
      <ItemCode>7290102398478</ItemCode>
      <ItemType>1</ItemType>
      <ItemName>לאבנה 9% טרה 500 גר`</ItemName>
      <ManufactureName>החב` המרכזית - טרה</ManufactureName>
      <ManufactureCountry />
      <ManufactureItemDescription />
      <UnitQty>יח`</UnitQty>
      <Quantity>5</Quantity>
      <UnitMeasure>100 גרם</UnitMeasure>
      <BisWeighted>0</BisWeighted>
      <QtyInPackage>1</QtyInPackage>
      <ItemPrice>19.90</ItemPrice>
      <UnitOfMeasurePrice>3.98</UnitOfMeasurePrice>
      <AllowDiscount>1</AllowDiscount>
      <itemStatus>1</itemStatus>
      <LastUpdateDate />
      <LastUpdateTime />
    </Product>
    <Product>
      <PriceUpdateDate>2019/04/03 10:01</PriceUpdateDate>
      <ItemCode>7290102398560</ItemCode>
      <ItemType>1</ItemType>
      <ItemName>משקה שוקו מועשר בבקבוק 1 ליטר טרה</ItemName>
      <ManufactureName>החב` המרכזית - טרה</ManufactureName>
      <ManufactureCountry />
      <ManufactureItemDescription />
      <UnitQty>יח`</UnitQty>
      <Quantity>1</Quantity>
      <UnitMeasure />
      <BisWeighted>0</BisWeighted>
      <QtyInPackage>1</QtyInPackage>
      <ItemPrice>11.50</ItemPrice>
      <UnitOfMeasurePrice>11.50</UnitOfMeasurePrice>
      <AllowDiscount>0</AllowDiscount>
      <itemStatus>1</itemStatus>
      <LastUpdateDate />
      <LastUpdateTime />
    </Product>
    <Product>
      <PriceUpdateDate>2018/07/23 10:21</PriceUpdateDate>
      <ItemCode>7290102398577</ItemCode>
      <ItemType>1</ItemType>
      <ItemName>שוקו מעושר בבקבוק 250 מל טרה</ItemName>
      <ManufactureName>החב` המרכזית - טרה</ManufactureName>
      <ManufactureCountry />
      <ManufactureItemDescription />
      <UnitQty>יח`</UnitQty>
      <Quantity>1</Quantity>
      <UnitMeasure />
      <BisWeighted>0</BisWeighted>
      <QtyInPackage>1</QtyInPackage>
      <ItemPrice>4.90</ItemPrice>
      <UnitOfMeasurePrice>4.90</UnitOfMeasurePrice>
      <AllowDiscount>0</AllowDiscount>
      <itemStatus>1</itemStatus>
      <LastUpdateDate />
      <LastUpdateTime />
    </Product>
    <Product>
      <PriceUpdateDate>2018/07/23 10:21</PriceUpdateDate>
      <ItemCode>7290102398614</ItemCode>
      <ItemType>1</ItemType>
      <ItemName>משקה חלב בטעם בננה 1 ליטר טרה</ItemName>
      <ManufactureName>החב` המרכזית - טרה</ManufactureName>
      <ManufactureCountry />
      <ManufactureItemDescription />
      <UnitQty>יח`</UnitQty>
      <Quantity>1</Quantity>
      <UnitMeasure />
      <BisWeighted>0</BisWeighted>
      <QtyInPackage>1</QtyInPackage>
      <ItemPrice>11.50</ItemPrice>
      <UnitOfMeasurePrice>11.50</UnitOfMeasurePrice>
      <AllowDiscount>1</AllowDiscount>
      <itemStatus>1</itemStatus>
      <LastUpdateDate />
      <LastUpdateTime />
    </Product>
    <Product>
      <PriceUpdateDate>2018/07/23 10:21</PriceUpdateDate>
      <ItemCode>7290102398638</ItemCode>
      <ItemType>1</ItemType>
      <ItemName>משקה חלב בטעם מוקה 1 ליטר טרה</ItemName>
      <ManufactureName>החב` המרכזית - טרה</ManufactureName>
      <ManufactureCountry />
      <ManufactureItemDescription />
      <UnitQty>יח`</UnitQty>
      <Quantity>1</Quantity>
      <UnitMeasure />
      <BisWeighted>0</BisWeighted>
      <QtyInPackage>1</QtyInPackage>
      <ItemPrice>11.50</ItemPrice>
      <UnitOfMeasurePrice>11.50</UnitOfMeasurePrice>
      <AllowDiscount>1</AllowDiscount>
      <itemStatus>1</itemStatus>
      <LastUpdateDate />
      <LastUpdateTime />
    </Product>
    <Product>
      <PriceUpdateDate>2019/06/12 06:49</PriceUpdateDate>
      <ItemCode>7290102398652</ItemCode>
      <ItemType>1</ItemType>
      <ItemName>משקה חלב בטעם שוקולד אגוזים 1 ליטר טרה</ItemName>
      <ManufactureName>החב` המרכזית - טרה</ManufactureName>
      <ManufactureCountry />
      <ManufactureItemDescription />
      <UnitQty>יח`</UnitQty>
      <Quantity>1</Quantity>
      <UnitMeasure />
      <BisWeighted>0</BisWeighted>
      <QtyInPackage>1</QtyInPackage>
      <ItemPrice>11.50</ItemPrice>
      <UnitOfMeasurePrice>11.50</UnitOfMeasurePrice>
      <AllowDiscount>1</AllowDiscount>
      <itemStatus>1</itemStatus>
      <LastUpdateDate />
      <LastUpdateTime />
    </Product>
    <Product>
      <PriceUpdateDate>2019/11/04 08:05</PriceUpdateDate>
      <ItemCode>7290102398782</ItemCode>
      <ItemType>1</ItemType>
      <ItemName>משקה סויה קלאסי 1 ליטר משק צוריאל</ItemName>
      <ManufactureName>החב` המרכזית - טרה</ManufactureName>
      <ManufactureCountry />
      <ManufactureItemDescription />
      <UnitQty>יח`</UnitQty>
      <Quantity>1</Quantity>
      <UnitMeasure />
      <BisWeighted>0</BisWeighted>
      <QtyInPackage>1</QtyInPackage>
      <ItemPrice>9.90</ItemPrice>
      <UnitOfMeasurePrice>9.90</UnitOfMeasurePrice>
      <AllowDiscount>1</AllowDiscount>
      <itemStatus>1</itemStatus>
      <LastUpdateDate />
      <LastUpdateTime />
    </Product>
    <Product>
      <PriceUpdateDate>2019/11/04 08:05</PriceUpdateDate>
      <ItemCode>7290102398799</ItemCode>
      <ItemType>1</ItemType>
      <ItemName>משקה סויה במתיקות מופחת 1 ליטר משק צוריא</ItemName>
      <ManufactureName>החב` המרכזית - טרה</ManufactureName>
      <ManufactureCountry />
      <ManufactureItemDescription />
      <UnitQty>יח`</UnitQty>
      <Quantity>1000</Quantity>
      <UnitMeasure>1 ליטר</UnitMeasure>
      <BisWeighted>0</BisWeighted>
      <QtyInPackage>1</QtyInPackage>
      <ItemPrice>9.90</ItemPrice>
      <UnitOfMeasurePrice>0.01</UnitOfMeasurePrice>
      <AllowDiscount>1</AllowDiscount>
      <itemStatus>1</itemStatus>
      <LastUpdateDate />
      <LastUpdateTime />
    </Product>
    <Product>
      <PriceUpdateDate>2019/11/04 08:05</PriceUpdateDate>
      <ItemCode>7290102398805</ItemCode>
      <ItemType>1</ItemType>
      <ItemName>משקה סויה בטעם וניל 1 ליטר משק צוריאל</ItemName>
      <ManufactureName>החב` המרכזית - טרה</ManufactureName>
      <ManufactureCountry />
      <ManufactureItemDescription />
      <UnitQty>יח`</UnitQty>
      <Quantity>1000</Quantity>
      <UnitMeasure>1 ליטר</UnitMeasure>
      <BisWeighted>0</BisWeighted>
      <QtyInPackage>1</QtyInPackage>
      <ItemPrice>9.90</ItemPrice>
      <UnitOfMeasurePrice>0.01</UnitOfMeasurePrice>
      <AllowDiscount>1</AllowDiscount>
      <itemStatus>1</itemStatus>
      <LastUpdateDate />
      <LastUpdateTime />
    </Product>
    <Product>
      <PriceUpdateDate>2019/11/04 08:05</PriceUpdateDate>
      <ItemCode>7290102398812</ItemCode>
      <ItemType>1</ItemType>
      <ItemName>משקה סויה לייט 1 ליטר משק צוריאל</ItemName>
      <ManufactureName>החב` המרכזית - טרה</ManufactureName>
      <ManufactureCountry />
      <ManufactureItemDescription />
      <UnitQty>יח`</UnitQty>
      <Quantity>1000</Quantity>
      <UnitMeasure>1 ליטר</UnitMeasure>
      <BisWeighted>0</BisWeighted>
      <QtyInPackage>1</QtyInPackage>
      <ItemPrice>9.90</ItemPrice>
      <UnitOfMeasurePrice>0.01</UnitOfMeasurePrice>
      <AllowDiscount>1</AllowDiscount>
      <itemStatus>1</itemStatus>
      <LastUpdateDate />
      <LastUpdateTime />
    </Product>
    <Product>
      <PriceUpdateDate>2019/11/04 08:05</PriceUpdateDate>
      <ItemCode>7290102398836</ItemCode>
      <ItemType>1</ItemType>
      <ItemName>משקה שקדים קלאסי 1 ליטר משק צוריאל</ItemName>
      <ManufactureName>החב` המרכזית - טרה</ManufactureName>
      <ManufactureCountry />
      <ManufactureItemDescription />
      <UnitQty>יח`</UnitQty>
      <Quantity>1</Quantity>
      <UnitMeasure />
      <BisWeighted>0</BisWeighted>
      <QtyInPackage>1</QtyInPackage>
      <ItemPrice>11.90</ItemPrice>
      <UnitOfMeasurePrice>11.90</UnitOfMeasurePrice>
      <AllowDiscount>1</AllowDiscount>
      <itemStatus>1</itemStatus>
      <LastUpdateDate />
      <LastUpdateTime />
    </Product>
    <Product>
      <PriceUpdateDate>2019/02/08 07:37</PriceUpdateDate>
      <ItemCode>7290102398898</ItemCode>
      <ItemType>1</ItemType>
      <ItemName>מולר יוגורט BIO מועשר חלבון ( 200 גר)</ItemName>
      <ManufactureName>החב` המרכזית - טרה</ManufactureName>
      <ManufactureCountry />
      <ManufactureItemDescription />
      <UnitQty>יח`</UnitQty>
      <Quantity>2</Quantity>
      <UnitMeasure>100 מ"ל</UnitMeasure>
      <BisWeighted>0</BisWeighted>
      <QtyInPackage>1</QtyInPackage>
      <ItemPrice>5.90</ItemPrice>
      <UnitOfMeasurePrice>2.95</UnitOfMeasurePrice>
      <AllowDiscount>1</AllowDiscount>
      <itemStatus>1</itemStatus>
      <LastUpdateDate />
      <LastUpdateTime />
    </Product>
    <Product>
      <PriceUpdateDate>2019/02/08 07:37</PriceUpdateDate>
      <ItemCode>7290102398904</ItemCode>
      <ItemType>1</ItemType>
      <ItemName>מולר Active מועשר בחלבון עם תות ( 150 גר</ItemName>
      <ManufactureName>החב` המרכזית - טרה</ManufactureName>
      <ManufactureCountry />
      <ManufactureItemDescription />
      <UnitQty>יח`</UnitQty>
      <Quantity>1.50</Quantity>
      <UnitMeasure>100 מ"ל</UnitMeasure>
      <BisWeighted>0</BisWeighted>
      <QtyInPackage>1</QtyInPackage>
      <ItemPrice>5.90</ItemPrice>
      <UnitOfMeasurePrice>3.93</UnitOfMeasurePrice>
      <AllowDiscount>1</AllowDiscount>
      <itemStatus>1</itemStatus>
      <LastUpdateDate />
      <LastUpdateTime />
    </Product>
    <Product>
      <PriceUpdateDate>2019/04/08 19:30</PriceUpdateDate>
      <ItemCode>7290102399048</ItemCode>
      <ItemType>1</ItemType>
      <ItemName>קשקבל נועם פתיחה חוזרת 200 גר`</ItemName>
      <ManufactureName>החב` המרכזית - טרה</ManufactureName>
      <ManufactureCountry />
      <ManufactureItemDescription />
      <UnitQty>יח`</UnitQty>
      <Quantity>2</Quantity>
      <UnitMeasure>100 גרם</UnitMeasure>
      <BisWeighted>0</BisWeighted>
      <QtyInPackage>1</QtyInPackage>
      <ItemPrice>21.90</ItemPrice>
      <UnitOfMeasurePrice>10.95</UnitOfMeasurePrice>
      <AllowDiscount>1</AllowDiscount>
      <itemStatus>1</itemStatus>
      <LastUpdateDate />
      <LastUpdateTime />
    </Product>
    <Product>
      <PriceUpdateDate>2019/09/25 09:45</PriceUpdateDate>
      <ItemCode>7290102399703</ItemCode>
      <ItemType>1</ItemType>
      <ItemName>מאגדת שמינייה מולר סיפלי מנגו ואננס 1.5%</ItemName>
      <ManufactureName>החב` המרכזית - טרה</ManufactureName>
      <ManufactureCountry />
      <ManufactureItemDescription />
      <UnitQty>יח`</UnitQty>
      <Quantity>1</Quantity>
      <UnitMeasure />
      <BisWeighted>0</BisWeighted>
      <QtyInPackage>1</QtyInPackage>
      <ItemPrice>29.90</ItemPrice>
      <UnitOfMeasurePrice>29.90</UnitOfMeasurePrice>
      <AllowDiscount>0</AllowDiscount>
      <itemStatus>1</itemStatus>
      <LastUpdateDate />
      <LastUpdateTime />
    </Product>
    <Product>
      <PriceUpdateDate>2018/04/24 10:13</PriceUpdateDate>
      <ItemCode>7290102840175</ItemCode>
      <ItemType>1</ItemType>
      <ItemName>אינסטנט פודינג בטעם וניל מיה (85 גרם)</ItemName>
      <ManufactureName>מיה תעשיות מזון מ.ת.מ. בעמ</ManufactureName>
      <ManufactureCountry />
      <ManufactureItemDescription />
      <UnitQty>יח`</UnitQty>
      <Quantity>0.85</Quantity>
      <UnitMeasure>100 גרם</UnitMeasure>
      <BisWeighted>0</BisWeighted>
      <QtyInPackage>1</QtyInPackage>
      <ItemPrice>3.90</ItemPrice>
      <UnitOfMeasurePrice>4.59</UnitOfMeasurePrice>
      <AllowDiscount>1</AllowDiscount>
      <itemStatus>1</itemStatus>
      <LastUpdateDate />
      <LastUpdateTime />
    </Product>
    <Product>
      <PriceUpdateDate>2018/04/24 10:13</PriceUpdateDate>
      <ItemCode>7290102840182</ItemCode>
      <ItemType>1</ItemType>
      <ItemName>פודינג בטעם שוקולד 85 גר` מיה</ItemName>
      <ManufactureName>מיה תעשיות מזון מ.ת.מ. בעמ</ManufactureName>
      <ManufactureCountry />
      <ManufactureItemDescription />
      <UnitQty>יח`</UnitQty>
      <Quantity>0.85</Quantity>
      <UnitMeasure>100 גרם</UnitMeasure>
      <BisWeighted>0</BisWeighted>
      <QtyInPackage>1</QtyInPackage>
      <ItemPrice>3.90</ItemPrice>
      <UnitOfMeasurePrice>4.59</UnitOfMeasurePrice>
      <AllowDiscount>1</AllowDiscount>
      <itemStatus>1</itemStatus>
      <LastUpdateDate />
      <LastUpdateTime />
    </Product>
    <Product>
      <PriceUpdateDate>2018/04/24 10:13</PriceUpdateDate>
      <ItemCode>7290102840205</ItemCode>
      <ItemType>1</ItemType>
      <ItemName>ג`לי בטעם תות 90 גר` מיה</ItemName>
      <ManufactureName>מיה תעשיות מזון מ.ת.מ. בעמ</ManufactureName>
      <ManufactureCountry />
      <ManufactureItemDescription />
      <UnitQty>יח`</UnitQty>
      <Quantity>0.90</Quantity>
      <UnitMeasure>100 גרם</UnitMeasure>
      <BisWeighted>0</BisWeighted>
      <QtyInPackage>1</QtyInPackage>
      <ItemPrice>3.90</ItemPrice>
      <UnitOfMeasurePrice>4.33</UnitOfMeasurePrice>
      <AllowDiscount>1</AllowDiscount>
      <itemStatus>1</itemStatus>
      <LastUpdateDate />
      <LastUpdateTime />
    </Product>
    <Product>
      <PriceUpdateDate>2018/04/24 10:32</PriceUpdateDate>
      <ItemCode>7290103120658</ItemCode>
      <ItemType>1</ItemType>
      <ItemName>ספיד סטיק 24/7 גל שחור</ItemName>
      <ManufactureName>ש.שסטוביץ בעמ</ManufactureName>
      <ManufactureCountry />
      <ManufactureItemDescription />
      <UnitQty>יח`</UnitQty>
      <Quantity>0.85</Quantity>
      <UnitMeasure>100 גרם</UnitMeasure>
      <BisWeighted>0</BisWeighted>
      <QtyInPackage>1</QtyInPackage>
      <ItemPrice>17.90</ItemPrice>
      <UnitOfMeasurePrice>21.06</UnitOfMeasurePrice>
      <AllowDiscount>0</AllowDiscount>
      <itemStatus>1</itemStatus>
      <LastUpdateDate />
      <LastUpdateTime />
    </Product>
    <Product>
      <PriceUpdateDate>2018/04/24 10:03</PriceUpdateDate>
      <ItemCode>7290103124601</ItemCode>
      <ItemType>1</ItemType>
      <ItemName>פלמוליב חלב ודבש 750מל חדש</ItemName>
      <ManufactureName>ש.שסטוביץ בעמ</ManufactureName>
      <ManufactureCountry />
      <ManufactureItemDescription />
      <UnitQty>יח`</UnitQty>
      <Quantity>7.50</Quantity>
      <UnitMeasure>100 מ"ל</UnitMeasure>
      <BisWeighted>0</BisWeighted>
      <QtyInPackage>1</QtyInPackage>
      <ItemPrice>19.90</ItemPrice>
      <UnitOfMeasurePrice>2.65</UnitOfMeasurePrice>
      <AllowDiscount>0</AllowDiscount>
      <itemStatus>1</itemStatus>
      <LastUpdateDate />
      <LastUpdateTime />
    </Product>
    <Product>
      <PriceUpdateDate>2018/04/24 09:30</PriceUpdateDate>
      <ItemCode>7290103126797</ItemCode>
      <ItemType>1</ItemType>
      <ItemName>קולגייט סנסיטיב פרו ריליף 75 מל</ItemName>
      <ManufactureName>ש.שסטוביץ בעמ</ManufactureName>
      <ManufactureCountry />
      <ManufactureItemDescription />
      <UnitQty>יח`</UnitQty>
      <Quantity>1.10</Quantity>
      <UnitMeasure>100 גרם</UnitMeasure>
      <BisWeighted>0</BisWeighted>
      <QtyInPackage>1</QtyInPackage>
      <ItemPrice>20</ItemPrice>
      <UnitOfMeasurePrice>18.18</UnitOfMeasurePrice>
      <AllowDiscount>1</AllowDiscount>
      <itemStatus>1</itemStatus>
      <LastUpdateDate />
      <LastUpdateTime />
    </Product>
    <Product>
      <PriceUpdateDate>2020/05/03 09:34</PriceUpdateDate>
      <ItemCode>7290103129378</ItemCode>
      <ItemType>1</ItemType>
      <ItemName>ספיד סטיק ג`ל אי</ItemName>
      <ManufactureName>ש.שסטוביץ בעמ</ManufactureName>
      <ManufactureCountry />
      <ManufactureItemDescription />
      <UnitQty>יח`</UnitQty>
      <Quantity>0.85</Quantity>
      <UnitMeasure>100 גרם</UnitMeasure>
      <BisWeighted>0</BisWeighted>
      <QtyInPackage>1</QtyInPackage>
      <ItemPrice>17.90</ItemPrice>
      <UnitOfMeasurePrice>21.06</UnitOfMeasurePrice>
      <AllowDiscount>0</AllowDiscount>
      <itemStatus>1</itemStatus>
      <LastUpdateDate />
      <LastUpdateTime />
    </Product>
    <Product>
      <PriceUpdateDate>2018/04/24 12:12</PriceUpdateDate>
      <ItemCode>7290103150129</ItemCode>
      <ItemType>1</ItemType>
      <ItemName>צלחות אובליות לסלט חד פעמיות לפיד (50)</ItemName>
      <ManufactureName>פאלאס תעשיות נטו (2014) בעמ</ManufactureName>
      <ManufactureCountry />
      <ManufactureItemDescription />
      <UnitQty>יח`</UnitQty>
      <Quantity>1</Quantity>
      <UnitMeasure />
      <BisWeighted>0</BisWeighted>
      <QtyInPackage>1</QtyInPackage>
      <ItemPrice>7.90</ItemPrice>
      <UnitOfMeasurePrice>7.90</UnitOfMeasurePrice>
      <AllowDiscount>1</AllowDiscount>
      <itemStatus>1</itemStatus>
      <LastUpdateDate />
      <LastUpdateTime />
    </Product>
    <Product>
      <PriceUpdateDate>2018/04/24 12:12</PriceUpdateDate>
      <ItemCode>7290103150136</ItemCode>
      <ItemType>1</ItemType>
      <ItemName>צלחת מרכזית חד פעמית לפיד) (50</ItemName>
      <ManufactureName>פאלאס תעשיות נטו (2014) בעמ</ManufactureName>
      <ManufactureCountry />
      <ManufactureItemDescription />
      <UnitQty>יח`</UnitQty>
      <Quantity>1</Quantity>
      <UnitMeasure />
      <BisWeighted>0</BisWeighted>
      <QtyInPackage>1</QtyInPackage>
      <ItemPrice>14.90</ItemPrice>
      <UnitOfMeasurePrice>14.90</UnitOfMeasurePrice>
      <AllowDiscount>0</AllowDiscount>
      <itemStatus>1</itemStatus>
      <LastUpdateDate />
      <LastUpdateTime />
    </Product>
    <Product>
      <PriceUpdateDate>2018/04/24 12:08</PriceUpdateDate>
      <ItemCode>7290103156312</ItemCode>
      <ItemType>1</ItemType>
      <ItemName>כף צבעונית לפיד (100)</ItemName>
      <ManufactureName>פאלאס תעשיות נטו (2014) בעמ</ManufactureName>
      <ManufactureCountry />
      <ManufactureItemDescription />
      <UnitQty>יח`</UnitQty>
      <Quantity>1</Quantity>
      <UnitMeasure />
      <BisWeighted>0</BisWeighted>
      <QtyInPackage>1</QtyInPackage>
      <ItemPrice>9.90</ItemPrice>
      <UnitOfMeasurePrice>9.90</UnitOfMeasurePrice>
      <AllowDiscount>1</AllowDiscount>
      <itemStatus>1</itemStatus>
      <LastUpdateDate />
      <LastUpdateTime />
    </Product>
    <Product>
      <PriceUpdateDate>2018/04/24 12:08</PriceUpdateDate>
      <ItemCode>7290103156329</ItemCode>
      <ItemType>1</ItemType>
      <ItemName>כפית צבעונית לפיד (100)</ItemName>
      <ManufactureName>פאלאס תעשיות נטו (2014) בעמ</ManufactureName>
      <ManufactureCountry />
      <ManufactureItemDescription />
      <UnitQty>יח`</UnitQty>
      <Quantity>1</Quantity>
      <UnitMeasure />
      <BisWeighted>0</BisWeighted>
      <QtyInPackage>1</QtyInPackage>
      <ItemPrice>9.90</ItemPrice>
      <UnitOfMeasurePrice>9.90</UnitOfMeasurePrice>
      <AllowDiscount>1</AllowDiscount>
      <itemStatus>1</itemStatus>
      <LastUpdateDate />
      <LastUpdateTime />
    </Product>
    <Product>
      <PriceUpdateDate>2018/04/24 12:08</PriceUpdateDate>
      <ItemCode>7290103156336</ItemCode>
      <ItemType>1</ItemType>
      <ItemName>מזלג צבעוני לפיד (100)</ItemName>
      <ManufactureName>פאלאס תעשיות נטו (2014) בעמ</ManufactureName>
      <ManufactureCountry />
      <ManufactureItemDescription />
      <UnitQty>יח`</UnitQty>
      <Quantity>1</Quantity>
      <UnitMeasure />
      <BisWeighted>0</BisWeighted>
      <QtyInPackage>1</QtyInPackage>
      <ItemPrice>9.90</ItemPrice>
      <UnitOfMeasurePrice>9.90</UnitOfMeasurePrice>
      <AllowDiscount>1</AllowDiscount>
      <itemStatus>1</itemStatus>
      <LastUpdateDate />
      <LastUpdateTime />
    </Product>
    <Product>
      <PriceUpdateDate>2018/04/24 12:11</PriceUpdateDate>
      <ItemCode>7290103156466</ItemCode>
      <ItemType>1</ItemType>
      <ItemName>כפות חד פעמיות לפיד (100)</ItemName>
      <ManufactureName>פאלאס תעשיות נטו (2014) בעמ</ManufactureName>
      <ManufactureCountry />
      <ManufactureItemDescription />
      <UnitQty>יח`</UnitQty>
      <Quantity>1</Quantity>
      <UnitMeasure />
      <BisWeighted>0</BisWeighted>
      <QtyInPackage>1</QtyInPackage>
      <ItemPrice>5.90</ItemPrice>
      <UnitOfMeasurePrice>5.90</UnitOfMeasurePrice>
      <AllowDiscount>1</AllowDiscount>
      <itemStatus>1</itemStatus>
      <LastUpdateDate />
      <LastUpdateTime />
    </Product>
    <Product>
      <PriceUpdateDate>2018/04/24 12:11</PriceUpdateDate>
      <ItemCode>7290103156473</ItemCode>
      <ItemType>1</ItemType>
      <ItemName>כפיות לפיד) (100</ItemName>
      <ManufactureName>פאלאס תעשיות נטו (2014) בעמ</ManufactureName>
      <ManufactureCountry />
      <ManufactureItemDescription />
      <UnitQty>יח`</UnitQty>
      <Quantity>1</Quantity>
      <UnitMeasure />
      <BisWeighted>0</BisWeighted>
      <QtyInPackage>1</QtyInPackage>
      <ItemPrice>5.90</ItemPrice>
      <UnitOfMeasurePrice>5.90</UnitOfMeasurePrice>
      <AllowDiscount>1</AllowDiscount>
      <itemStatus>1</itemStatus>
      <LastUpdateDate />
      <LastUpdateTime />
    </Product>
    <Product>
      <PriceUpdateDate>2018/04/24 12:11</PriceUpdateDate>
      <ItemCode>7290103156480</ItemCode>
      <ItemType>1</ItemType>
      <ItemName>מזלג חד פעמי לפיד (100)</ItemName>
      <ManufactureName>פאלאס תעשיות נטו (2014) בעמ</ManufactureName>
      <ManufactureCountry />
      <ManufactureItemDescription />
      <UnitQty>יח`</UnitQty>
      <Quantity>1</Quantity>
      <UnitMeasure />
      <BisWeighted>0</BisWeighted>
      <QtyInPackage>1</QtyInPackage>
      <ItemPrice>5.90</ItemPrice>
      <UnitOfMeasurePrice>5.90</UnitOfMeasurePrice>
      <AllowDiscount>1</AllowDiscount>
      <itemStatus>1</itemStatus>
      <LastUpdateDate />
      <LastUpdateTime />
    </Product>
    <Product>
      <PriceUpdateDate>2018/04/24 12:11</PriceUpdateDate>
      <ItemCode>7290103156497</ItemCode>
      <ItemType>1</ItemType>
      <ItemName>סכין חד פעמי לפיד (100)</ItemName>
      <ManufactureName>פאלאס תעשיות נטו (2014) בעמ</ManufactureName>
      <ManufactureCountry />
      <ManufactureItemDescription />
      <UnitQty>יח`</UnitQty>
      <Quantity>1</Quantity>
      <UnitMeasure />
      <BisWeighted>0</BisWeighted>
      <QtyInPackage>1</QtyInPackage>
      <ItemPrice>5.90</ItemPrice>
      <UnitOfMeasurePrice>5.90</UnitOfMeasurePrice>
      <AllowDiscount>1</AllowDiscount>
      <itemStatus>1</itemStatus>
      <LastUpdateDate />
      <LastUpdateTime />
    </Product>
    <Product>
      <PriceUpdateDate>2018/04/24 12:28</PriceUpdateDate>
      <ItemCode>7290103156930</ItemCode>
      <ItemType>1</ItemType>
      <ItemName>כוס יהלום לפיד (40)</ItemName>
      <ManufactureName>פאלאס תעשיות נטו (2014) בעמ</ManufactureName>
      <ManufactureCountry />
      <ManufactureItemDescription />
      <UnitQty>יח`</UnitQty>
      <Quantity>1</Quantity>
      <UnitMeasure />
      <BisWeighted>0</BisWeighted>
      <QtyInPackage>1</QtyInPackage>
      <ItemPrice>9.90</ItemPrice>
      <UnitOfMeasurePrice>9.90</UnitOfMeasurePrice>
      <AllowDiscount>1</AllowDiscount>
      <itemStatus>1</itemStatus>
      <LastUpdateDate />
      <LastUpdateTime />
    </Product>
    <Product>
      <PriceUpdateDate>2018/04/24 12:16</PriceUpdateDate>
      <ItemCode>7290103157678</ItemCode>
      <ItemType>1</ItemType>
      <ItemName>צלחות גדולות 1 קילו -פאלאס</ItemName>
      <ManufactureName>פאלאס תעשיות נטו (2014) בעמ</ManufactureName>
      <ManufactureCountry />
      <ManufactureItemDescription />
      <UnitQty>יח`</UnitQty>
      <Quantity>1</Quantity>
      <UnitMeasure />
      <BisWeighted>0</BisWeighted>
      <QtyInPackage>1</QtyInPackage>
      <ItemPrice>19.90</ItemPrice>
      <UnitOfMeasurePrice>19.90</UnitOfMeasurePrice>
      <AllowDiscount>1</AllowDiscount>
      <itemStatus>1</itemStatus>
      <LastUpdateDate />
      <LastUpdateTime />
    </Product>
    <Product>
      <PriceUpdateDate>2018/04/24 10:39</PriceUpdateDate>
      <ItemCode>7290103400194</ItemCode>
      <ItemType>1</ItemType>
      <ItemName>כרוב לבן 400 ג בדצ ירקות שטראוס טעם הטבע</ItemName>
      <ManufactureName>שטראוס גרופ בעמ/מצונן</ManufactureName>
      <ManufactureCountry />
      <ManufactureItemDescription />
      <UnitQty>יח`</UnitQty>
      <Quantity>4</Quantity>
      <UnitMeasure>100 גרם</UnitMeasure>
      <BisWeighted>0</BisWeighted>
      <QtyInPackage>1</QtyInPackage>
      <ItemPrice>8.50</ItemPrice>
      <UnitOfMeasurePrice>2.13</UnitOfMeasurePrice>
      <AllowDiscount>0</AllowDiscount>
      <itemStatus>1</itemStatus>
      <LastUpdateDate />
      <LastUpdateTime />
    </Product>
    <Product>
      <PriceUpdateDate>2018/04/24 10:39</PriceUpdateDate>
      <ItemCode>7290103400231</ItemCode>
      <ItemType>1</ItemType>
      <ItemName>גזר גוליאן בדצ 400גר שטראוס טעם הטבע</ItemName>
      <ManufactureName>שטראוס גרופ בעמ/מצונן</ManufactureName>
      <ManufactureCountry />
      <ManufactureItemDescription />
      <UnitQty>יח`</UnitQty>
      <Quantity>4</Quantity>
      <UnitMeasure>100 גרם</UnitMeasure>
      <BisWeighted>0</BisWeighted>
      <QtyInPackage>1</QtyInPackage>
      <ItemPrice>8.50</ItemPrice>
      <UnitOfMeasurePrice>2.13</UnitOfMeasurePrice>
      <AllowDiscount>0</AllowDiscount>
      <itemStatus>1</itemStatus>
      <LastUpdateDate />
      <LastUpdateTime />
    </Product>
    <Product>
      <PriceUpdateDate>2018/04/24 10:39</PriceUpdateDate>
      <ItemCode>7290103400255</ItemCode>
      <ItemType>1</ItemType>
      <ItemName>סלט קולסלאו 400 ג בדצ ירקות שטראוס טעם ה</ItemName>
      <ManufactureName>שטראוס גרופ בעמ/מצונן</ManufactureName>
      <ManufactureCountry />
      <ManufactureItemDescription />
      <UnitQty>יח`</UnitQty>
      <Quantity>4</Quantity>
      <UnitMeasure>100 גרם</UnitMeasure>
      <BisWeighted>0</BisWeighted>
      <QtyInPackage>1</QtyInPackage>
      <ItemPrice>8.50</ItemPrice>
      <UnitOfMeasurePrice>2.13</UnitOfMeasurePrice>
      <AllowDiscount>0</AllowDiscount>
      <itemStatus>1</itemStatus>
      <LastUpdateDate />
      <LastUpdateTime />
    </Product>
    <Product>
      <PriceUpdateDate>2018/04/24 10:03</PriceUpdateDate>
      <ItemCode>7290103401382</ItemCode>
      <ItemType>1</ItemType>
      <ItemName>קפה PLATINUM אפריקאי 200 גר</ItemName>
      <ManufactureName>שטראוס גרופ בעמ</ManufactureName>
      <ManufactureCountry />
      <ManufactureItemDescription />
      <UnitQty>יח`</UnitQty>
      <Quantity>2</Quantity>
      <UnitMeasure>100 גרם</UnitMeasure>
      <BisWeighted>0</BisWeighted>
      <QtyInPackage>1</QtyInPackage>
      <ItemPrice>25.90</ItemPrice>
      <UnitOfMeasurePrice>12.95</UnitOfMeasurePrice>
      <AllowDiscount>0</AllowDiscount>
      <itemStatus>1</itemStatus>
      <LastUpdateDate />
      <LastUpdateTime />
    </Product>
    <Product>
      <PriceUpdateDate>2019/10/23 09:40</PriceUpdateDate>
      <ItemCode>7290103401429</ItemCode>
      <ItemType>1</ItemType>
      <ItemName>קפה PLATINUM ברזילאי 200 גר</ItemName>
      <ManufactureName>שטראוס גרופ בעמ</ManufactureName>
      <ManufactureCountry />
      <ManufactureItemDescription />
      <UnitQty>יח`</UnitQty>
      <Quantity>2</Quantity>
      <UnitMeasure>100 גרם</UnitMeasure>
      <BisWeighted>0</BisWeighted>
      <QtyInPackage>1</QtyInPackage>
      <ItemPrice>21.90</ItemPrice>
      <UnitOfMeasurePrice>10.95</UnitOfMeasurePrice>
      <AllowDiscount>0</AllowDiscount>
      <itemStatus>1</itemStatus>
      <LastUpdateDate />
      <LastUpdateTime />
    </Product>
    <Product>
      <PriceUpdateDate>2018/04/24 10:03</PriceUpdateDate>
      <ItemCode>7290103402815</ItemCode>
      <ItemType>1</ItemType>
      <ItemName>אצבעות שוקולד עם קרם חלב עלית (96 גרם)</ItemName>
      <ManufactureName>שטראוס גרופ בעמ</ManufactureName>
      <ManufactureCountry />
      <ManufactureItemDescription />
      <UnitQty>יח`</UnitQty>
      <Quantity>0.96</Quantity>
      <UnitMeasure>100 גרם</UnitMeasure>
      <BisWeighted>0</BisWeighted>
      <QtyInPackage>1</QtyInPackage>
      <ItemPrice>7.90</ItemPrice>
      <UnitOfMeasurePrice>8.23</UnitOfMeasurePrice>
      <AllowDiscount>0</AllowDiscount>
      <itemStatus>1</itemStatus>
      <LastUpdateDate />
      <LastUpdateTime />
    </Product>
    <Product>
      <PriceUpdateDate>2019/01/07 10:57</PriceUpdateDate>
      <ItemCode>7290103404758</ItemCode>
      <ItemType>1</ItemType>
      <ItemName>כרוב אדום במיונז אחלה (120 גרם)</ItemName>
      <ManufactureName>שטראוס גרופ בעמ/מצונן</ManufactureName>
      <ManufactureCountry />
      <ManufactureItemDescription />
      <UnitQty>יח`</UnitQty>
      <Quantity>1.20</Quantity>
      <UnitMeasure>100 גרם</UnitMeasure>
      <BisWeighted>0</BisWeighted>
      <QtyInPackage>1</QtyInPackage>
      <ItemPrice>5</ItemPrice>
      <UnitOfMeasurePrice>4.17</UnitOfMeasurePrice>
      <AllowDiscount>0</AllowDiscount>
      <itemStatus>1</itemStatus>
      <LastUpdateDate />
      <LastUpdateTime />
    </Product>
    <Product>
      <PriceUpdateDate>2018/04/24 10:05</PriceUpdateDate>
      <ItemCode>7290103407223</ItemCode>
      <ItemType>1</ItemType>
      <ItemName>שמיניית אצבעות שוקולד מגדים סוכריות קופצ</ItemName>
      <ManufactureName>שטראוס גרופ בעמ</ManufactureName>
      <ManufactureCountry />
      <ManufactureItemDescription />
      <UnitQty>יח`</UnitQty>
      <Quantity>0.96</Quantity>
      <UnitMeasure>100 גרם</UnitMeasure>
      <BisWeighted>0</BisWeighted>
      <QtyInPackage>1</QtyInPackage>
      <ItemPrice>7.90</ItemPrice>
      <UnitOfMeasurePrice>8.23</UnitOfMeasurePrice>
      <AllowDiscount>0</AllowDiscount>
      <itemStatus>1</itemStatus>
      <LastUpdateDate />
      <LastUpdateTime />
    </Product>
    <Product>
      <PriceUpdateDate>2018/04/24 09:56</PriceUpdateDate>
      <ItemCode>7290103407506</ItemCode>
      <ItemType>1</ItemType>
      <ItemName>מקופלת XL חלבי 33 גר</ItemName>
      <ManufactureName>שטראוס גרופ בעמ</ManufactureName>
      <ManufactureCountry />
      <ManufactureItemDescription />
      <UnitQty>יח`</UnitQty>
      <Quantity>0.33</Quantity>
      <UnitMeasure>100 גרם</UnitMeasure>
      <BisWeighted>0</BisWeighted>
      <QtyInPackage>1</QtyInPackage>
      <ItemPrice>3.90</ItemPrice>
      <UnitOfMeasurePrice>11.82</UnitOfMeasurePrice>
      <AllowDiscount>1</AllowDiscount>
      <itemStatus>1</itemStatus>
      <LastUpdateDate />
      <LastUpdateTime />
    </Product>
    <Product>
      <PriceUpdateDate>2018/04/24 09:56</PriceUpdateDate>
      <ItemCode>7290103407629</ItemCode>
      <ItemType>1</ItemType>
      <ItemName>גרנולה קראנצי שילוב דגנים עם מייפל ופקאן</ItemName>
      <ManufactureName>שטראוס גרופ בעמ</ManufactureName>
      <ManufactureCountry />
      <ManufactureItemDescription />
      <UnitQty>יח`</UnitQty>
      <Quantity>4</Quantity>
      <UnitMeasure>100 גרם</UnitMeasure>
      <BisWeighted>0</BisWeighted>
      <QtyInPackage>1</QtyInPackage>
      <ItemPrice>17.90</ItemPrice>
      <UnitOfMeasurePrice>4.48</UnitOfMeasurePrice>
      <AllowDiscount>1</AllowDiscount>
      <itemStatus>1</itemStatus>
      <LastUpdateDate />
      <LastUpdateTime />
    </Product>
    <Product>
      <PriceUpdateDate>2018/04/24 10:45</PriceUpdateDate>
      <ItemCode>7290103408206</ItemCode>
      <ItemType>1</ItemType>
      <ItemName>עלי חסה ערבית שטופים 250 גר טעם הטבע</ItemName>
      <ManufactureName>שטראוס גרופ בעמ/מצונן</ManufactureName>
      <ManufactureCountry />
      <ManufactureItemDescription />
      <UnitQty>יח`</UnitQty>
      <Quantity>2.50</Quantity>
      <UnitMeasure>100 גרם</UnitMeasure>
      <BisWeighted>0</BisWeighted>
      <QtyInPackage>1</QtyInPackage>
      <ItemPrice>9.90</ItemPrice>
      <UnitOfMeasurePrice>3.96</UnitOfMeasurePrice>
      <AllowDiscount>1</AllowDiscount>
      <itemStatus>1</itemStatus>
      <LastUpdateDate />
      <LastUpdateTime />
    </Product>
    <Product>
      <PriceUpdateDate>2020/03/15 15:52</PriceUpdateDate>
      <ItemCode>7290103702656</ItemCode>
      <ItemType>1</ItemType>
      <ItemName>מגבות מטבח לובלי שישייה</ItemName>
      <ManufactureName>שניב תעשיות נייר בעמ</ManufactureName>
      <ManufactureCountry />
      <ManufactureItemDescription />
      <UnitQty>יח`</UnitQty>
      <Quantity>1</Quantity>
      <UnitMeasure />
      <BisWeighted>0</BisWeighted>
      <QtyInPackage>1</QtyInPackage>
      <ItemPrice>9.90</ItemPrice>
      <UnitOfMeasurePrice>9.90</UnitOfMeasurePrice>
      <AllowDiscount>0</AllowDiscount>
      <itemStatus>1</itemStatus>
      <LastUpdateDate />
      <LastUpdateTime />
    </Product>
    <Product>
      <PriceUpdateDate>2019/08/14 17:32</PriceUpdateDate>
      <ItemCode>7290103702779</ItemCode>
      <ItemType>1</ItemType>
      <ItemName>מפיות טאצ` 150 יח</ItemName>
      <ManufactureName>שניב תעשיות נייר בעמ</ManufactureName>
      <ManufactureCountry />
      <ManufactureItemDescription />
      <UnitQty>יח`</UnitQty>
      <Quantity>1</Quantity>
      <UnitMeasure />
      <BisWeighted>0</BisWeighted>
      <QtyInPackage>1</QtyInPackage>
      <ItemPrice>6.90</ItemPrice>
      <UnitOfMeasurePrice>6.90</UnitOfMeasurePrice>
      <AllowDiscount>0</AllowDiscount>
      <itemStatus>1</itemStatus>
      <LastUpdateDate />
      <LastUpdateTime />
    </Product>
    <Product>
      <PriceUpdateDate>2019/08/07 13:05</PriceUpdateDate>
      <ItemCode>7290103742003</ItemCode>
      <ItemType>1</ItemType>
      <ItemName>מגבות טאצ שישייה</ItemName>
      <ManufactureName>שניב תעשיות נייר בעמ</ManufactureName>
      <ManufactureCountry />
      <ManufactureItemDescription />
      <UnitQty>יח`</UnitQty>
      <Quantity>1</Quantity>
      <UnitMeasure />
      <BisWeighted>0</BisWeighted>
      <QtyInPackage>1</QtyInPackage>
      <ItemPrice>9.90</ItemPrice>
      <UnitOfMeasurePrice>9.90</UnitOfMeasurePrice>
      <AllowDiscount>1</AllowDiscount>
      <itemStatus>1</itemStatus>
      <LastUpdateDate />
      <LastUpdateTime />
    </Product>
    <Product>
      <PriceUpdateDate>2019/08/05 14:44</PriceUpdateDate>
      <ItemCode>7290103746001</ItemCode>
      <ItemType>1</ItemType>
      <ItemName>ממחטות טאצ` חמישייה צבעוני 500 דף</ItemName>
      <ManufactureName>שניב תעשיות נייר בעמ</ManufactureName>
      <ManufactureCountry />
      <ManufactureItemDescription />
      <UnitQty>יח`</UnitQty>
      <Quantity>1</Quantity>
      <UnitMeasure />
      <BisWeighted>0</BisWeighted>
      <QtyInPackage>1</QtyInPackage>
      <ItemPrice>11.90</ItemPrice>
      <UnitOfMeasurePrice>11.90</UnitOfMeasurePrice>
      <AllowDiscount>1</AllowDiscount>
      <itemStatus>1</itemStatus>
      <LastUpdateDate />
      <LastUpdateTime />
    </Product>
    <Product>
      <PriceUpdateDate>2018/04/24 09:55</PriceUpdateDate>
      <ItemCode>7290104060403</ItemCode>
      <ItemType>1</ItemType>
      <ItemName>מסטיק ללא סוכר בטעם ענבים בזוקה (28 גרם)</ItemName>
      <ManufactureName>שטראוס גרופ בעמ</ManufactureName>
      <ManufactureCountry />
      <ManufactureItemDescription />
      <UnitQty>יח`</UnitQty>
      <Quantity>0.28</Quantity>
      <UnitMeasure>100 גרם</UnitMeasure>
      <BisWeighted>0</BisWeighted>
      <QtyInPackage>1</QtyInPackage>
      <ItemPrice>4.90</ItemPrice>
      <UnitOfMeasurePrice>17.50</UnitOfMeasurePrice>
      <AllowDiscount>0</AllowDiscount>
      <itemStatus>1</itemStatus>
      <LastUpdateDate />
      <LastUpdateTime />
    </Product>
    <Product>
      <PriceUpdateDate>2019/04/08 14:54</PriceUpdateDate>
      <ItemCode>7290104061219</ItemCode>
      <ItemType>1</ItemType>
      <ItemName>רבע לשבע אגוזים 120 גר`</ItemName>
      <ManufactureName>שטראוס גרופ בעמ</ManufactureName>
      <ManufactureCountry />
      <ManufactureItemDescription />
      <UnitQty>יח`</UnitQty>
      <Quantity>1.20</Quantity>
      <UnitMeasure>100 גרם</UnitMeasure>
      <BisWeighted>0</BisWeighted>
      <QtyInPackage>1</QtyInPackage>
      <ItemPrice>12.90</ItemPrice>
      <UnitOfMeasurePrice>10.75</UnitOfMeasurePrice>
      <AllowDiscount>1</AllowDiscount>
      <itemStatus>1</itemStatus>
      <LastUpdateDate />
      <LastUpdateTime />
    </Product>
    <Product>
      <PriceUpdateDate>2018/08/01 14:14</PriceUpdateDate>
      <ItemCode>7290104061417</ItemCode>
      <ItemType>1</ItemType>
      <ItemName>חומוס עם טחינה אחלה (400 גרם)</ItemName>
      <ManufactureName>שטראוס גרופ בעמ/מצונן</ManufactureName>
      <ManufactureCountry />
      <ManufactureItemDescription />
      <UnitQty>יח`</UnitQty>
      <Quantity>4</Quantity>
      <UnitMeasure>100 גרם</UnitMeasure>
      <BisWeighted>0</BisWeighted>
      <QtyInPackage>1</QtyInPackage>
      <ItemPrice>11.50</ItemPrice>
      <UnitOfMeasurePrice>2.88</UnitOfMeasurePrice>
      <AllowDiscount>0</AllowDiscount>
      <itemStatus>1</itemStatus>
      <LastUpdateDate />
      <LastUpdateTime />
    </Product>
    <Product>
      <PriceUpdateDate>2018/08/01 14:14</PriceUpdateDate>
      <ItemCode>7290104061431</ItemCode>
      <ItemType>1</ItemType>
      <ItemName>חומוס עם צנובר אחלה (400 גרם)</ItemName>
      <ManufactureName>שטראוס גרופ בעמ/מצונן</ManufactureName>
      <ManufactureCountry />
      <ManufactureItemDescription />
      <UnitQty>יח`</UnitQty>
      <Quantity>4</Quantity>
      <UnitMeasure>100 גרם</UnitMeasure>
      <BisWeighted>0</BisWeighted>
      <QtyInPackage>1</QtyInPackage>
      <ItemPrice>11.50</ItemPrice>
      <UnitOfMeasurePrice>2.88</UnitOfMeasurePrice>
      <AllowDiscount>0</AllowDiscount>
      <itemStatus>1</itemStatus>
      <LastUpdateDate />
      <LastUpdateTime />
    </Product>
    <Product>
      <PriceUpdateDate>2018/08/01 14:14</PriceUpdateDate>
      <ItemCode>7290104061448</ItemCode>
      <ItemType>1</ItemType>
      <ItemName>חומוס וחריף אחלה (400 גרם)</ItemName>
      <ManufactureName>שטראוס גרופ בעמ/מצונן</ManufactureName>
      <ManufactureCountry />
      <ManufactureItemDescription />
      <UnitQty>יח`</UnitQty>
      <Quantity>4</Quantity>
      <UnitMeasure>100 גרם</UnitMeasure>
      <BisWeighted>0</BisWeighted>
      <QtyInPackage>1</QtyInPackage>
      <ItemPrice>11.50</ItemPrice>
      <UnitOfMeasurePrice>2.88</UnitOfMeasurePrice>
      <AllowDiscount>0</AllowDiscount>
      <itemStatus>1</itemStatus>
      <LastUpdateDate />
      <LastUpdateTime />
    </Product>
    <Product>
      <PriceUpdateDate>2018/08/01 14:14</PriceUpdateDate>
      <ItemCode>7290104062599</ItemCode>
      <ItemType>1</ItemType>
      <ItemName>מעדן בטעם תות בננה גמדים (100x8 גרם)</ItemName>
      <ManufactureName>שטראוס גרופ בעמ/מצונן</ManufactureName>
      <ManufactureCountry />
      <ManufactureItemDescription />
      <UnitQty>יח`</UnitQty>
      <Quantity>8</Quantity>
      <UnitMeasure>100 מ"ל</UnitMeasure>
      <BisWeighted>0</BisWeighted>
      <QtyInPackage>1</QtyInPackage>
      <ItemPrice>18.80</ItemPrice>
      <UnitOfMeasurePrice>2.35</UnitOfMeasurePrice>
      <AllowDiscount>0</AllowDiscount>
      <itemStatus>1</itemStatus>
      <LastUpdateDate />
      <LastUpdateTime />
    </Product>
    <Product>
      <PriceUpdateDate>2018/04/24 10:37</PriceUpdateDate>
      <ItemCode>7290104065934</ItemCode>
      <ItemType>1</ItemType>
      <ItemName>עלי רוקט שטראוס 150 גר`-טעם הטבע</ItemName>
      <ManufactureName>שטראוס גרופ בעמ/מצונן</ManufactureName>
      <ManufactureCountry />
      <ManufactureItemDescription />
      <UnitQty>יח`</UnitQty>
      <Quantity>1.50</Quantity>
      <UnitMeasure>100 גרם</UnitMeasure>
      <BisWeighted>0</BisWeighted>
      <QtyInPackage>1</QtyInPackage>
      <ItemPrice>9.90</ItemPrice>
      <UnitOfMeasurePrice>6.60</UnitOfMeasurePrice>
      <AllowDiscount>1</AllowDiscount>
      <itemStatus>1</itemStatus>
      <LastUpdateDate />
      <LastUpdateTime />
    </Product>
    <Product>
      <PriceUpdateDate>2018/04/24 10:37</PriceUpdateDate>
      <ItemCode>7290104066016</ItemCode>
      <ItemType>1</ItemType>
      <ItemName>מילקי טופ עדשים</ItemName>
      <ManufactureName>שטראוס גרופ בעמ/מצונן</ManufactureName>
      <ManufactureCountry />
      <ManufactureItemDescription />
      <UnitQty>יח`</UnitQty>
      <Quantity>1.70</Quantity>
      <UnitMeasure>100 מ"ל</UnitMeasure>
      <BisWeighted>0</BisWeighted>
      <QtyInPackage>1</QtyInPackage>
      <ItemPrice>4.60</ItemPrice>
      <UnitOfMeasurePrice>2.71</UnitOfMeasurePrice>
      <AllowDiscount>1</AllowDiscount>
      <itemStatus>1</itemStatus>
      <LastUpdateDate />
      <LastUpdateTime />
    </Product>
    <Product>
      <PriceUpdateDate>2018/07/05 12:00</PriceUpdateDate>
      <ItemCode>7290104066566</ItemCode>
      <ItemType>1</ItemType>
      <ItemName>טחינה משומשום מלא אחלה (500 גרם)</ItemName>
      <ManufactureName>שטראוס גרופ בעמ/מצונן</ManufactureName>
      <ManufactureCountry />
      <ManufactureItemDescription />
      <UnitQty>יח`</UnitQty>
      <Quantity>5</Quantity>
      <UnitMeasure>100 גרם</UnitMeasure>
      <BisWeighted>0</BisWeighted>
      <QtyInPackage>1</QtyInPackage>
      <ItemPrice>14.90</ItemPrice>
      <UnitOfMeasurePrice>2.98</UnitOfMeasurePrice>
      <AllowDiscount>0</AllowDiscount>
      <itemStatus>1</itemStatus>
      <LastUpdateDate />
      <LastUpdateTime />
    </Product>
    <Product>
      <PriceUpdateDate>2018/07/25 09:20</PriceUpdateDate>
      <ItemCode>7290104067198</ItemCode>
      <ItemType>1</ItemType>
      <ItemName>ספלנדיד תפוז בדצ</ItemName>
      <ManufactureName>שטראוס גרופ בעמ</ManufactureName>
      <ManufactureCountry />
      <ManufactureItemDescription />
      <UnitQty>יח`</UnitQty>
      <Quantity>1</Quantity>
      <UnitMeasure>100 גרם</UnitMeasure>
      <BisWeighted>0</BisWeighted>
      <QtyInPackage>1</QtyInPackage>
      <ItemPrice>10.90</ItemPrice>
      <UnitOfMeasurePrice>10.90</UnitOfMeasurePrice>
      <AllowDiscount>0</AllowDiscount>
      <itemStatus>1</itemStatus>
      <LastUpdateDate />
      <LastUpdateTime />
    </Product>
    <Product>
      <PriceUpdateDate>2018/04/24 11:31</PriceUpdateDate>
      <ItemCode>7290104500572</ItemCode>
      <ItemType>1</ItemType>
      <ItemName>אפרופו 50 גר` איטליאנו</ItemName>
      <ManufactureName>קבוצת אסם סחר שות. מוגבלת</ManufactureName>
      <ManufactureCountry />
      <ManufactureItemDescription />
      <UnitQty>יח`</UnitQty>
      <Quantity>0.50</Quantity>
      <UnitMeasure>100 גרם</UnitMeasure>
      <BisWeighted>0</BisWeighted>
      <QtyInPackage>1</QtyInPackage>
      <ItemPrice>5</ItemPrice>
      <UnitOfMeasurePrice>10</UnitOfMeasurePrice>
      <AllowDiscount>1</AllowDiscount>
      <itemStatus>1</itemStatus>
      <LastUpdateDate />
      <LastUpdateTime />
    </Product>
    <Product>
      <PriceUpdateDate>2018/04/24 10:01</PriceUpdateDate>
      <ItemCode>7290104501661</ItemCode>
      <ItemType>1</ItemType>
      <ItemName>פודינג בטעם וניל צרפתי 80  גר`אסם</ItemName>
      <ManufactureName>קבוצת אסם סחר שות. מוגבלת</ManufactureName>
      <ManufactureCountry />
      <ManufactureItemDescription />
      <UnitQty>יח`</UnitQty>
      <Quantity>0.80</Quantity>
      <UnitMeasure>100 גרם</UnitMeasure>
      <BisWeighted>0</BisWeighted>
      <QtyInPackage>1</QtyInPackage>
      <ItemPrice>5.90</ItemPrice>
      <UnitOfMeasurePrice>7.38</UnitOfMeasurePrice>
      <AllowDiscount>0</AllowDiscount>
      <itemStatus>1</itemStatus>
      <LastUpdateDate />
      <LastUpdateTime />
    </Product>
    <Product>
      <PriceUpdateDate>2018/04/24 10:03</PriceUpdateDate>
      <ItemCode>7290104503269</ItemCode>
      <ItemType>1</ItemType>
      <ItemName>פודינג בטעם שוקולד מריר 95 גר` אסם</ItemName>
      <ManufactureName>קבוצת אסם סחר שות. מוגבלת</ManufactureName>
      <ManufactureCountry />
      <ManufactureItemDescription />
      <UnitQty>יח`</UnitQty>
      <Quantity>0.95</Quantity>
      <UnitMeasure>100 גרם</UnitMeasure>
      <BisWeighted>0</BisWeighted>
      <QtyInPackage>1</QtyInPackage>
      <ItemPrice>5.90</ItemPrice>
      <UnitOfMeasurePrice>6.21</UnitOfMeasurePrice>
      <AllowDiscount>1</AllowDiscount>
      <itemStatus>1</itemStatus>
      <LastUpdateDate />
      <LastUpdateTime />
    </Product>
    <Product>
      <PriceUpdateDate>2018/08/05 11:28</PriceUpdateDate>
      <ItemCode>7290104504228</ItemCode>
      <ItemType>1</ItemType>
      <ItemName>דובונים חטיף תפוחי אדמה אסם (20x5 גרם)</ItemName>
      <ManufactureName>קבוצת אסם סחר שות. מוגבלת</ManufactureName>
      <ManufactureCountry />
      <ManufactureItemDescription />
      <UnitQty>יח`</UnitQty>
      <Quantity>1</Quantity>
      <UnitMeasure>100 גרם</UnitMeasure>
      <BisWeighted>0</BisWeighted>
      <QtyInPackage>1</QtyInPackage>
      <ItemPrice>13.90</ItemPrice>
      <UnitOfMeasurePrice>13.90</UnitOfMeasurePrice>
      <AllowDiscount>1</AllowDiscount>
      <itemStatus>1</itemStatus>
      <LastUpdateDate />
      <LastUpdateTime />
    </Product>
    <Product>
      <PriceUpdateDate>2018/04/24 10:04</PriceUpdateDate>
      <ItemCode>7290104508189</ItemCode>
      <ItemType>1</ItemType>
      <ItemName>גביעי גלידה אסם) (24</ItemName>
      <ManufactureName>קבוצת אסם סחר שות. מוגבלת</ManufactureName>
      <ManufactureCountry />
      <ManufactureItemDescription />
      <UnitQty>יח`</UnitQty>
      <Quantity>0.95</Quantity>
      <UnitMeasure>100 גרם</UnitMeasure>
      <BisWeighted>0</BisWeighted>
      <QtyInPackage>1</QtyInPackage>
      <ItemPrice>13.90</ItemPrice>
      <UnitOfMeasurePrice>14.63</UnitOfMeasurePrice>
      <AllowDiscount>0</AllowDiscount>
      <itemStatus>1</itemStatus>
      <LastUpdateDate />
      <LastUpdateTime />
    </Product>
    <Product>
      <PriceUpdateDate>2018/04/24 10:04</PriceUpdateDate>
      <ItemCode>7290104508202</ItemCode>
      <ItemType>1</ItemType>
      <ItemName>גביעי גלידה אמריקאים אסם) (24</ItemName>
      <ManufactureName>קבוצת אסם סחר שות. מוגבלת</ManufactureName>
      <ManufactureCountry />
      <ManufactureItemDescription />
      <UnitQty>יח`</UnitQty>
      <Quantity>1.20</Quantity>
      <UnitMeasure>100 גרם</UnitMeasure>
      <BisWeighted>0</BisWeighted>
      <QtyInPackage>1</QtyInPackage>
      <ItemPrice>13.90</ItemPrice>
      <UnitOfMeasurePrice>11.58</UnitOfMeasurePrice>
      <AllowDiscount>0</AllowDiscount>
      <itemStatus>1</itemStatus>
      <LastUpdateDate />
      <LastUpdateTime />
    </Product>
    <Product>
      <PriceUpdateDate>2019/01/07 10:57</PriceUpdateDate>
      <ItemCode>7290104508943</ItemCode>
      <ItemType>1</ItemType>
      <ItemName>במבה אסם (200 גרם)</ItemName>
      <ManufactureName>קבוצת אסם סחר שות. מוגבלת</ManufactureName>
      <ManufactureCountry />
      <ManufactureItemDescription />
      <UnitQty>יח`</UnitQty>
      <Quantity>2</Quantity>
      <UnitMeasure>100 גרם</UnitMeasure>
      <BisWeighted>0</BisWeighted>
      <QtyInPackage>1</QtyInPackage>
      <ItemPrice>9.90</ItemPrice>
      <UnitOfMeasurePrice>4.95</UnitOfMeasurePrice>
      <AllowDiscount>0</AllowDiscount>
      <itemStatus>1</itemStatus>
      <LastUpdateDate />
      <LastUpdateTime />
    </Product>
    <Product>
      <PriceUpdateDate>2018/08/01 14:14</PriceUpdateDate>
      <ItemCode>7290104721533</ItemCode>
      <ItemType>1</ItemType>
      <ItemName>רצועות פלפלים קלויים אחלה (400 גרם)</ItemName>
      <ManufactureName>שטראוס גרופ בעמ/מצונן</ManufactureName>
      <ManufactureCountry />
      <ManufactureItemDescription />
      <UnitQty>יח`</UnitQty>
      <Quantity>4</Quantity>
      <UnitMeasure>100 גרם</UnitMeasure>
      <BisWeighted>0</BisWeighted>
      <QtyInPackage>1</QtyInPackage>
      <ItemPrice>16.50</ItemPrice>
      <UnitOfMeasurePrice>4.13</UnitOfMeasurePrice>
      <AllowDiscount>0</AllowDiscount>
      <itemStatus>1</itemStatus>
      <LastUpdateDate />
      <LastUpdateTime />
    </Product>
    <Product>
      <PriceUpdateDate>2018/04/24 09:51</PriceUpdateDate>
      <ItemCode>7290104721762</ItemCode>
      <ItemType>1</ItemType>
      <ItemName>קפה טורקי עלית (85x3 גרם)</ItemName>
      <ManufactureName>שטראוס גרופ בעמ</ManufactureName>
      <ManufactureCountry />
      <ManufactureItemDescription />
      <UnitQty>יח`</UnitQty>
      <Quantity>2.55</Quantity>
      <UnitMeasure>100 גרם</UnitMeasure>
      <BisWeighted>0</BisWeighted>
      <QtyInPackage>1</QtyInPackage>
      <ItemPrice>19.90</ItemPrice>
      <UnitOfMeasurePrice>7.80</UnitOfMeasurePrice>
      <AllowDiscount>0</AllowDiscount>
      <itemStatus>1</itemStatus>
      <LastUpdateDate />
      <LastUpdateTime />
    </Product>
    <Product>
      <PriceUpdateDate>2018/04/24 10:40</PriceUpdateDate>
      <ItemCode>7290104721953</ItemCode>
      <ItemType>1</ItemType>
      <ItemName>לקט מסולסלים 350 גרם שטראוס טעם הטבע</ItemName>
      <ManufactureName>שטראוס גרופ בעמ/מצונן</ManufactureName>
      <ManufactureCountry />
      <ManufactureItemDescription />
      <UnitQty>יח`</UnitQty>
      <Quantity>3.50</Quantity>
      <UnitMeasure>100 גרם</UnitMeasure>
      <BisWeighted>0</BisWeighted>
      <QtyInPackage>1</QtyInPackage>
      <ItemPrice>12.90</ItemPrice>
      <UnitOfMeasurePrice>3.69</UnitOfMeasurePrice>
      <AllowDiscount>0</AllowDiscount>
      <itemStatus>1</itemStatus>
      <LastUpdateDate />
      <LastUpdateTime />
    </Product>
    <Product>
      <PriceUpdateDate>2018/05/17 10:38</PriceUpdateDate>
      <ItemCode>7290104722219</ItemCode>
      <ItemType>1</ItemType>
      <ItemName>עוגת שוקולד עם קרם שוקולד</ItemName>
      <ManufactureName>שטראוס גרופ בעמ</ManufactureName>
      <ManufactureCountry />
      <ManufactureItemDescription />
      <UnitQty>יח`</UnitQty>
      <Quantity>3.30</Quantity>
      <UnitMeasure>100 גרם</UnitMeasure>
      <BisWeighted>0</BisWeighted>
      <QtyInPackage>1</QtyInPackage>
      <ItemPrice>17.90</ItemPrice>
      <UnitOfMeasurePrice>5.42</UnitOfMeasurePrice>
      <AllowDiscount>1</AllowDiscount>
      <itemStatus>1</itemStatus>
      <LastUpdateDate />
      <LastUpdateTime />
    </Product>
    <Product>
      <PriceUpdateDate>2018/07/25 09:20</PriceUpdateDate>
      <ItemCode>7290104722530</ItemCode>
      <ItemType>1</ItemType>
      <ItemName>תפוצ`יפס 200 גר` שמנת בצל</ItemName>
      <ManufactureName>שטראוס פריטו ליי בעמ</ManufactureName>
      <ManufactureCountry />
      <ManufactureItemDescription />
      <UnitQty>יח`</UnitQty>
      <Quantity>2</Quantity>
      <UnitMeasure>100 גרם</UnitMeasure>
      <BisWeighted>0</BisWeighted>
      <QtyInPackage>1</QtyInPackage>
      <ItemPrice>10.90</ItemPrice>
      <UnitOfMeasurePrice>5.45</UnitOfMeasurePrice>
      <AllowDiscount>1</AllowDiscount>
      <itemStatus>1</itemStatus>
      <LastUpdateDate />
      <LastUpdateTime />
    </Product>
    <Product>
      <PriceUpdateDate>2018/08/01 14:14</PriceUpdateDate>
      <ItemCode>7290104726262</ItemCode>
      <ItemType>1</ItemType>
      <ItemName>מארז 4 דני לשתייה</ItemName>
      <ManufactureName>שטראוס גרופ בעמ/מצונן</ManufactureName>
      <ManufactureCountry />
      <ManufactureItemDescription />
      <UnitQty>יח`</UnitQty>
      <Quantity>5</Quantity>
      <UnitMeasure>100 גרם</UnitMeasure>
      <BisWeighted>0</BisWeighted>
      <QtyInPackage>1</QtyInPackage>
      <ItemPrice>11</ItemPrice>
      <UnitOfMeasurePrice>2.20</UnitOfMeasurePrice>
      <AllowDiscount>0</AllowDiscount>
      <itemStatus>1</itemStatus>
      <LastUpdateDate />
      <LastUpdateTime />
    </Product>
    <Product>
      <PriceUpdateDate>2019/09/03 12:32</PriceUpdateDate>
      <ItemCode>7290104726712</ItemCode>
      <ItemType>1</ItemType>
      <ItemName>מילקי שמיניה</ItemName>
      <ManufactureName>שטראוס גרופ בעמ/מצונן</ManufactureName>
      <ManufactureCountry />
      <ManufactureItemDescription />
      <UnitQty>יח`</UnitQty>
      <Quantity>8.68</Quantity>
      <UnitMeasure>100 מ"ל</UnitMeasure>
      <BisWeighted>0</BisWeighted>
      <QtyInPackage>1</QtyInPackage>
      <ItemPrice>19.90</ItemPrice>
      <UnitOfMeasurePrice>2.29</UnitOfMeasurePrice>
      <AllowDiscount>0</AllowDiscount>
      <itemStatus>1</itemStatus>
      <LastUpdateDate />
      <LastUpdateTime />
    </Product>
    <Product>
      <PriceUpdateDate>2018/04/24 09:52</PriceUpdateDate>
      <ItemCode>7290104727726</ItemCode>
      <ItemType>1</ItemType>
      <ItemName>שוקולד מריר עלית (100x5 גרם)</ItemName>
      <ManufactureName>שטראוס גרופ בעמ</ManufactureName>
      <ManufactureCountry />
      <ManufactureItemDescription />
      <UnitQty>יח`</UnitQty>
      <Quantity>5</Quantity>
      <UnitMeasure>100 גרם</UnitMeasure>
      <BisWeighted>0</BisWeighted>
      <QtyInPackage>1</QtyInPackage>
      <ItemPrice>22.90</ItemPrice>
      <UnitOfMeasurePrice>4.58</UnitOfMeasurePrice>
      <AllowDiscount>0</AllowDiscount>
      <itemStatus>1</itemStatus>
      <LastUpdateDate />
      <LastUpdateTime />
    </Product>
    <Product>
      <PriceUpdateDate>2019/03/24 20:17</PriceUpdateDate>
      <ItemCode>7290104729003</ItemCode>
      <ItemType>1</ItemType>
      <ItemName>שמן זית כתית מעולה יד מרדכי (750 מל)</ItemName>
      <ManufactureName>שטראוס גרופ בעמ</ManufactureName>
      <ManufactureCountry />
      <ManufactureItemDescription />
      <UnitQty>יח`</UnitQty>
      <Quantity>7.50</Quantity>
      <UnitMeasure>100 מ"ל</UnitMeasure>
      <BisWeighted>0</BisWeighted>
      <QtyInPackage>1</QtyInPackage>
      <ItemPrice>32.90</ItemPrice>
      <UnitOfMeasurePrice>4.39</UnitOfMeasurePrice>
      <AllowDiscount>1</AllowDiscount>
      <itemStatus>1</itemStatus>
      <LastUpdateDate />
      <LastUpdateTime />
    </Product>
    <Product>
      <PriceUpdateDate>2018/04/24 11:15</PriceUpdateDate>
      <ItemCode>7290104729492</ItemCode>
      <ItemType>1</ItemType>
      <ItemName>שוקולד פרה חלב עלית (100x5 גרם)</ItemName>
      <ManufactureName>שטראוס גרופ בעמ</ManufactureName>
      <ManufactureCountry />
      <ManufactureItemDescription />
      <UnitQty>יח`</UnitQty>
      <Quantity>5</Quantity>
      <UnitMeasure>100 גרם</UnitMeasure>
      <BisWeighted>0</BisWeighted>
      <QtyInPackage>1</QtyInPackage>
      <ItemPrice>22.90</ItemPrice>
      <UnitOfMeasurePrice>4.58</UnitOfMeasurePrice>
      <AllowDiscount>0</AllowDiscount>
      <itemStatus>1</itemStatus>
      <LastUpdateDate />
      <LastUpdateTime />
    </Product>
    <Product>
      <PriceUpdateDate>2019/08/26 11:49</PriceUpdateDate>
      <ItemCode>7290104850875</ItemCode>
      <ItemType>1</ItemType>
      <ItemName>צלחות ענק זהב פאלאס) (25</ItemName>
      <ManufactureName>פאלאס תעשיות נטו (2014) בעמ</ManufactureName>
      <ManufactureCountry />
      <ManufactureItemDescription />
      <UnitQty>יח`</UnitQty>
      <Quantity>1</Quantity>
      <UnitMeasure />
      <BisWeighted>0</BisWeighted>
      <QtyInPackage>1</QtyInPackage>
      <ItemPrice>14.90</ItemPrice>
      <UnitOfMeasurePrice>14.90</UnitOfMeasurePrice>
      <AllowDiscount>1</AllowDiscount>
      <itemStatus>1</itemStatus>
      <LastUpdateDate />
      <LastUpdateTime />
    </Product>
    <Product>
      <PriceUpdateDate>2019/08/26 11:49</PriceUpdateDate>
      <ItemCode>7290104850981</ItemCode>
      <ItemType>1</ItemType>
      <ItemName>צלחת גדולה קרם 25 יח פאלאס</ItemName>
      <ManufactureName>פאלאס תעשיות נטו (2014) בעמ</ManufactureName>
      <ManufactureCountry />
      <ManufactureItemDescription />
      <UnitQty>יח`</UnitQty>
      <Quantity>1</Quantity>
      <UnitMeasure />
      <BisWeighted>0</BisWeighted>
      <QtyInPackage>1</QtyInPackage>
      <ItemPrice>8.90</ItemPrice>
      <UnitOfMeasurePrice>8.90</UnitOfMeasurePrice>
      <AllowDiscount>1</AllowDiscount>
      <itemStatus>1</itemStatus>
      <LastUpdateDate />
      <LastUpdateTime />
    </Product>
    <Product>
      <PriceUpdateDate>2019/08/26 11:49</PriceUpdateDate>
      <ItemCode>7290104851223</ItemCode>
      <ItemType>1</ItemType>
      <ItemName>צלחת מרק קרם 25 יח פאלאס</ItemName>
      <ManufactureName>פאלאס תעשיות נטו (2014) בעמ</ManufactureName>
      <ManufactureCountry />
      <ManufactureItemDescription />
      <UnitQty>יח`</UnitQty>
      <Quantity>1</Quantity>
      <UnitMeasure />
      <BisWeighted>0</BisWeighted>
      <QtyInPackage>1</QtyInPackage>
      <ItemPrice>6.90</ItemPrice>
      <UnitOfMeasurePrice>6.90</UnitOfMeasurePrice>
      <AllowDiscount>1</AllowDiscount>
      <itemStatus>1</itemStatus>
      <LastUpdateDate />
      <LastUpdateTime />
    </Product>
    <Product>
      <PriceUpdateDate>2019/08/29 09:00</PriceUpdateDate>
      <ItemCode>7290104851674</ItemCode>
      <ItemType>1</ItemType>
      <ItemName>קערית אובלית קרם 25 יח פאלאס</ItemName>
      <ManufactureName>פאלאס תעשיות נטו (2014) בעמ</ManufactureName>
      <ManufactureCountry />
      <ManufactureItemDescription />
      <UnitQty>יח`</UnitQty>
      <Quantity>1</Quantity>
      <UnitMeasure />
      <BisWeighted>0</BisWeighted>
      <QtyInPackage>1</QtyInPackage>
      <ItemPrice>4.90</ItemPrice>
      <UnitOfMeasurePrice>4.90</UnitOfMeasurePrice>
      <AllowDiscount>1</AllowDiscount>
      <itemStatus>1</itemStatus>
      <LastUpdateDate />
      <LastUpdateTime />
    </Product>
    <Product>
      <PriceUpdateDate>2018/04/24 12:47</PriceUpdateDate>
      <ItemCode>7290104852176</ItemCode>
      <ItemType>1</ItemType>
      <ItemName>נר נשמה בפחית פאלאס</ItemName>
      <ManufactureName>פאלאס תעשיות נטו (2014) בעמ</ManufactureName>
      <ManufactureCountry />
      <ManufactureItemDescription />
      <UnitQty>יח`</UnitQty>
      <Quantity>1</Quantity>
      <UnitMeasure />
      <BisWeighted>0</BisWeighted>
      <QtyInPackage>1</QtyInPackage>
      <ItemPrice>1.90</ItemPrice>
      <UnitOfMeasurePrice>1.90</UnitOfMeasurePrice>
      <AllowDiscount>0</AllowDiscount>
      <itemStatus>1</itemStatus>
      <LastUpdateDate />
      <LastUpdateTime />
    </Product>
    <Product>
      <PriceUpdateDate>2018/04/24 13:09</PriceUpdateDate>
      <ItemCode>7290104852794</ItemCode>
      <ItemType>1</ItemType>
      <ItemName>תבנית אלומניום קטנה R29 פאלאס 13 יח</ItemName>
      <ManufactureName>פאלאס תעשיות נטו (2014) בעמ</ManufactureName>
      <ManufactureCountry />
      <ManufactureItemDescription />
      <UnitQty>יח`</UnitQty>
      <Quantity>1</Quantity>
      <UnitMeasure />
      <BisWeighted>0</BisWeighted>
      <QtyInPackage>1</QtyInPackage>
      <ItemPrice>12.90</ItemPrice>
      <UnitOfMeasurePrice>12.90</UnitOfMeasurePrice>
      <AllowDiscount>1</AllowDiscount>
      <itemStatus>1</itemStatus>
      <LastUpdateDate />
      <LastUpdateTime />
    </Product>
    <Product>
      <PriceUpdateDate>2018/04/24 13:08</PriceUpdateDate>
      <ItemCode>7290104852800</ItemCode>
      <ItemType>1</ItemType>
      <ItemName>תבנית אלומניום קטנה R29 + מכסה</ItemName>
      <ManufactureName>פאלאס תעשיות נטו (2014) בעמ</ManufactureName>
      <ManufactureCountry />
      <ManufactureItemDescription />
      <UnitQty>יח`</UnitQty>
      <Quantity>1</Quantity>
      <UnitMeasure />
      <BisWeighted>0</BisWeighted>
      <QtyInPackage>1</QtyInPackage>
      <ItemPrice>11.90</ItemPrice>
      <UnitOfMeasurePrice>11.90</UnitOfMeasurePrice>
      <AllowDiscount>1</AllowDiscount>
      <itemStatus>1</itemStatus>
      <LastUpdateDate />
      <LastUpdateTime />
    </Product>
    <Product>
      <PriceUpdateDate>2019/02/12 15:38</PriceUpdateDate>
      <ItemCode>7290104857034</ItemCode>
      <ItemType>1</ItemType>
      <ItemName>מפיות אירוח נקודות 80 יח לפיד</ItemName>
      <ManufactureName>פאלאס תעשיות נטו (2014) בעמ</ManufactureName>
      <ManufactureCountry />
      <ManufactureItemDescription />
      <UnitQty>יח`</UnitQty>
      <Quantity>1</Quantity>
      <UnitMeasure />
      <BisWeighted>0</BisWeighted>
      <QtyInPackage>1</QtyInPackage>
      <ItemPrice>5.90</ItemPrice>
      <UnitOfMeasurePrice>5.90</UnitOfMeasurePrice>
      <AllowDiscount>1</AllowDiscount>
      <itemStatus>1</itemStatus>
      <LastUpdateDate />
      <LastUpdateTime />
    </Product>
    <Product>
      <PriceUpdateDate>2018/04/24 12:45</PriceUpdateDate>
      <ItemCode>7290104857041</ItemCode>
      <ItemType>1</ItemType>
      <ItemName>כוסות חד פעמיות לשתיה קרה פאלאס (100)</ItemName>
      <ManufactureName>פאלאס תעשיות נטו (2014) בעמ</ManufactureName>
      <ManufactureCountry />
      <ManufactureItemDescription />
      <UnitQty>יח`</UnitQty>
      <Quantity>1</Quantity>
      <UnitMeasure />
      <BisWeighted>0</BisWeighted>
      <QtyInPackage>1</QtyInPackage>
      <ItemPrice>3.90</ItemPrice>
      <UnitOfMeasurePrice>3.90</UnitOfMeasurePrice>
      <AllowDiscount>1</AllowDiscount>
      <itemStatus>1</itemStatus>
      <LastUpdateDate />
      <LastUpdateTime />
    </Product>
    <Product>
      <PriceUpdateDate>2018/04/24 12:43</PriceUpdateDate>
      <ItemCode>7290104857102</ItemCode>
      <ItemType>1</ItemType>
      <ItemName>צלחות קטנות 100 יח קלאסיק לפיד למיקרוגל</ItemName>
      <ManufactureName>פאלאס תעשיות נטו (2014) בעמ</ManufactureName>
      <ManufactureCountry />
      <ManufactureItemDescription />
      <UnitQty>יח`</UnitQty>
      <Quantity>100</Quantity>
      <UnitMeasure>יח`</UnitMeasure>
      <BisWeighted>0</BisWeighted>
      <QtyInPackage>1</QtyInPackage>
      <ItemPrice>16.90</ItemPrice>
      <UnitOfMeasurePrice>0.17</UnitOfMeasurePrice>
      <AllowDiscount>0</AllowDiscount>
      <itemStatus>1</itemStatus>
      <LastUpdateDate />
      <LastUpdateTime />
    </Product>
    <Product>
      <PriceUpdateDate>2018/04/24 12:43</PriceUpdateDate>
      <ItemCode>7290104857119</ItemCode>
      <ItemType>1</ItemType>
      <ItemName>צלחות גדולות קלאסיק למיקרוגל לפיד (100)</ItemName>
      <ManufactureName>פאלאס תעשיות נטו (2014) בעמ</ManufactureName>
      <ManufactureCountry />
      <ManufactureItemDescription />
      <UnitQty>יח`</UnitQty>
      <Quantity>100</Quantity>
      <UnitMeasure>יח`</UnitMeasure>
      <BisWeighted>0</BisWeighted>
      <QtyInPackage>1</QtyInPackage>
      <ItemPrice>24.90</ItemPrice>
      <UnitOfMeasurePrice>0.25</UnitOfMeasurePrice>
      <AllowDiscount>1</AllowDiscount>
      <itemStatus>1</itemStatus>
      <LastUpdateDate />
      <LastUpdateTime />
    </Product>
    <Product>
      <PriceUpdateDate>2018/04/24 12:43</PriceUpdateDate>
      <ItemCode>7290104857126</ItemCode>
      <ItemType>1</ItemType>
      <ItemName>צלחות מרק 100 יח קלאסיק לפיד למיקרוגל</ItemName>
      <ManufactureName>פאלאס תעשיות נטו (2014) בעמ</ManufactureName>
      <ManufactureCountry />
      <ManufactureItemDescription />
      <UnitQty>יח`</UnitQty>
      <Quantity>100</Quantity>
      <UnitMeasure>יח`</UnitMeasure>
      <BisWeighted>0</BisWeighted>
      <QtyInPackage>1</QtyInPackage>
      <ItemPrice>17.90</ItemPrice>
      <UnitOfMeasurePrice>0.18</UnitOfMeasurePrice>
      <AllowDiscount>1</AllowDiscount>
      <itemStatus>1</itemStatus>
      <LastUpdateDate />
      <LastUpdateTime />
    </Product>
    <Product>
      <PriceUpdateDate>2018/04/24 12:37</PriceUpdateDate>
      <ItemCode>7290104857232</ItemCode>
      <ItemType>1</ItemType>
      <ItemName>צלחת קטנה לבן טופ סטאר (50)</ItemName>
      <ManufactureName>פאלאס תעשיות נטו (2014) בעמ</ManufactureName>
      <ManufactureCountry />
      <ManufactureItemDescription />
      <UnitQty>יח`</UnitQty>
      <Quantity>1</Quantity>
      <UnitMeasure />
      <BisWeighted>0</BisWeighted>
      <QtyInPackage>1</QtyInPackage>
      <ItemPrice>4.90</ItemPrice>
      <UnitOfMeasurePrice>4.90</UnitOfMeasurePrice>
      <AllowDiscount>1</AllowDiscount>
      <itemStatus>1</itemStatus>
      <LastUpdateDate />
      <LastUpdateTime />
    </Product>
    <Product>
      <PriceUpdateDate>2018/04/24 10:35</PriceUpdateDate>
      <ItemCode>7290104857416</ItemCode>
      <ItemType>1</ItemType>
      <ItemName>כוסות נייר B8 פאלס (50)</ItemName>
      <ManufactureName>פאלאס תעשיות נטו (2014) בעמ</ManufactureName>
      <ManufactureCountry />
      <ManufactureItemDescription />
      <UnitQty>יח`</UnitQty>
      <Quantity>1</Quantity>
      <UnitMeasure />
      <BisWeighted>0</BisWeighted>
      <QtyInPackage>1</QtyInPackage>
      <ItemPrice>7.90</ItemPrice>
      <UnitOfMeasurePrice>7.90</UnitOfMeasurePrice>
      <AllowDiscount>1</AllowDiscount>
      <itemStatus>1</itemStatus>
      <LastUpdateDate />
      <LastUpdateTime />
    </Product>
    <Product>
      <PriceUpdateDate>2019/07/03 17:09</PriceUpdateDate>
      <ItemCode>7290104858246</ItemCode>
      <ItemType>1</ItemType>
      <ItemName>נר הבדלה שטוח פאלס</ItemName>
      <ManufactureName>פאלאס תעשיות נטו (2014) בעמ</ManufactureName>
      <ManufactureCountry />
      <ManufactureItemDescription />
      <UnitQty>יח`</UnitQty>
      <Quantity>1</Quantity>
      <UnitMeasure />
      <BisWeighted>0</BisWeighted>
      <QtyInPackage>1</QtyInPackage>
      <ItemPrice>6.90</ItemPrice>
      <UnitOfMeasurePrice>6.90</UnitOfMeasurePrice>
      <AllowDiscount>0</AllowDiscount>
      <itemStatus>1</itemStatus>
      <LastUpdateDate />
      <LastUpdateTime />
    </Product>
    <Product>
      <PriceUpdateDate>2019/05/08 08:04</PriceUpdateDate>
      <ItemCode>7290104858598</ItemCode>
      <ItemType>1</ItemType>
      <ItemName>מפיות לבנות 100 יח לפיד</ItemName>
      <ManufactureName>פאלאס תעשיות נטו (2014) בעמ</ManufactureName>
      <ManufactureCountry />
      <ManufactureItemDescription />
      <UnitQty>יח`</UnitQty>
      <Quantity>1</Quantity>
      <UnitMeasure />
      <BisWeighted>0</BisWeighted>
      <QtyInPackage>1</QtyInPackage>
      <ItemPrice>3.90</ItemPrice>
      <UnitOfMeasurePrice>3.90</UnitOfMeasurePrice>
      <AllowDiscount>1</AllowDiscount>
      <itemStatus>1</itemStatus>
      <LastUpdateDate />
      <LastUpdateTime />
    </Product>
    <Product>
      <PriceUpdateDate>2019/02/14 08:17</PriceUpdateDate>
      <ItemCode>7290104858604</ItemCode>
      <ItemType>1</ItemType>
      <ItemName>מזלג פלטינום 50 יח פאלאס</ItemName>
      <ManufactureName>פאלאס תעשיות נטו (2014) בעמ</ManufactureName>
      <ManufactureCountry />
      <ManufactureItemDescription />
      <UnitQty>יח`</UnitQty>
      <Quantity>1</Quantity>
      <UnitMeasure />
      <BisWeighted>0</BisWeighted>
      <QtyInPackage>1</QtyInPackage>
      <ItemPrice>6.90</ItemPrice>
      <UnitOfMeasurePrice>6.90</UnitOfMeasurePrice>
      <AllowDiscount>1</AllowDiscount>
      <itemStatus>1</itemStatus>
      <LastUpdateDate />
      <LastUpdateTime />
    </Product>
    <Product>
      <PriceUpdateDate>2019/02/14 08:17</PriceUpdateDate>
      <ItemCode>7290104858628</ItemCode>
      <ItemType>1</ItemType>
      <ItemName>כפית פלטינום 50 יח פאלאס</ItemName>
      <ManufactureName>פאלאס תעשיות נטו (2014) בעמ</ManufactureName>
      <ManufactureCountry />
      <ManufactureItemDescription />
      <UnitQty>יח`</UnitQty>
      <Quantity>1</Quantity>
      <UnitMeasure />
      <BisWeighted>0</BisWeighted>
      <QtyInPackage>1</QtyInPackage>
      <ItemPrice>6.90</ItemPrice>
      <UnitOfMeasurePrice>6.90</UnitOfMeasurePrice>
      <AllowDiscount>1</AllowDiscount>
      <itemStatus>1</itemStatus>
      <LastUpdateDate />
      <LastUpdateTime />
    </Product>
    <Product>
      <PriceUpdateDate>2019/03/03 07:48</PriceUpdateDate>
      <ItemCode>7290104859649</ItemCode>
      <ItemType>1</ItemType>
      <ItemName>קעריות אובלי שקוף 50 יח פאלאס</ItemName>
      <ManufactureName>פאלאס תעשיות נטו (2014) בעמ</ManufactureName>
      <ManufactureCountry />
      <ManufactureItemDescription />
      <UnitQty>יח`</UnitQty>
      <Quantity>1</Quantity>
      <UnitMeasure />
      <BisWeighted>0</BisWeighted>
      <QtyInPackage>1</QtyInPackage>
      <ItemPrice>7.90</ItemPrice>
      <UnitOfMeasurePrice>7.90</UnitOfMeasurePrice>
      <AllowDiscount>1</AllowDiscount>
      <itemStatus>1</itemStatus>
      <LastUpdateDate />
      <LastUpdateTime />
    </Product>
    <Product>
      <PriceUpdateDate>2018/04/24 13:01</PriceUpdateDate>
      <ItemCode>7290104859779</ItemCode>
      <ItemType>1</ItemType>
      <ItemName>כוסות שתיה קרה 330 מל 40 יח</ItemName>
      <ManufactureName>פאלאס תעשיות נטו (2014) בעמ</ManufactureName>
      <ManufactureCountry />
      <ManufactureItemDescription />
      <UnitQty>יח`</UnitQty>
      <Quantity>1</Quantity>
      <UnitMeasure />
      <BisWeighted>0</BisWeighted>
      <QtyInPackage>1</QtyInPackage>
      <ItemPrice>5.90</ItemPrice>
      <UnitOfMeasurePrice>5.90</UnitOfMeasurePrice>
      <AllowDiscount>1</AllowDiscount>
      <itemStatus>1</itemStatus>
      <LastUpdateDate />
      <LastUpdateTime />
    </Product>
    <Product>
      <PriceUpdateDate>2018/07/23 10:15</PriceUpdateDate>
      <ItemCode>7290104859786</ItemCode>
      <ItemType>1</ItemType>
      <ItemName>תבנית אלומניום בינונית R31 פאלאס 7 יח</ItemName>
      <ManufactureName>פאלאס תעשיות נטו (2014) בעמ</ManufactureName>
      <ManufactureCountry />
      <ManufactureItemDescription />
      <UnitQty>יח`</UnitQty>
      <Quantity>1</Quantity>
      <UnitMeasure />
      <BisWeighted>0</BisWeighted>
      <QtyInPackage>1</QtyInPackage>
      <ItemPrice>8.90</ItemPrice>
      <UnitOfMeasurePrice>8.90</UnitOfMeasurePrice>
      <AllowDiscount>1</AllowDiscount>
      <itemStatus>1</itemStatus>
      <LastUpdateDate />
      <LastUpdateTime />
    </Product>
    <Product>
      <PriceUpdateDate>2018/06/10 17:06</PriceUpdateDate>
      <ItemCode>7290104859793</ItemCode>
      <ItemType>1</ItemType>
      <ItemName>תבנית אלומניום ענק R99 פאלאס 4 יח</ItemName>
      <ManufactureName>פאלאס תעשיות נטו (2014) בעמ</ManufactureName>
      <ManufactureCountry />
      <ManufactureItemDescription />
      <UnitQty>יח`</UnitQty>
      <Quantity>1</Quantity>
      <UnitMeasure />
      <BisWeighted>0</BisWeighted>
      <QtyInPackage>1</QtyInPackage>
      <ItemPrice>8.90</ItemPrice>
      <UnitOfMeasurePrice>8.90</UnitOfMeasurePrice>
      <AllowDiscount>1</AllowDiscount>
      <itemStatus>1</itemStatus>
      <LastUpdateDate />
      <LastUpdateTime />
    </Product>
    <Product>
      <PriceUpdateDate>2018/06/10 17:06</PriceUpdateDate>
      <ItemCode>7290104859809</ItemCode>
      <ItemType>1</ItemType>
      <ItemName>תבנית אלומניום אינגליש R88 פאלאס 14 יח</ItemName>
      <ManufactureName>פאלאס תעשיות נטו (2014) בעמ</ManufactureName>
      <ManufactureCountry />
      <ManufactureItemDescription />
      <UnitQty>יח`</UnitQty>
      <Quantity>1</Quantity>
      <UnitMeasure />
      <BisWeighted>0</BisWeighted>
      <QtyInPackage>1</QtyInPackage>
      <ItemPrice>8.90</ItemPrice>
      <UnitOfMeasurePrice>8.90</UnitOfMeasurePrice>
      <AllowDiscount>1</AllowDiscount>
      <itemStatus>1</itemStatus>
      <LastUpdateDate />
      <LastUpdateTime />
    </Product>
    <Product>
      <PriceUpdateDate>2018/07/23 10:15</PriceUpdateDate>
      <ItemCode>7290104859816</ItemCode>
      <ItemType>1</ItemType>
      <ItemName>תבנית אלומניום בינונית R2 פאלאס 7 יח</ItemName>
      <ManufactureName>פאלאס תעשיות נטו (2014) בעמ</ManufactureName>
      <ManufactureCountry />
      <ManufactureItemDescription />
      <UnitQty>יח`</UnitQty>
      <Quantity>1</Quantity>
      <UnitMeasure />
      <BisWeighted>0</BisWeighted>
      <QtyInPackage>1</QtyInPackage>
      <ItemPrice>8.90</ItemPrice>
      <UnitOfMeasurePrice>8.90</UnitOfMeasurePrice>
      <AllowDiscount>1</AllowDiscount>
      <itemStatus>1</itemStatus>
      <LastUpdateDate />
      <LastUpdateTime />
    </Product>
    <Product>
      <PriceUpdateDate>2018/06/10 17:06</PriceUpdateDate>
      <ItemCode>7290104859823</ItemCode>
      <ItemType>1</ItemType>
      <ItemName>תבנית אלומניום עמוקה R64 פאלאס 8 יח</ItemName>
      <ManufactureName>פאלאס תעשיות נטו (2014) בעמ</ManufactureName>
      <ManufactureCountry />
      <ManufactureItemDescription />
      <UnitQty>יח`</UnitQty>
      <Quantity>1</Quantity>
      <UnitMeasure />
      <BisWeighted>0</BisWeighted>
      <QtyInPackage>1</QtyInPackage>
      <ItemPrice>8.90</ItemPrice>
      <UnitOfMeasurePrice>8.90</UnitOfMeasurePrice>
      <AllowDiscount>1</AllowDiscount>
      <itemStatus>1</itemStatus>
      <LastUpdateDate />
      <LastUpdateTime />
    </Product>
    <Product>
      <PriceUpdateDate>2019/02/14 08:17</PriceUpdateDate>
      <ItemCode>7290104859830</ItemCode>
      <ItemType>1</ItemType>
      <ItemName>תבנית אלומניום עגולה c10 פאלאס 8 יח</ItemName>
      <ManufactureName>פאלאס תעשיות נטו (2014) בעמ</ManufactureName>
      <ManufactureCountry />
      <ManufactureItemDescription />
      <UnitQty>יח`</UnitQty>
      <Quantity>1</Quantity>
      <UnitMeasure />
      <BisWeighted>0</BisWeighted>
      <QtyInPackage>1</QtyInPackage>
      <ItemPrice>9.90</ItemPrice>
      <UnitOfMeasurePrice>9.90</UnitOfMeasurePrice>
      <AllowDiscount>1</AllowDiscount>
      <itemStatus>1</itemStatus>
      <LastUpdateDate />
      <LastUpdateTime />
    </Product>
    <Product>
      <PriceUpdateDate>2018/07/23 10:15</PriceUpdateDate>
      <ItemCode>7290104859847</ItemCode>
      <ItemType>1</ItemType>
      <ItemName>תבנית אלומניום בינונית R2 פאלאס 5יח</ItemName>
      <ManufactureName>פאלאס תעשיות נטו (2014) בעמ</ManufactureName>
      <ManufactureCountry />
      <ManufactureItemDescription />
      <UnitQty>יח`</UnitQty>
      <Quantity>1</Quantity>
      <UnitMeasure />
      <BisWeighted>0</BisWeighted>
      <QtyInPackage>1</QtyInPackage>
      <ItemPrice>8.90</ItemPrice>
      <UnitOfMeasurePrice>8.90</UnitOfMeasurePrice>
      <AllowDiscount>1</AllowDiscount>
      <itemStatus>1</itemStatus>
      <LastUpdateDate />
      <LastUpdateTime />
    </Product>
    <Product>
      <PriceUpdateDate>2018/04/24 10:03</PriceUpdateDate>
      <ItemCode>7290104960239</ItemCode>
      <ItemType>1</ItemType>
      <ItemName>תחליב רחצה בניחוח קמומיל נקה 7 (750 מל)</ItemName>
      <ManufactureName>החברה הדרומית לשיווק בעמ</ManufactureName>
      <ManufactureCountry />
      <ManufactureItemDescription />
      <UnitQty>יח`</UnitQty>
      <Quantity>7.50</Quantity>
      <UnitMeasure>100 מ"ל</UnitMeasure>
      <BisWeighted>0</BisWeighted>
      <QtyInPackage>1</QtyInPackage>
      <ItemPrice>11.90</ItemPrice>
      <UnitOfMeasurePrice>1.59</UnitOfMeasurePrice>
      <AllowDiscount>1</AllowDiscount>
      <itemStatus>1</itemStatus>
      <LastUpdateDate />
      <LastUpdateTime />
    </Product>
    <Product>
      <PriceUpdateDate>2018/04/24 10:03</PriceUpdateDate>
      <ItemCode>7290104960246</ItemCode>
      <ItemType>1</ItemType>
      <ItemName>תחליב רחצה נקה 7 ורוד ורד</ItemName>
      <ManufactureName>החברה הדרומית לשיווק בעמ</ManufactureName>
      <ManufactureCountry />
      <ManufactureItemDescription />
      <UnitQty>יח`</UnitQty>
      <Quantity>7.50</Quantity>
      <UnitMeasure>100 מ"ל</UnitMeasure>
      <BisWeighted>0</BisWeighted>
      <QtyInPackage>1</QtyInPackage>
      <ItemPrice>11.90</ItemPrice>
      <UnitOfMeasurePrice>1.59</UnitOfMeasurePrice>
      <AllowDiscount>1</AllowDiscount>
      <itemStatus>1</itemStatus>
      <LastUpdateDate />
      <LastUpdateTime />
    </Product>
    <Product>
      <PriceUpdateDate>2019/06/13 13:08</PriceUpdateDate>
      <ItemCode>7290104960338</ItemCode>
      <ItemType>1</ItemType>
      <ItemName>תחליב רחצה נקה 7 ירוק אלוורה</ItemName>
      <ManufactureName>החברה הדרומית לשיווק בעמ</ManufactureName>
      <ManufactureCountry />
      <ManufactureItemDescription />
      <UnitQty>יח`</UnitQty>
      <Quantity>7.50</Quantity>
      <UnitMeasure>100 מ"ל</UnitMeasure>
      <BisWeighted>0</BisWeighted>
      <QtyInPackage>1</QtyInPackage>
      <ItemPrice>11.90</ItemPrice>
      <UnitOfMeasurePrice>1.59</UnitOfMeasurePrice>
      <AllowDiscount>1</AllowDiscount>
      <itemStatus>1</itemStatus>
      <LastUpdateDate />
      <LastUpdateTime />
    </Product>
    <Product>
      <PriceUpdateDate>2018/07/08 11:12</PriceUpdateDate>
      <ItemCode>7290104960352</ItemCode>
      <ItemType>1</ItemType>
      <ItemName>תחליב רחצה נקה 7 וניל שקד</ItemName>
      <ManufactureName>החברה הדרומית לשיווק בעמ</ManufactureName>
      <ManufactureCountry />
      <ManufactureItemDescription />
      <UnitQty>יח`</UnitQty>
      <Quantity>7.50</Quantity>
      <UnitMeasure>100 מ"ל</UnitMeasure>
      <BisWeighted>0</BisWeighted>
      <QtyInPackage>1</QtyInPackage>
      <ItemPrice>11.90</ItemPrice>
      <UnitOfMeasurePrice>1.59</UnitOfMeasurePrice>
      <AllowDiscount>1</AllowDiscount>
      <itemStatus>1</itemStatus>
      <LastUpdateDate />
      <LastUpdateTime />
    </Product>
    <Product>
      <PriceUpdateDate>2020/05/01 10:50</PriceUpdateDate>
      <ItemCode>7290104961489</ItemCode>
      <ItemType>1</ItemType>
      <ItemName>ספריי תחליב לילדים 300/50</ItemName>
      <ManufactureName>החברה הדרומית לשיווק בעמ</ManufactureName>
      <ManufactureCountry />
      <ManufactureItemDescription />
      <UnitQty>יח`</UnitQty>
      <Quantity>1</Quantity>
      <UnitMeasure />
      <BisWeighted>0</BisWeighted>
      <QtyInPackage>1</QtyInPackage>
      <ItemPrice>49.90</ItemPrice>
      <UnitOfMeasurePrice>49.90</UnitOfMeasurePrice>
      <AllowDiscount>0</AllowDiscount>
      <itemStatus>1</itemStatus>
      <LastUpdateDate />
      <LastUpdateTime />
    </Product>
    <Product>
      <PriceUpdateDate>2018/04/24 11:43</PriceUpdateDate>
      <ItemCode>7290104961878</ItemCode>
      <ItemType>1</ItemType>
      <ItemName>שמפו קרטין טהור נטורל פורמולה (400 מל)</ItemName>
      <ManufactureName>החברה הדרומית לשיווק בעמ</ManufactureName>
      <ManufactureCountry />
      <ManufactureItemDescription />
      <UnitQty>יח`</UnitQty>
      <Quantity>4</Quantity>
      <UnitMeasure>100 מ"ל</UnitMeasure>
      <BisWeighted>0</BisWeighted>
      <QtyInPackage>1</QtyInPackage>
      <ItemPrice>29.90</ItemPrice>
      <UnitOfMeasurePrice>7.48</UnitOfMeasurePrice>
      <AllowDiscount>0</AllowDiscount>
      <itemStatus>1</itemStatus>
      <LastUpdateDate />
      <LastUpdateTime />
    </Product>
    <Product>
      <PriceUpdateDate>2018/04/24 11:43</PriceUpdateDate>
      <ItemCode>7290104961885</ItemCode>
      <ItemType>1</ItemType>
      <ItemName>מרכך קרטין נטורל פורמולה (400 מל)</ItemName>
      <ManufactureName>החברה הדרומית לשיווק בעמ</ManufactureName>
      <ManufactureCountry />
      <ManufactureItemDescription />
      <UnitQty>יח`</UnitQty>
      <Quantity>4</Quantity>
      <UnitMeasure>100 מ"ל</UnitMeasure>
      <BisWeighted>0</BisWeighted>
      <QtyInPackage>1</QtyInPackage>
      <ItemPrice>29.90</ItemPrice>
      <UnitOfMeasurePrice>7.48</UnitOfMeasurePrice>
      <AllowDiscount>0</AllowDiscount>
      <itemStatus>1</itemStatus>
      <LastUpdateDate />
      <LastUpdateTime />
    </Product>
    <Product>
      <PriceUpdateDate>2018/04/24 12:04</PriceUpdateDate>
      <ItemCode>7290104962127</ItemCode>
      <ItemType>1</ItemType>
      <ItemName>דאו סטיק קרליין  נושם+</ItemName>
      <ManufactureName>החברה הדרומית לשיווק בעמ</ManufactureName>
      <ManufactureCountry />
      <ManufactureItemDescription />
      <UnitQty>יח`</UnitQty>
      <Quantity>0.50</Quantity>
      <UnitMeasure>100 מ"ל</UnitMeasure>
      <BisWeighted>0</BisWeighted>
      <QtyInPackage>1</QtyInPackage>
      <ItemPrice>19.90</ItemPrice>
      <UnitOfMeasurePrice>39.80</UnitOfMeasurePrice>
      <AllowDiscount>0</AllowDiscount>
      <itemStatus>1</itemStatus>
      <LastUpdateDate />
      <LastUpdateTime />
    </Product>
    <Product>
      <PriceUpdateDate>2018/04/24 12:37</PriceUpdateDate>
      <ItemCode>7290104963001</ItemCode>
      <ItemType>1</ItemType>
      <ItemName>סופטקר מגבונים רביעייה</ItemName>
      <ManufactureName>החברה הדרומית לשיווק בעמ</ManufactureName>
      <ManufactureCountry />
      <ManufactureItemDescription />
      <UnitQty>יח`</UnitQty>
      <Quantity>1</Quantity>
      <UnitMeasure />
      <BisWeighted>0</BisWeighted>
      <QtyInPackage>1</QtyInPackage>
      <ItemPrice>17.90</ItemPrice>
      <UnitOfMeasurePrice>17.90</UnitOfMeasurePrice>
      <AllowDiscount>0</AllowDiscount>
      <itemStatus>1</itemStatus>
      <LastUpdateDate />
      <LastUpdateTime />
    </Product>
    <Product>
      <PriceUpdateDate>2018/04/24 12:37</PriceUpdateDate>
      <ItemCode>7290104963018</ItemCode>
      <ItemType>1</ItemType>
      <ItemName>סופטקר מגבונים רביעייה</ItemName>
      <ManufactureName>החברה הדרומית לשיווק בעמ</ManufactureName>
      <ManufactureCountry />
      <ManufactureItemDescription />
      <UnitQty>יח`</UnitQty>
      <Quantity>1</Quantity>
      <UnitMeasure />
      <BisWeighted>0</BisWeighted>
      <QtyInPackage>1</QtyInPackage>
      <ItemPrice>19.90</ItemPrice>
      <UnitOfMeasurePrice>19.90</UnitOfMeasurePrice>
      <AllowDiscount>0</AllowDiscount>
      <itemStatus>1</itemStatus>
      <LastUpdateDate />
      <LastUpdateTime />
    </Product>
    <Product>
      <PriceUpdateDate>2018/04/26 19:00</PriceUpdateDate>
      <ItemCode>7290104963704</ItemCode>
      <ItemType>1</ItemType>
      <ItemName>סופטקר אל סבון עדין 770</ItemName>
      <ManufactureName>החברה הדרומית לשיווק בעמ</ManufactureName>
      <ManufactureCountry />
      <ManufactureItemDescription />
      <UnitQty>יח`</UnitQty>
      <Quantity>1</Quantity>
      <UnitMeasure />
      <BisWeighted>0</BisWeighted>
      <QtyInPackage>1</QtyInPackage>
      <ItemPrice>17.90</ItemPrice>
      <UnitOfMeasurePrice>17.90</UnitOfMeasurePrice>
      <AllowDiscount>0</AllowDiscount>
      <itemStatus>1</itemStatus>
      <LastUpdateDate />
      <LastUpdateTime />
    </Product>
    <Product>
      <PriceUpdateDate>2018/04/26 19:00</PriceUpdateDate>
      <ItemCode>7290104963711</ItemCode>
      <ItemType>1</ItemType>
      <ItemName>סופטקר שמפו אל דמע 770</ItemName>
      <ManufactureName>החברה הדרומית לשיווק בעמ</ManufactureName>
      <ManufactureCountry />
      <ManufactureItemDescription />
      <UnitQty>יח`</UnitQty>
      <Quantity>1</Quantity>
      <UnitMeasure />
      <BisWeighted>0</BisWeighted>
      <QtyInPackage>1</QtyInPackage>
      <ItemPrice>17.90</ItemPrice>
      <UnitOfMeasurePrice>17.90</UnitOfMeasurePrice>
      <AllowDiscount>0</AllowDiscount>
      <itemStatus>1</itemStatus>
      <LastUpdateDate />
      <LastUpdateTime />
    </Product>
    <Product>
      <PriceUpdateDate>2020/05/01 10:50</PriceUpdateDate>
      <ItemCode>7290104963971</ItemCode>
      <ItemType>1</ItemType>
      <ItemName>סקינגארד סקין ספריי שקוף 300/50</ItemName>
      <ManufactureName>החברה הדרומית לשיווק בעמ</ManufactureName>
      <ManufactureCountry />
      <ManufactureItemDescription />
      <UnitQty>יח`</UnitQty>
      <Quantity>3</Quantity>
      <UnitMeasure>100 מ"ל</UnitMeasure>
      <BisWeighted>0</BisWeighted>
      <QtyInPackage>1</QtyInPackage>
      <ItemPrice>54.90</ItemPrice>
      <UnitOfMeasurePrice>18.30</UnitOfMeasurePrice>
      <AllowDiscount>0</AllowDiscount>
      <itemStatus>1</itemStatus>
      <LastUpdateDate />
      <LastUpdateTime />
    </Product>
    <Product>
      <PriceUpdateDate>2020/05/01 10:50</PriceUpdateDate>
      <ItemCode>7290104963988</ItemCode>
      <ItemType>1</ItemType>
      <ItemName>סקינגארד רולאון 70/50 מל</ItemName>
      <ManufactureName>החברה הדרומית לשיווק בעמ</ManufactureName>
      <ManufactureCountry />
      <ManufactureItemDescription />
      <UnitQty>יח`</UnitQty>
      <Quantity>1</Quantity>
      <UnitMeasure />
      <BisWeighted>0</BisWeighted>
      <QtyInPackage>1</QtyInPackage>
      <ItemPrice>29.90</ItemPrice>
      <UnitOfMeasurePrice>29.90</UnitOfMeasurePrice>
      <AllowDiscount>0</AllowDiscount>
      <itemStatus>1</itemStatus>
      <LastUpdateDate />
      <LastUpdateTime />
    </Product>
    <Product>
      <PriceUpdateDate>2018/04/24 12:55</PriceUpdateDate>
      <ItemCode>7290104964022</ItemCode>
      <ItemType>1</ItemType>
      <ItemName>סקינגארד בוב ספוג ווט סקין ילדים שקוף</ItemName>
      <ManufactureName>החברה הדרומית לשיווק בעמ</ManufactureName>
      <ManufactureCountry />
      <ManufactureItemDescription />
      <UnitQty>יח`</UnitQty>
      <Quantity>3</Quantity>
      <UnitMeasure>100 מ"ל</UnitMeasure>
      <BisWeighted>0</BisWeighted>
      <QtyInPackage>1</QtyInPackage>
      <ItemPrice>39.90</ItemPrice>
      <UnitOfMeasurePrice>13.30</UnitOfMeasurePrice>
      <AllowDiscount>0</AllowDiscount>
      <itemStatus>1</itemStatus>
      <LastUpdateDate />
      <LastUpdateTime />
    </Product>
    <Product>
      <PriceUpdateDate>2020/05/01 10:50</PriceUpdateDate>
      <ItemCode>7290104964039</ItemCode>
      <ItemType>1</ItemType>
      <ItemName>תח הגנה 250-50 ילדים s.g</ItemName>
      <ManufactureName>החברה הדרומית לשיווק בעמ</ManufactureName>
      <ManufactureCountry />
      <ManufactureItemDescription />
      <UnitQty>יח`</UnitQty>
      <Quantity>1</Quantity>
      <UnitMeasure />
      <BisWeighted>0</BisWeighted>
      <QtyInPackage>1</QtyInPackage>
      <ItemPrice>41.90</ItemPrice>
      <UnitOfMeasurePrice>41.90</UnitOfMeasurePrice>
      <AllowDiscount>0</AllowDiscount>
      <itemStatus>1</itemStatus>
      <LastUpdateDate />
      <LastUpdateTime />
    </Product>
    <Product>
      <PriceUpdateDate>2020/05/01 10:50</PriceUpdateDate>
      <ItemCode>7290104964718</ItemCode>
      <ItemType>1</ItemType>
      <ItemName>סקינגארד סקין משפחתי 300/50 ווט</ItemName>
      <ManufactureName>החברה הדרומית לשיווק בעמ</ManufactureName>
      <ManufactureCountry />
      <ManufactureItemDescription />
      <UnitQty>יח`</UnitQty>
      <Quantity>3</Quantity>
      <UnitMeasure>100 מ"ל</UnitMeasure>
      <BisWeighted>0</BisWeighted>
      <QtyInPackage>1</QtyInPackage>
      <ItemPrice>54.90</ItemPrice>
      <UnitOfMeasurePrice>18.30</UnitOfMeasurePrice>
      <AllowDiscount>0</AllowDiscount>
      <itemStatus>1</itemStatus>
      <LastUpdateDate />
      <LastUpdateTime />
    </Product>
    <Product>
      <PriceUpdateDate>2018/04/24 11:36</PriceUpdateDate>
      <ItemCode>7290105360250</ItemCode>
      <ItemType>1</ItemType>
      <ItemName>קפסולות קפה עלית עשיר וארומטי (10)</ItemName>
      <ManufactureName>שטראוס גרופ בעמ</ManufactureName>
      <ManufactureCountry />
      <ManufactureItemDescription />
      <UnitQty>יח`</UnitQty>
      <Quantity>1</Quantity>
      <UnitMeasure />
      <BisWeighted>0</BisWeighted>
      <QtyInPackage>1</QtyInPackage>
      <ItemPrice>16.90</ItemPrice>
      <UnitOfMeasurePrice>16.90</UnitOfMeasurePrice>
      <AllowDiscount>1</AllowDiscount>
      <itemStatus>1</itemStatus>
      <LastUpdateDate />
      <LastUpdateTime />
    </Product>
    <Product>
      <PriceUpdateDate>2018/04/24 11:36</PriceUpdateDate>
      <ItemCode>7290105360328</ItemCode>
      <ItemType>1</ItemType>
      <ItemName>קפסולות 10 חזק ועוצמתי עלית (10)</ItemName>
      <ManufactureName>שטראוס גרופ בעמ</ManufactureName>
      <ManufactureCountry />
      <ManufactureItemDescription />
      <UnitQty>יח`</UnitQty>
      <Quantity>0.50</Quantity>
      <UnitMeasure>100 גרם</UnitMeasure>
      <BisWeighted>0</BisWeighted>
      <QtyInPackage>1</QtyInPackage>
      <ItemPrice>16.90</ItemPrice>
      <UnitOfMeasurePrice>33.80</UnitOfMeasurePrice>
      <AllowDiscount>1</AllowDiscount>
      <itemStatus>1</itemStatus>
      <LastUpdateDate />
      <LastUpdateTime />
    </Product>
    <Product>
      <PriceUpdateDate>2019/01/07 10:57</PriceUpdateDate>
      <ItemCode>7290105360335</ItemCode>
      <ItemType>1</ItemType>
      <ItemName>קפסולות 7 עדין וקטיפתי עלית (10)</ItemName>
      <ManufactureName>שטראוס גרופ בעמ</ManufactureName>
      <ManufactureCountry />
      <ManufactureItemDescription />
      <UnitQty>יח`</UnitQty>
      <Quantity>0.50</Quantity>
      <UnitMeasure>100 גרם</UnitMeasure>
      <BisWeighted>0</BisWeighted>
      <QtyInPackage>1</QtyInPackage>
      <ItemPrice>16.90</ItemPrice>
      <UnitOfMeasurePrice>33.80</UnitOfMeasurePrice>
      <AllowDiscount>1</AllowDiscount>
      <itemStatus>1</itemStatus>
      <LastUpdateDate />
      <LastUpdateTime />
    </Product>
    <Product>
      <PriceUpdateDate>2018/04/24 11:16</PriceUpdateDate>
      <ItemCode>7290105362339</ItemCode>
      <ItemType>1</ItemType>
      <ItemName>שמנת לבישול 15% יטבתה (250 מל)</ItemName>
      <ManufactureName>שטראוס גרופ בעמ/מצונן</ManufactureName>
      <ManufactureCountry />
      <ManufactureItemDescription />
      <UnitQty>יח`</UnitQty>
      <Quantity>2.50</Quantity>
      <UnitMeasure>100 מ"ל</UnitMeasure>
      <BisWeighted>0</BisWeighted>
      <QtyInPackage>1</QtyInPackage>
      <ItemPrice>8</ItemPrice>
      <UnitOfMeasurePrice>3.20</UnitOfMeasurePrice>
      <AllowDiscount>0</AllowDiscount>
      <itemStatus>1</itemStatus>
      <LastUpdateDate />
      <LastUpdateTime />
    </Product>
    <Product>
      <PriceUpdateDate>2019/01/07 10:57</PriceUpdateDate>
      <ItemCode>7290105363602</ItemCode>
      <ItemType>1</ItemType>
      <ItemName>מקלות כיף כף קלאסי עלית (40 גרם)</ItemName>
      <ManufactureName>שטראוס גרופ בעמ</ManufactureName>
      <ManufactureCountry />
      <ManufactureItemDescription />
      <UnitQty>יח`</UnitQty>
      <Quantity>0.40</Quantity>
      <UnitMeasure>100 גרם</UnitMeasure>
      <BisWeighted>0</BisWeighted>
      <QtyInPackage>1</QtyInPackage>
      <ItemPrice>5</ItemPrice>
      <UnitOfMeasurePrice>12.50</UnitOfMeasurePrice>
      <AllowDiscount>0</AllowDiscount>
      <itemStatus>1</itemStatus>
      <LastUpdateDate />
      <LastUpdateTime />
    </Product>
    <Product>
      <PriceUpdateDate>2019/01/07 10:57</PriceUpdateDate>
      <ItemCode>7290105364289</ItemCode>
      <ItemType>1</ItemType>
      <ItemName>כיף כף מקלות פצפוצים</ItemName>
      <ManufactureName>שטראוס גרופ בעמ</ManufactureName>
      <ManufactureCountry />
      <ManufactureItemDescription />
      <UnitQty>יח`</UnitQty>
      <Quantity>0.40</Quantity>
      <UnitMeasure>100 גרם</UnitMeasure>
      <BisWeighted>0</BisWeighted>
      <QtyInPackage>1</QtyInPackage>
      <ItemPrice>5</ItemPrice>
      <UnitOfMeasurePrice>12.50</UnitOfMeasurePrice>
      <AllowDiscount>0</AllowDiscount>
      <itemStatus>1</itemStatus>
      <LastUpdateDate />
      <LastUpdateTime />
    </Product>
    <Product>
      <PriceUpdateDate>2018/04/24 11:37</PriceUpdateDate>
      <ItemCode>7290105364302</ItemCode>
      <ItemType>1</ItemType>
      <ItemName>מקלות כיף כף אגוזים עלית (42 גרם)</ItemName>
      <ManufactureName>שטראוס גרופ בעמ</ManufactureName>
      <ManufactureCountry />
      <ManufactureItemDescription />
      <UnitQty>יח`</UnitQty>
      <Quantity>0.42</Quantity>
      <UnitMeasure>100 גרם</UnitMeasure>
      <BisWeighted>0</BisWeighted>
      <QtyInPackage>1</QtyInPackage>
      <ItemPrice>5</ItemPrice>
      <UnitOfMeasurePrice>11.90</UnitOfMeasurePrice>
      <AllowDiscount>0</AllowDiscount>
      <itemStatus>1</itemStatus>
      <LastUpdateDate />
      <LastUpdateTime />
    </Product>
    <Product>
      <PriceUpdateDate>2018/07/05 11:28</PriceUpdateDate>
      <ItemCode>7290105364784</ItemCode>
      <ItemType>1</ItemType>
      <ItemName>חטיף פרה  קראנצ`שוקולד לבן ביסקוויט</ItemName>
      <ManufactureName>שטראוס גרופ בעמ</ManufactureName>
      <ManufactureCountry />
      <ManufactureItemDescription />
      <UnitQty>יח`</UnitQty>
      <Quantity>1</Quantity>
      <UnitMeasure>100 גרם</UnitMeasure>
      <BisWeighted>0</BisWeighted>
      <QtyInPackage>1</QtyInPackage>
      <ItemPrice>6</ItemPrice>
      <UnitOfMeasurePrice>6</UnitOfMeasurePrice>
      <AllowDiscount>0</AllowDiscount>
      <itemStatus>1</itemStatus>
      <LastUpdateDate />
      <LastUpdateTime />
    </Product>
    <Product>
      <PriceUpdateDate>2019/05/27 16:17</PriceUpdateDate>
      <ItemCode>7290105364883</ItemCode>
      <ItemType>1</ItemType>
      <ItemName>ביסקוויט עד חצות לבן 200 גר`</ItemName>
      <ManufactureName>שטראוס גרופ בעמ</ManufactureName>
      <ManufactureCountry />
      <ManufactureItemDescription />
      <UnitQty>יח`</UnitQty>
      <Quantity>2</Quantity>
      <UnitMeasure>100 גרם</UnitMeasure>
      <BisWeighted>0</BisWeighted>
      <QtyInPackage>1</QtyInPackage>
      <ItemPrice>13.90</ItemPrice>
      <UnitOfMeasurePrice>6.95</UnitOfMeasurePrice>
      <AllowDiscount>1</AllowDiscount>
      <itemStatus>1</itemStatus>
      <LastUpdateDate />
      <LastUpdateTime />
    </Product>
    <Product>
      <PriceUpdateDate>2018/04/24 11:00</PriceUpdateDate>
      <ItemCode>7290105366047</ItemCode>
      <ItemType>1</ItemType>
      <ItemName>טחינה לבנה אחלה (400 גרם)</ItemName>
      <ManufactureName>שטראוס גרופ בעמ/מצונן</ManufactureName>
      <ManufactureCountry />
      <ManufactureItemDescription />
      <UnitQty>יח`</UnitQty>
      <Quantity>4</Quantity>
      <UnitMeasure>100 גרם</UnitMeasure>
      <BisWeighted>0</BisWeighted>
      <QtyInPackage>1</QtyInPackage>
      <ItemPrice>15.50</ItemPrice>
      <UnitOfMeasurePrice>3.88</UnitOfMeasurePrice>
      <AllowDiscount>0</AllowDiscount>
      <itemStatus>1</itemStatus>
      <LastUpdateDate />
      <LastUpdateTime />
    </Product>
    <Product>
      <PriceUpdateDate>2018/09/09 10:21</PriceUpdateDate>
      <ItemCode>7290105366993</ItemCode>
      <ItemType>1</ItemType>
      <ItemName>סימפוניה פלפל שיפקה חריף</ItemName>
      <ManufactureName>שטראוס גרופ בעמ/מצונן</ManufactureName>
      <ManufactureCountry />
      <ManufactureItemDescription />
      <UnitQty>יח`</UnitQty>
      <Quantity>2</Quantity>
      <UnitMeasure>100 גרם</UnitMeasure>
      <BisWeighted>0</BisWeighted>
      <QtyInPackage>1</QtyInPackage>
      <ItemPrice>11.40</ItemPrice>
      <UnitOfMeasurePrice>5.70</UnitOfMeasurePrice>
      <AllowDiscount>0</AllowDiscount>
      <itemStatus>1</itemStatus>
      <LastUpdateDate />
      <LastUpdateTime />
    </Product>
    <Product>
      <PriceUpdateDate>2019/02/01 07:55</PriceUpdateDate>
      <ItemCode>7290105368294</ItemCode>
      <ItemType>1</ItemType>
      <ItemName>שום ישראלי קלוף 120  גר`ירקות שטראוס</ItemName>
      <ManufactureName>שטראוס גרופ בעמ/מצונן</ManufactureName>
      <ManufactureCountry />
      <ManufactureItemDescription />
      <UnitQty>יח`</UnitQty>
      <Quantity>1.20</Quantity>
      <UnitMeasure>100 גרם</UnitMeasure>
      <BisWeighted>0</BisWeighted>
      <QtyInPackage>1</QtyInPackage>
      <ItemPrice>12.90</ItemPrice>
      <UnitOfMeasurePrice>10.75</UnitOfMeasurePrice>
      <AllowDiscount>1</AllowDiscount>
      <itemStatus>1</itemStatus>
      <LastUpdateDate />
      <LastUpdateTime />
    </Product>
    <Product>
      <PriceUpdateDate>2018/09/09 10:21</PriceUpdateDate>
      <ItemCode>7290105369130</ItemCode>
      <ItemType>1</ItemType>
      <ItemName>סימפוניה בצל ירוק 5%</ItemName>
      <ManufactureName>שטראוס גרופ בעמ/מצונן</ManufactureName>
      <ManufactureCountry />
      <ManufactureItemDescription />
      <UnitQty>יח`</UnitQty>
      <Quantity>2</Quantity>
      <UnitMeasure>100 גרם</UnitMeasure>
      <BisWeighted>0</BisWeighted>
      <QtyInPackage>1</QtyInPackage>
      <ItemPrice>11.40</ItemPrice>
      <UnitOfMeasurePrice>5.70</UnitOfMeasurePrice>
      <AllowDiscount>0</AllowDiscount>
      <itemStatus>1</itemStatus>
      <LastUpdateDate />
      <LastUpdateTime />
    </Product>
    <Product>
      <PriceUpdateDate>2018/04/24 09:55</PriceUpdateDate>
      <ItemCode>7290105369451</ItemCode>
      <ItemType>1</ItemType>
      <ItemName>צ`יטוס דולפינים עלית (55 גרם)</ItemName>
      <ManufactureName>שטראוס פריטו ליי בעמ</ManufactureName>
      <ManufactureCountry />
      <ManufactureItemDescription />
      <UnitQty>יח`</UnitQty>
      <Quantity>0.55</Quantity>
      <UnitMeasure>100 גרם</UnitMeasure>
      <BisWeighted>0</BisWeighted>
      <QtyInPackage>1</QtyInPackage>
      <ItemPrice>3.50</ItemPrice>
      <UnitOfMeasurePrice>6.36</UnitOfMeasurePrice>
      <AllowDiscount>1</AllowDiscount>
      <itemStatus>1</itemStatus>
      <LastUpdateDate />
      <LastUpdateTime />
    </Product>
    <Product>
      <PriceUpdateDate>2018/04/24 11:39</PriceUpdateDate>
      <ItemCode>7290105430458</ItemCode>
      <ItemType>1</ItemType>
      <ItemName>סבון נוזלי חלב שקדים פלמוליב (750 מל)</ItemName>
      <ManufactureName>ש.שסטוביץ בעמ</ManufactureName>
      <ManufactureCountry />
      <ManufactureItemDescription />
      <UnitQty>יח`</UnitQty>
      <Quantity>7.50</Quantity>
      <UnitMeasure>100 מ"ל</UnitMeasure>
      <BisWeighted>0</BisWeighted>
      <QtyInPackage>1</QtyInPackage>
      <ItemPrice>19.90</ItemPrice>
      <UnitOfMeasurePrice>2.65</UnitOfMeasurePrice>
      <AllowDiscount>0</AllowDiscount>
      <itemStatus>1</itemStatus>
      <LastUpdateDate />
      <LastUpdateTime />
    </Product>
    <Product>
      <PriceUpdateDate>2020/05/03 09:28</PriceUpdateDate>
      <ItemCode>7290105430489</ItemCode>
      <ItemType>1</ItemType>
      <ItemName>ליידי ספיד סטיק</ItemName>
      <ManufactureName>ש.שסטוביץ בעמ</ManufactureName>
      <ManufactureCountry />
      <ManufactureItemDescription />
      <UnitQty>יח`</UnitQty>
      <Quantity>0.50</Quantity>
      <UnitMeasure>100 מ"ל</UnitMeasure>
      <BisWeighted>0</BisWeighted>
      <QtyInPackage>1</QtyInPackage>
      <ItemPrice>14.90</ItemPrice>
      <UnitOfMeasurePrice>29.80</UnitOfMeasurePrice>
      <AllowDiscount>0</AllowDiscount>
      <itemStatus>1</itemStatus>
      <LastUpdateDate />
      <LastUpdateTime />
    </Product>
    <Product>
      <PriceUpdateDate>2018/04/24 11:45</PriceUpdateDate>
      <ItemCode>7290105431516</ItemCode>
      <ItemType>1</ItemType>
      <ItemName>חטיף תמרים ובוטנים פרי (5 יח` - 125 גרם)</ItemName>
      <ManufactureName>ש.שסטוביץ בעמ</ManufactureName>
      <ManufactureCountry />
      <ManufactureItemDescription />
      <UnitQty>יח`</UnitQty>
      <Quantity>1.25</Quantity>
      <UnitMeasure>100 גרם</UnitMeasure>
      <BisWeighted>0</BisWeighted>
      <QtyInPackage>1</QtyInPackage>
      <ItemPrice>17.90</ItemPrice>
      <UnitOfMeasurePrice>14.32</UnitOfMeasurePrice>
      <AllowDiscount>0</AllowDiscount>
      <itemStatus>1</itemStatus>
      <LastUpdateDate />
      <LastUpdateTime />
    </Product>
    <Product>
      <PriceUpdateDate>2020/05/03 09:34</PriceUpdateDate>
      <ItemCode>7290105434029</ItemCode>
      <ItemType>1</ItemType>
      <ItemName>ספיד סטיק נוטרו</ItemName>
      <ManufactureName>ש.שסטוביץ בעמ</ManufactureName>
      <ManufactureCountry />
      <ManufactureItemDescription />
      <UnitQty>יח`</UnitQty>
      <Quantity>1</Quantity>
      <UnitMeasure>100 מ"ל</UnitMeasure>
      <BisWeighted>0</BisWeighted>
      <QtyInPackage>1</QtyInPackage>
      <ItemPrice>16.90</ItemPrice>
      <UnitOfMeasurePrice>16.90</UnitOfMeasurePrice>
      <AllowDiscount>0</AllowDiscount>
      <itemStatus>1</itemStatus>
      <LastUpdateDate />
      <LastUpdateTime />
    </Product>
    <Product>
      <PriceUpdateDate>2020/05/03 09:34</PriceUpdateDate>
      <ItemCode>7290105434067</ItemCode>
      <ItemType>1</ItemType>
      <ItemName>ספיד סטיק כחול א</ItemName>
      <ManufactureName>ש.שסטוביץ בעמ</ManufactureName>
      <ManufactureCountry />
      <ManufactureItemDescription />
      <UnitQty>יח`</UnitQty>
      <Quantity>1</Quantity>
      <UnitMeasure />
      <BisWeighted>0</BisWeighted>
      <QtyInPackage>1</QtyInPackage>
      <ItemPrice>24.90</ItemPrice>
      <UnitOfMeasurePrice>24.90</UnitOfMeasurePrice>
      <AllowDiscount>0</AllowDiscount>
      <itemStatus>1</itemStatus>
      <LastUpdateDate />
      <LastUpdateTime />
    </Product>
    <Product>
      <PriceUpdateDate>2018/04/24 12:12</PriceUpdateDate>
      <ItemCode>7290105436382</ItemCode>
      <ItemType>1</ItemType>
      <ItemName>פרי מארז 5 תמרים קשיו</ItemName>
      <ManufactureName>ש.שסטוביץ בעמ</ManufactureName>
      <ManufactureCountry />
      <ManufactureItemDescription />
      <UnitQty>יח`</UnitQty>
      <Quantity>1.25</Quantity>
      <UnitMeasure>100 גרם</UnitMeasure>
      <BisWeighted>0</BisWeighted>
      <QtyInPackage>1</QtyInPackage>
      <ItemPrice>17.90</ItemPrice>
      <UnitOfMeasurePrice>14.32</UnitOfMeasurePrice>
      <AllowDiscount>0</AllowDiscount>
      <itemStatus>1</itemStatus>
      <LastUpdateDate />
      <LastUpdateTime />
    </Product>
    <Product>
      <PriceUpdateDate>2019/01/07 10:57</PriceUpdateDate>
      <ItemCode>7290105439505</ItemCode>
      <ItemType>1</ItemType>
      <ItemName>מיונז לייט 479 גר מנה מאסטר שף</ItemName>
      <ManufactureName>ש.שסטוביץ בעמ</ManufactureName>
      <ManufactureCountry />
      <ManufactureItemDescription />
      <UnitQty>יח`</UnitQty>
      <Quantity>4.79</Quantity>
      <UnitMeasure>100 גרם</UnitMeasure>
      <BisWeighted>0</BisWeighted>
      <QtyInPackage>1</QtyInPackage>
      <ItemPrice>12.90</ItemPrice>
      <UnitOfMeasurePrice>2.69</UnitOfMeasurePrice>
      <AllowDiscount>1</AllowDiscount>
      <itemStatus>1</itemStatus>
      <LastUpdateDate />
      <LastUpdateTime />
    </Product>
    <Product>
      <PriceUpdateDate>2018/04/24 12:34</PriceUpdateDate>
      <ItemCode>7290105439598</ItemCode>
      <ItemType>1</ItemType>
      <ItemName>חרדל דיז`ון גרגרים מאסטר שף (370 גרם)</ItemName>
      <ManufactureName>ש.שסטוביץ בעמ</ManufactureName>
      <ManufactureCountry />
      <ManufactureItemDescription />
      <UnitQty>יח`</UnitQty>
      <Quantity>3.70</Quantity>
      <UnitMeasure>100 גרם</UnitMeasure>
      <BisWeighted>0</BisWeighted>
      <QtyInPackage>1</QtyInPackage>
      <ItemPrice>11.90</ItemPrice>
      <UnitOfMeasurePrice>3.22</UnitOfMeasurePrice>
      <AllowDiscount>1</AllowDiscount>
      <itemStatus>1</itemStatus>
      <LastUpdateDate />
      <LastUpdateTime />
    </Product>
    <Product>
      <PriceUpdateDate>2018/04/24 13:24</PriceUpdateDate>
      <ItemCode>7290105474124</ItemCode>
      <ItemType>1</ItemType>
      <ItemName>בונזו בשר 12  קג`מחולק</ItemName>
      <ManufactureName>דיפלומט היינץ</ManufactureName>
      <ManufactureCountry />
      <ManufactureItemDescription />
      <UnitQty>יח`</UnitQty>
      <Quantity>12</Quantity>
      <UnitMeasure>ק"ג</UnitMeasure>
      <BisWeighted>0</BisWeighted>
      <QtyInPackage>1</QtyInPackage>
      <ItemPrice>129.90</ItemPrice>
      <UnitOfMeasurePrice>10.83</UnitOfMeasurePrice>
      <AllowDiscount>0</AllowDiscount>
      <itemStatus>1</itemStatus>
      <LastUpdateDate />
      <LastUpdateTime />
    </Product>
    <Product>
      <PriceUpdateDate>2019/03/03 16:19</PriceUpdateDate>
      <ItemCode>7290105500151</ItemCode>
      <ItemType>1</ItemType>
      <ItemName>וודקה פינלנדיה 700 מל</ItemName>
      <ManufactureName>מ. אקרמן בעמ</ManufactureName>
      <ManufactureCountry />
      <ManufactureItemDescription />
      <UnitQty>יח`</UnitQty>
      <Quantity>7</Quantity>
      <UnitMeasure>100 מ"ל</UnitMeasure>
      <BisWeighted>0</BisWeighted>
      <QtyInPackage>1</QtyInPackage>
      <ItemPrice>64.90</ItemPrice>
      <UnitOfMeasurePrice>9.23</UnitOfMeasurePrice>
      <AllowDiscount>1</AllowDiscount>
      <itemStatus>1</itemStatus>
      <LastUpdateDate />
      <LastUpdateTime />
    </Product>
    <Product>
      <PriceUpdateDate>2019/03/03 16:19</PriceUpdateDate>
      <ItemCode>7290105500236</ItemCode>
      <ItemType>1</ItemType>
      <ItemName>וויסקי ג`ק דניאלס 700 מל</ItemName>
      <ManufactureName>מ. אקרמן בעמ</ManufactureName>
      <ManufactureCountry />
      <ManufactureItemDescription />
      <UnitQty>יח`</UnitQty>
      <Quantity>7</Quantity>
      <UnitMeasure>100 מ"ל</UnitMeasure>
      <BisWeighted>0</BisWeighted>
      <QtyInPackage>1</QtyInPackage>
      <ItemPrice>129.90</ItemPrice>
      <UnitOfMeasurePrice>18.51</UnitOfMeasurePrice>
      <AllowDiscount>1</AllowDiscount>
      <itemStatus>1</itemStatus>
      <LastUpdateDate />
      <LastUpdateTime />
    </Product>
    <Product>
      <PriceUpdateDate>2018/04/24 09:51</PriceUpdateDate>
      <ItemCode>7290105691224</ItemCode>
      <ItemType>1</ItemType>
      <ItemName>חטיף טורטיה שום ובצל אסם (60 גרם)</ItemName>
      <ManufactureName>קבוצת אסם סחר שות. מוגבלת</ManufactureName>
      <ManufactureCountry />
      <ManufactureItemDescription />
      <UnitQty>יח`</UnitQty>
      <Quantity>0.60</Quantity>
      <UnitMeasure>100 גרם</UnitMeasure>
      <BisWeighted>0</BisWeighted>
      <QtyInPackage>1</QtyInPackage>
      <ItemPrice>7.90</ItemPrice>
      <UnitOfMeasurePrice>13.17</UnitOfMeasurePrice>
      <AllowDiscount>0</AllowDiscount>
      <itemStatus>1</itemStatus>
      <LastUpdateDate />
      <LastUpdateTime />
    </Product>
    <Product>
      <PriceUpdateDate>2018/04/24 10:21</PriceUpdateDate>
      <ItemCode>7290105691248</ItemCode>
      <ItemType>1</ItemType>
      <ItemName>חטיף טורטיה תירס אסם (60 גרם)</ItemName>
      <ManufactureName>קבוצת אסם סחר שות. מוגבלת</ManufactureName>
      <ManufactureCountry />
      <ManufactureItemDescription />
      <UnitQty>יח`</UnitQty>
      <Quantity>0.60</Quantity>
      <UnitMeasure>100 גרם</UnitMeasure>
      <BisWeighted>0</BisWeighted>
      <QtyInPackage>1</QtyInPackage>
      <ItemPrice>7.90</ItemPrice>
      <UnitOfMeasurePrice>13.17</UnitOfMeasurePrice>
      <AllowDiscount>0</AllowDiscount>
      <itemStatus>1</itemStatus>
      <LastUpdateDate />
      <LastUpdateTime />
    </Product>
    <Product>
      <PriceUpdateDate>2018/04/24 11:19</PriceUpdateDate>
      <ItemCode>7290105691323</ItemCode>
      <ItemType>1</ItemType>
      <ItemName>חרוזית בתיבול לימון בית השיטה (560 גרם)</ItemName>
      <ManufactureName>קבוצת אסם סחר שות. מוגבלת</ManufactureName>
      <ManufactureCountry />
      <ManufactureItemDescription />
      <UnitQty>יח`</UnitQty>
      <Quantity>2.75</Quantity>
      <UnitMeasure>100 גרם</UnitMeasure>
      <BisWeighted>0</BisWeighted>
      <QtyInPackage>1</QtyInPackage>
      <ItemPrice>10.90</ItemPrice>
      <UnitOfMeasurePrice>3.96</UnitOfMeasurePrice>
      <AllowDiscount>0</AllowDiscount>
      <itemStatus>1</itemStatus>
      <LastUpdateDate />
      <LastUpdateTime />
    </Product>
    <Product>
      <PriceUpdateDate>2018/04/24 11:45</PriceUpdateDate>
      <ItemCode>7290105691699</ItemCode>
      <ItemType>1</ItemType>
      <ItemName>עוגיות ביס בטעם חמאה</ItemName>
      <ManufactureName>קבוצת אסם סחר שות. מוגבלת</ManufactureName>
      <ManufactureCountry />
      <ManufactureItemDescription />
      <UnitQty>יח`</UnitQty>
      <Quantity>3</Quantity>
      <UnitMeasure>100 גרם</UnitMeasure>
      <BisWeighted>0</BisWeighted>
      <QtyInPackage>1</QtyInPackage>
      <ItemPrice>10.90</ItemPrice>
      <UnitOfMeasurePrice>3.63</UnitOfMeasurePrice>
      <AllowDiscount>0</AllowDiscount>
      <itemStatus>1</itemStatus>
      <LastUpdateDate />
      <LastUpdateTime />
    </Product>
    <Product>
      <PriceUpdateDate>2018/04/24 11:40</PriceUpdateDate>
      <ItemCode>7290105691965</ItemCode>
      <ItemType>1</ItemType>
      <ItemName>רוטב לסלט סויה בסגנון סיני</ItemName>
      <ManufactureName>קבוצת אסם סחר שות. מוגבלת</ManufactureName>
      <ManufactureCountry />
      <ManufactureItemDescription />
      <UnitQty>יח`</UnitQty>
      <Quantity>2.90</Quantity>
      <UnitMeasure>100 מ"ל</UnitMeasure>
      <BisWeighted>0</BisWeighted>
      <QtyInPackage>1</QtyInPackage>
      <ItemPrice>12.90</ItemPrice>
      <UnitOfMeasurePrice>4.45</UnitOfMeasurePrice>
      <AllowDiscount>0</AllowDiscount>
      <itemStatus>1</itemStatus>
      <LastUpdateDate />
      <LastUpdateTime />
    </Product>
    <Product>
      <PriceUpdateDate>2018/04/24 10:55</PriceUpdateDate>
      <ItemCode>7290105693457</ItemCode>
      <ItemType>1</ItemType>
      <ItemName>עוגת הבית דמקה שוקו וניל 320 גר` בחושות</ItemName>
      <ManufactureName>קבוצת אסם סחר שות. מוגבלת</ManufactureName>
      <ManufactureCountry />
      <ManufactureItemDescription />
      <UnitQty>יח`</UnitQty>
      <Quantity>3.20</Quantity>
      <UnitMeasure>100 גרם</UnitMeasure>
      <BisWeighted>0</BisWeighted>
      <QtyInPackage>1</QtyInPackage>
      <ItemPrice>11.90</ItemPrice>
      <UnitOfMeasurePrice>3.72</UnitOfMeasurePrice>
      <AllowDiscount>0</AllowDiscount>
      <itemStatus>1</itemStatus>
      <LastUpdateDate />
      <LastUpdateTime />
    </Product>
    <Product>
      <PriceUpdateDate>2018/04/24 10:56</PriceUpdateDate>
      <ItemCode>7290105693952</ItemCode>
      <ItemType>1</ItemType>
      <ItemName>פירורית זהב שומשום אסם (200 גרם)</ItemName>
      <ManufactureName>קבוצת אסם סחר שות. מוגבלת</ManufactureName>
      <ManufactureCountry />
      <ManufactureItemDescription />
      <UnitQty>יח`</UnitQty>
      <Quantity>2</Quantity>
      <UnitMeasure>100 גרם</UnitMeasure>
      <BisWeighted>0</BisWeighted>
      <QtyInPackage>1</QtyInPackage>
      <ItemPrice>6.90</ItemPrice>
      <UnitOfMeasurePrice>3.45</UnitOfMeasurePrice>
      <AllowDiscount>0</AllowDiscount>
      <itemStatus>1</itemStatus>
      <LastUpdateDate />
      <LastUpdateTime />
    </Product>
    <Product>
      <PriceUpdateDate>2018/04/24 11:27</PriceUpdateDate>
      <ItemCode>7290105694904</ItemCode>
      <ItemType>1</ItemType>
      <ItemName>מרק פטריות רכיבים טבעיים אסם (220 גרם)</ItemName>
      <ManufactureName>קבוצת אסם סחר שות. מוגבלת</ManufactureName>
      <ManufactureCountry />
      <ManufactureItemDescription />
      <UnitQty>יח`</UnitQty>
      <Quantity>2.20</Quantity>
      <UnitMeasure>100 גרם</UnitMeasure>
      <BisWeighted>0</BisWeighted>
      <QtyInPackage>1</QtyInPackage>
      <ItemPrice>17.90</ItemPrice>
      <UnitOfMeasurePrice>8.14</UnitOfMeasurePrice>
      <AllowDiscount>0</AllowDiscount>
      <itemStatus>1</itemStatus>
      <LastUpdateDate />
      <LastUpdateTime />
    </Product>
    <Product>
      <PriceUpdateDate>2019/01/07 10:57</PriceUpdateDate>
      <ItemCode>7290105694928</ItemCode>
      <ItemType>1</ItemType>
      <ItemName>מרק בצל רכיבים טבעיים אסם (220 גרם)</ItemName>
      <ManufactureName>קבוצת אסם סחר שות. מוגבלת</ManufactureName>
      <ManufactureCountry />
      <ManufactureItemDescription />
      <UnitQty>יח`</UnitQty>
      <Quantity>2.20</Quantity>
      <UnitMeasure>100 גרם</UnitMeasure>
      <BisWeighted>0</BisWeighted>
      <QtyInPackage>1</QtyInPackage>
      <ItemPrice>17.90</ItemPrice>
      <UnitOfMeasurePrice>8.14</UnitOfMeasurePrice>
      <AllowDiscount>0</AllowDiscount>
      <itemStatus>1</itemStatus>
      <LastUpdateDate />
      <LastUpdateTime />
    </Product>
    <Product>
      <PriceUpdateDate>2018/08/05 11:28</PriceUpdateDate>
      <ItemCode>7290105695024</ItemCode>
      <ItemType>1</ItemType>
      <ItemName>פתיתים אפויים 500 גר` אורז עם אטריות אסם</ItemName>
      <ManufactureName>קבוצת אסם סחר שות. מוגבלת</ManufactureName>
      <ManufactureCountry />
      <ManufactureItemDescription />
      <UnitQty>יח`</UnitQty>
      <Quantity>1</Quantity>
      <UnitMeasure />
      <BisWeighted>0</BisWeighted>
      <QtyInPackage>1</QtyInPackage>
      <ItemPrice>6.90</ItemPrice>
      <UnitOfMeasurePrice>6.90</UnitOfMeasurePrice>
      <AllowDiscount>1</AllowDiscount>
      <itemStatus>1</itemStatus>
      <LastUpdateDate />
      <LastUpdateTime />
    </Product>
    <Product>
      <PriceUpdateDate>2018/07/08 11:12</PriceUpdateDate>
      <ItemCode>7290105695321</ItemCode>
      <ItemType>1</ItemType>
      <ItemName>עוגת בראוניז פאדג`</ItemName>
      <ManufactureName>קבוצת אסם סחר שות. מוגבלת</ManufactureName>
      <ManufactureCountry />
      <ManufactureItemDescription />
      <UnitQty>יח`</UnitQty>
      <Quantity>4</Quantity>
      <UnitMeasure>100 גרם</UnitMeasure>
      <BisWeighted>0</BisWeighted>
      <QtyInPackage>1</QtyInPackage>
      <ItemPrice>18.90</ItemPrice>
      <UnitOfMeasurePrice>4.73</UnitOfMeasurePrice>
      <AllowDiscount>0</AllowDiscount>
      <itemStatus>1</itemStatus>
      <LastUpdateDate />
      <LastUpdateTime />
    </Product>
    <Product>
      <PriceUpdateDate>2018/04/24 11:44</PriceUpdateDate>
      <ItemCode>7290105695994</ItemCode>
      <ItemType>1</ItemType>
      <ItemName>רוטב סויה קלאסי אסם (290 מל)</ItemName>
      <ManufactureName>קבוצת אסם סחר שות. מוגבלת</ManufactureName>
      <ManufactureCountry />
      <ManufactureItemDescription />
      <UnitQty>יח`</UnitQty>
      <Quantity>2.90</Quantity>
      <UnitMeasure>100 מ"ל</UnitMeasure>
      <BisWeighted>0</BisWeighted>
      <QtyInPackage>1</QtyInPackage>
      <ItemPrice>17.90</ItemPrice>
      <UnitOfMeasurePrice>6.17</UnitOfMeasurePrice>
      <AllowDiscount>1</AllowDiscount>
      <itemStatus>1</itemStatus>
      <LastUpdateDate />
      <LastUpdateTime />
    </Product>
    <Product>
      <PriceUpdateDate>2018/04/24 11:16</PriceUpdateDate>
      <ItemCode>7290105961181</ItemCode>
      <ItemType>1</ItemType>
      <ItemName>משקה פונץ בננה 1 ליטר מהדרין</ItemName>
      <ManufactureName>שטראוס גרופ בעמ/מצונן</ManufactureName>
      <ManufactureCountry />
      <ManufactureItemDescription />
      <UnitQty>יח`</UnitQty>
      <Quantity>10</Quantity>
      <UnitMeasure>100 מ"ל</UnitMeasure>
      <BisWeighted>0</BisWeighted>
      <QtyInPackage>1</QtyInPackage>
      <ItemPrice>11.60</ItemPrice>
      <UnitOfMeasurePrice>1.16</UnitOfMeasurePrice>
      <AllowDiscount>0</AllowDiscount>
      <itemStatus>1</itemStatus>
      <LastUpdateDate />
      <LastUpdateTime />
    </Product>
    <Product>
      <PriceUpdateDate>2018/08/05 11:28</PriceUpdateDate>
      <ItemCode>7290105961525</ItemCode>
      <ItemType>1</ItemType>
      <ItemName>שוקולד מריר 85% ספלנדיד (100 גרם)</ItemName>
      <ManufactureName>שטראוס גרופ בעמ</ManufactureName>
      <ManufactureCountry />
      <ManufactureItemDescription />
      <UnitQty>יח`</UnitQty>
      <Quantity>1</Quantity>
      <UnitMeasure>100 גרם</UnitMeasure>
      <BisWeighted>0</BisWeighted>
      <QtyInPackage>1</QtyInPackage>
      <ItemPrice>10.90</ItemPrice>
      <UnitOfMeasurePrice>10.90</UnitOfMeasurePrice>
      <AllowDiscount>0</AllowDiscount>
      <itemStatus>1</itemStatus>
      <LastUpdateDate />
      <LastUpdateTime />
    </Product>
    <Product>
      <PriceUpdateDate>2018/08/01 14:14</PriceUpdateDate>
      <ItemCode>7290105964564</ItemCode>
      <ItemType>1</ItemType>
      <ItemName>חומוס אחלה (400 גרם)</ItemName>
      <ManufactureName>שטראוס גרופ בעמ/מצונן</ManufactureName>
      <ManufactureCountry />
      <ManufactureItemDescription />
      <UnitQty>יח`</UnitQty>
      <Quantity>4</Quantity>
      <UnitMeasure>100 גרם</UnitMeasure>
      <BisWeighted>0</BisWeighted>
      <QtyInPackage>1</QtyInPackage>
      <ItemPrice>8.90</ItemPrice>
      <UnitOfMeasurePrice>2.23</UnitOfMeasurePrice>
      <AllowDiscount>0</AllowDiscount>
      <itemStatus>1</itemStatus>
      <LastUpdateDate />
      <LastUpdateTime />
    </Product>
    <Product>
      <PriceUpdateDate>2018/04/24 12:16</PriceUpdateDate>
      <ItemCode>7290105965516</ItemCode>
      <ItemType>1</ItemType>
      <ItemName>ספלנדיד חלב 36% עם מוס אספרסו</ItemName>
      <ManufactureName>שטראוס גרופ בעמ</ManufactureName>
      <ManufactureCountry />
      <ManufactureItemDescription />
      <UnitQty>יח`</UnitQty>
      <Quantity>1.05</Quantity>
      <UnitMeasure>100 גרם</UnitMeasure>
      <BisWeighted>0</BisWeighted>
      <QtyInPackage>1</QtyInPackage>
      <ItemPrice>10.90</ItemPrice>
      <UnitOfMeasurePrice>10.38</UnitOfMeasurePrice>
      <AllowDiscount>0</AllowDiscount>
      <itemStatus>1</itemStatus>
      <LastUpdateDate />
      <LastUpdateTime />
    </Product>
    <Product>
      <PriceUpdateDate>2018/04/24 11:54</PriceUpdateDate>
      <ItemCode>7290105965738</ItemCode>
      <ItemType>1</ItemType>
      <ItemName>דנונה לשתיה תות בננה</ItemName>
      <ManufactureName>שטראוס גרופ בעמ/מצונן</ManufactureName>
      <ManufactureCountry />
      <ManufactureItemDescription />
      <UnitQty>יח`</UnitQty>
      <Quantity>2.63</Quantity>
      <UnitMeasure>100 מ"ל</UnitMeasure>
      <BisWeighted>0</BisWeighted>
      <QtyInPackage>1</QtyInPackage>
      <ItemPrice>4.90</ItemPrice>
      <UnitOfMeasurePrice>1.86</UnitOfMeasurePrice>
      <AllowDiscount>0</AllowDiscount>
      <itemStatus>1</itemStatus>
      <LastUpdateDate />
      <LastUpdateTime />
    </Product>
    <Product>
      <PriceUpdateDate>2018/04/24 11:33</PriceUpdateDate>
      <ItemCode>7290105966469</ItemCode>
      <ItemType>1</ItemType>
      <ItemName>חומץ בלסמי ממודנה יד מרדכי (250 מל)</ItemName>
      <ManufactureName>שטראוס גרופ בעמ</ManufactureName>
      <ManufactureCountry />
      <ManufactureItemDescription />
      <UnitQty>יח`</UnitQty>
      <Quantity>2.50</Quantity>
      <UnitMeasure>100 גרם</UnitMeasure>
      <BisWeighted>0</BisWeighted>
      <QtyInPackage>1</QtyInPackage>
      <ItemPrice>15.90</ItemPrice>
      <UnitOfMeasurePrice>6.36</UnitOfMeasurePrice>
      <AllowDiscount>0</AllowDiscount>
      <itemStatus>1</itemStatus>
      <LastUpdateDate />
      <LastUpdateTime />
    </Product>
    <Product>
      <PriceUpdateDate>2018/08/01 14:14</PriceUpdateDate>
      <ItemCode>7290105968654</ItemCode>
      <ItemType>1</ItemType>
      <ItemName>רביולי עם בטטה פרווה שטראוס (400 גרם)</ItemName>
      <ManufactureName>שטראוס גרופ בעמ/מצונן</ManufactureName>
      <ManufactureCountry />
      <ManufactureItemDescription />
      <UnitQty>יח`</UnitQty>
      <Quantity>4</Quantity>
      <UnitMeasure>100 גרם</UnitMeasure>
      <BisWeighted>0</BisWeighted>
      <QtyInPackage>1</QtyInPackage>
      <ItemPrice>20.90</ItemPrice>
      <UnitOfMeasurePrice>5.23</UnitOfMeasurePrice>
      <AllowDiscount>1</AllowDiscount>
      <itemStatus>1</itemStatus>
      <LastUpdateDate />
      <LastUpdateTime />
    </Product>
    <Product>
      <PriceUpdateDate>2018/04/24 13:02</PriceUpdateDate>
      <ItemCode>7290106506954</ItemCode>
      <ItemType>1</ItemType>
      <ItemName>תחבושות אולוויז רדיאנט וליו פק נורמל 24</ItemName>
      <ManufactureName>דיפלומט מפיצים (1968) בעמ</ManufactureName>
      <ManufactureCountry />
      <ManufactureItemDescription />
      <UnitQty>יח`</UnitQty>
      <Quantity>1</Quantity>
      <UnitMeasure />
      <BisWeighted>0</BisWeighted>
      <QtyInPackage>1</QtyInPackage>
      <ItemPrice>29.90</ItemPrice>
      <UnitOfMeasurePrice>29.90</UnitOfMeasurePrice>
      <AllowDiscount>1</AllowDiscount>
      <itemStatus>1</itemStatus>
      <LastUpdateDate />
      <LastUpdateTime />
    </Product>
    <Product>
      <PriceUpdateDate>2019/04/08 14:54</PriceUpdateDate>
      <ItemCode>7290106520066</ItemCode>
      <ItemType>1</ItemType>
      <ItemName>רבע לשבע</ItemName>
      <ManufactureName>שטראוס גרופ בעמ</ManufactureName>
      <ManufactureCountry />
      <ManufactureItemDescription />
      <UnitQty>יח`</UnitQty>
      <Quantity>1.60</Quantity>
      <UnitMeasure>100 גרם</UnitMeasure>
      <BisWeighted>0</BisWeighted>
      <QtyInPackage>1</QtyInPackage>
      <ItemPrice>12.90</ItemPrice>
      <UnitOfMeasurePrice>8.06</UnitOfMeasurePrice>
      <AllowDiscount>1</AllowDiscount>
      <itemStatus>1</itemStatus>
      <LastUpdateDate />
      <LastUpdateTime />
    </Product>
    <Product>
      <PriceUpdateDate>2018/04/24 12:31</PriceUpdateDate>
      <ItemCode>7290106520288</ItemCode>
      <ItemType>1</ItemType>
      <ItemName>דנונה פרו תות</ItemName>
      <ManufactureName>שטראוס גרופ בעמ/מצונן</ManufactureName>
      <ManufactureCountry />
      <ManufactureItemDescription />
      <UnitQty>יח`</UnitQty>
      <Quantity>1.50</Quantity>
      <UnitMeasure>100 גרם</UnitMeasure>
      <BisWeighted>0</BisWeighted>
      <QtyInPackage>1</QtyInPackage>
      <ItemPrice>4.60</ItemPrice>
      <UnitOfMeasurePrice>3.07</UnitOfMeasurePrice>
      <AllowDiscount>0</AllowDiscount>
      <itemStatus>1</itemStatus>
      <LastUpdateDate />
      <LastUpdateTime />
    </Product>
    <Product>
      <PriceUpdateDate>2018/04/24 12:19</PriceUpdateDate>
      <ItemCode>7290106520462</ItemCode>
      <ItemType>1</ItemType>
      <ItemName>עוגה אישית מילקי  -CAKE רביעייה</ItemName>
      <ManufactureName>שטראוס גרופ בעמ/מצונן</ManufactureName>
      <ManufactureCountry />
      <ManufactureItemDescription />
      <UnitQty>יח`</UnitQty>
      <Quantity>1.36</Quantity>
      <UnitMeasure>100 גרם</UnitMeasure>
      <BisWeighted>0</BisWeighted>
      <QtyInPackage>1</QtyInPackage>
      <ItemPrice>10.90</ItemPrice>
      <UnitOfMeasurePrice>8.01</UnitOfMeasurePrice>
      <AllowDiscount>0</AllowDiscount>
      <itemStatus>1</itemStatus>
      <LastUpdateDate />
      <LastUpdateTime />
    </Product>
    <Product>
      <PriceUpdateDate>2019/01/07 10:57</PriceUpdateDate>
      <ItemCode>7290106520905</ItemCode>
      <ItemType>1</ItemType>
      <ItemName>סלט טורקי אחלה (400 גרם)</ItemName>
      <ManufactureName>שטראוס גרופ בעמ/מצונן</ManufactureName>
      <ManufactureCountry />
      <ManufactureItemDescription />
      <UnitQty>יח`</UnitQty>
      <Quantity>4</Quantity>
      <UnitMeasure>100 גרם</UnitMeasure>
      <BisWeighted>0</BisWeighted>
      <QtyInPackage>1</QtyInPackage>
      <ItemPrice>16.50</ItemPrice>
      <UnitOfMeasurePrice>4.13</UnitOfMeasurePrice>
      <AllowDiscount>0</AllowDiscount>
      <itemStatus>1</itemStatus>
      <LastUpdateDate />
      <LastUpdateTime />
    </Product>
    <Product>
      <PriceUpdateDate>2018/04/24 11:43</PriceUpdateDate>
      <ItemCode>7290106521049</ItemCode>
      <ItemType>1</ItemType>
      <ItemName>קוביות סלק אחלה (400 גרם)</ItemName>
      <ManufactureName>שטראוס גרופ בעמ/מצונן</ManufactureName>
      <ManufactureCountry />
      <ManufactureItemDescription />
      <UnitQty>יח`</UnitQty>
      <Quantity>4</Quantity>
      <UnitMeasure>100 גרם</UnitMeasure>
      <BisWeighted>0</BisWeighted>
      <QtyInPackage>1</QtyInPackage>
      <ItemPrice>15.50</ItemPrice>
      <UnitOfMeasurePrice>3.88</UnitOfMeasurePrice>
      <AllowDiscount>0</AllowDiscount>
      <itemStatus>1</itemStatus>
      <LastUpdateDate />
      <LastUpdateTime />
    </Product>
    <Product>
      <PriceUpdateDate>2018/04/24 11:42</PriceUpdateDate>
      <ItemCode>7290106521629</ItemCode>
      <ItemType>1</ItemType>
      <ItemName>מאגדת טוויסט עלית (28x4 גרם)</ItemName>
      <ManufactureName>שטראוס גרופ בעמ</ManufactureName>
      <ManufactureCountry />
      <ManufactureItemDescription />
      <UnitQty>יח`</UnitQty>
      <Quantity>1</Quantity>
      <UnitMeasure />
      <BisWeighted>0</BisWeighted>
      <QtyInPackage>1</QtyInPackage>
      <ItemPrice>13.90</ItemPrice>
      <UnitOfMeasurePrice>13.90</UnitOfMeasurePrice>
      <AllowDiscount>0</AllowDiscount>
      <itemStatus>1</itemStatus>
      <LastUpdateDate />
      <LastUpdateTime />
    </Product>
    <Product>
      <PriceUpdateDate>2018/04/24 11:47</PriceUpdateDate>
      <ItemCode>7290106521650</ItemCode>
      <ItemType>1</ItemType>
      <ItemName>חטיף טעמי עלית (40x4 גרם)</ItemName>
      <ManufactureName>שטראוס גרופ בעמ</ManufactureName>
      <ManufactureCountry />
      <ManufactureItemDescription />
      <UnitQty>יח`</UnitQty>
      <Quantity>1</Quantity>
      <UnitMeasure />
      <BisWeighted>0</BisWeighted>
      <QtyInPackage>1</QtyInPackage>
      <ItemPrice>13.90</ItemPrice>
      <UnitOfMeasurePrice>13.90</UnitOfMeasurePrice>
      <AllowDiscount>0</AllowDiscount>
      <itemStatus>1</itemStatus>
      <LastUpdateDate />
      <LastUpdateTime />
    </Product>
    <Product>
      <PriceUpdateDate>2018/04/24 13:12</PriceUpdateDate>
      <ItemCode>7290106524439</ItemCode>
      <ItemType>1</ItemType>
      <ItemName>חטיף פופס תפוצ`יפס (60 גרם)</ItemName>
      <ManufactureName>שטראוס פריטו ליי בעמ</ManufactureName>
      <ManufactureCountry />
      <ManufactureItemDescription />
      <UnitQty>יח`</UnitQty>
      <Quantity>0.60</Quantity>
      <UnitMeasure>100 גרם</UnitMeasure>
      <BisWeighted>0</BisWeighted>
      <QtyInPackage>1</QtyInPackage>
      <ItemPrice>3.90</ItemPrice>
      <UnitOfMeasurePrice>6.50</UnitOfMeasurePrice>
      <AllowDiscount>0</AllowDiscount>
      <itemStatus>1</itemStatus>
      <LastUpdateDate />
      <LastUpdateTime />
    </Product>
    <Product>
      <PriceUpdateDate>2018/04/24 12:07</PriceUpdateDate>
      <ItemCode>7290106525405</ItemCode>
      <ItemType>1</ItemType>
      <ItemName>קפסולות קפה עלית נטול קפאין אספרסו (10)</ItemName>
      <ManufactureName>שטראוס גרופ בעמ</ManufactureName>
      <ManufactureCountry />
      <ManufactureItemDescription />
      <UnitQty>יח`</UnitQty>
      <Quantity>0.50</Quantity>
      <UnitMeasure>100 גרם</UnitMeasure>
      <BisWeighted>0</BisWeighted>
      <QtyInPackage>1</QtyInPackage>
      <ItemPrice>16.90</ItemPrice>
      <UnitOfMeasurePrice>33.80</UnitOfMeasurePrice>
      <AllowDiscount>1</AllowDiscount>
      <itemStatus>1</itemStatus>
      <LastUpdateDate />
      <LastUpdateTime />
    </Product>
    <Product>
      <PriceUpdateDate>2018/08/05 11:28</PriceUpdateDate>
      <ItemCode>7290106526822</ItemCode>
      <ItemType>1</ItemType>
      <ItemName>אנרג`י פריכיות תחתית שוקולד</ItemName>
      <ManufactureName>שטראוס גרופ בעמ</ManufactureName>
      <ManufactureCountry />
      <ManufactureItemDescription />
      <UnitQty>יח`</UnitQty>
      <Quantity>0.70</Quantity>
      <UnitMeasure>100 גרם</UnitMeasure>
      <BisWeighted>0</BisWeighted>
      <QtyInPackage>1</QtyInPackage>
      <ItemPrice>8.90</ItemPrice>
      <UnitOfMeasurePrice>12.71</UnitOfMeasurePrice>
      <AllowDiscount>0</AllowDiscount>
      <itemStatus>1</itemStatus>
      <LastUpdateDate />
      <LastUpdateTime />
    </Product>
    <Product>
      <PriceUpdateDate>2018/08/05 11:28</PriceUpdateDate>
      <ItemCode>7290106527386</ItemCode>
      <ItemType>1</ItemType>
      <ItemName>אנרג`י פריכיות תחתית מצופה שוקולד</ItemName>
      <ManufactureName>שטראוס גרופ בעמ</ManufactureName>
      <ManufactureCountry />
      <ManufactureItemDescription />
      <UnitQty>יח`</UnitQty>
      <Quantity>0.70</Quantity>
      <UnitMeasure>100 גרם</UnitMeasure>
      <BisWeighted>0</BisWeighted>
      <QtyInPackage>1</QtyInPackage>
      <ItemPrice>8.90</ItemPrice>
      <UnitOfMeasurePrice>12.71</UnitOfMeasurePrice>
      <AllowDiscount>0</AllowDiscount>
      <itemStatus>1</itemStatus>
      <LastUpdateDate />
      <LastUpdateTime />
    </Product>
    <Product>
      <PriceUpdateDate>2018/07/25 09:20</PriceUpdateDate>
      <ItemCode>7290106528567</ItemCode>
      <ItemType>1</ItemType>
      <ItemName>חטיף תירס גריל דוריטוס (185 גרם)</ItemName>
      <ManufactureName>שטראוס פריטו ליי בעמ</ManufactureName>
      <ManufactureCountry />
      <ManufactureItemDescription />
      <UnitQty>יח`</UnitQty>
      <Quantity>1.85</Quantity>
      <UnitMeasure>100 גרם</UnitMeasure>
      <BisWeighted>0</BisWeighted>
      <QtyInPackage>1</QtyInPackage>
      <ItemPrice>7.50</ItemPrice>
      <UnitOfMeasurePrice>4.05</UnitOfMeasurePrice>
      <AllowDiscount>0</AllowDiscount>
      <itemStatus>1</itemStatus>
      <LastUpdateDate />
      <LastUpdateTime />
    </Product>
    <Product>
      <PriceUpdateDate>2018/07/25 09:20</PriceUpdateDate>
      <ItemCode>7290106528628</ItemCode>
      <ItemType>1</ItemType>
      <ItemName>חטיף תירס בטעם טבעי דוריטוס (185 גרם)</ItemName>
      <ManufactureName>שטראוס פריטו ליי בעמ</ManufactureName>
      <ManufactureCountry />
      <ManufactureItemDescription />
      <UnitQty>יח`</UnitQty>
      <Quantity>1.85</Quantity>
      <UnitMeasure>100 גרם</UnitMeasure>
      <BisWeighted>0</BisWeighted>
      <QtyInPackage>1</QtyInPackage>
      <ItemPrice>7.50</ItemPrice>
      <UnitOfMeasurePrice>4.05</UnitOfMeasurePrice>
      <AllowDiscount>0</AllowDiscount>
      <itemStatus>1</itemStatus>
      <LastUpdateDate />
      <LastUpdateTime />
    </Product>
    <Product>
      <PriceUpdateDate>2018/04/24 12:13</PriceUpdateDate>
      <ItemCode>7290106528949</ItemCode>
      <ItemType>1</ItemType>
      <ItemName>סלט ערוגות שטראוס 450 גר`-טעם הטבע</ItemName>
      <ManufactureName>שטראוס גרופ בעמ/מצונן</ManufactureName>
      <ManufactureCountry />
      <ManufactureItemDescription />
      <UnitQty>יח`</UnitQty>
      <Quantity>4.50</Quantity>
      <UnitMeasure>100 גרם</UnitMeasure>
      <BisWeighted>0</BisWeighted>
      <QtyInPackage>1</QtyInPackage>
      <ItemPrice>11.50</ItemPrice>
      <UnitOfMeasurePrice>2.56</UnitOfMeasurePrice>
      <AllowDiscount>0</AllowDiscount>
      <itemStatus>1</itemStatus>
      <LastUpdateDate />
      <LastUpdateTime />
    </Product>
    <Product>
      <PriceUpdateDate>2018/04/24 11:39</PriceUpdateDate>
      <ItemCode>7290106570023</ItemCode>
      <ItemType>1</ItemType>
      <ItemName>בייגלה שטוחים שומשום אסם (250 גרם)</ItemName>
      <ManufactureName>קבוצת אסם סחר שות. מוגבלת</ManufactureName>
      <ManufactureCountry />
      <ManufactureItemDescription />
      <UnitQty>יח`</UnitQty>
      <Quantity>2.50</Quantity>
      <UnitMeasure>100 גרם</UnitMeasure>
      <BisWeighted>0</BisWeighted>
      <QtyInPackage>1</QtyInPackage>
      <ItemPrice>10.90</ItemPrice>
      <UnitOfMeasurePrice>4.36</UnitOfMeasurePrice>
      <AllowDiscount>0</AllowDiscount>
      <itemStatus>1</itemStatus>
      <LastUpdateDate />
      <LastUpdateTime />
    </Product>
    <Product>
      <PriceUpdateDate>2018/04/24 11:39</PriceUpdateDate>
      <ItemCode>7290106570177</ItemCode>
      <ItemType>1</ItemType>
      <ItemName>בייגלה שטוחים עם מלח 250 כשלפ</ItemName>
      <ManufactureName>קבוצת אסם סחר שות. מוגבלת</ManufactureName>
      <ManufactureCountry />
      <ManufactureItemDescription />
      <UnitQty>יח`</UnitQty>
      <Quantity>2.50</Quantity>
      <UnitMeasure>100 גרם</UnitMeasure>
      <BisWeighted>0</BisWeighted>
      <QtyInPackage>1</QtyInPackage>
      <ItemPrice>10.90</ItemPrice>
      <UnitOfMeasurePrice>4.36</UnitOfMeasurePrice>
      <AllowDiscount>0</AllowDiscount>
      <itemStatus>1</itemStatus>
      <LastUpdateDate />
      <LastUpdateTime />
    </Product>
    <Product>
      <PriceUpdateDate>2018/04/24 11:40</PriceUpdateDate>
      <ItemCode>7290106571709</ItemCode>
      <ItemType>1</ItemType>
      <ItemName>רוטב לסלט צ`ילי מתוק</ItemName>
      <ManufactureName>קבוצת אסם סחר שות. מוגבלת</ManufactureName>
      <ManufactureCountry />
      <ManufactureItemDescription />
      <UnitQty>יח`</UnitQty>
      <Quantity>2.90</Quantity>
      <UnitMeasure>100 מ"ל</UnitMeasure>
      <BisWeighted>0</BisWeighted>
      <QtyInPackage>1</QtyInPackage>
      <ItemPrice>12.90</ItemPrice>
      <UnitOfMeasurePrice>4.45</UnitOfMeasurePrice>
      <AllowDiscount>0</AllowDiscount>
      <itemStatus>1</itemStatus>
      <LastUpdateDate />
      <LastUpdateTime />
    </Product>
    <Product>
      <PriceUpdateDate>2018/04/24 11:58</PriceUpdateDate>
      <ItemCode>7290106571921</ItemCode>
      <ItemType>1</ItemType>
      <ItemName>פיטנס עוגיות עם חמוציות נסטלה (180 גרם)</ItemName>
      <ManufactureName>קבוצת אסם סחר שות. מוגבלת</ManufactureName>
      <ManufactureCountry />
      <ManufactureItemDescription />
      <UnitQty>יח`</UnitQty>
      <Quantity>1.80</Quantity>
      <UnitMeasure>100 גרם</UnitMeasure>
      <BisWeighted>0</BisWeighted>
      <QtyInPackage>1</QtyInPackage>
      <ItemPrice>11.90</ItemPrice>
      <UnitOfMeasurePrice>6.61</UnitOfMeasurePrice>
      <AllowDiscount>0</AllowDiscount>
      <itemStatus>1</itemStatus>
      <LastUpdateDate />
      <LastUpdateTime />
    </Product>
    <Product>
      <PriceUpdateDate>2018/04/24 12:18</PriceUpdateDate>
      <ItemCode>7290106571945</ItemCode>
      <ItemType>1</ItemType>
      <ItemName>פיטנס עוגיות שוקולד מריר נסטלה (180 גרם)</ItemName>
      <ManufactureName>קבוצת אסם סחר שות. מוגבלת</ManufactureName>
      <ManufactureCountry />
      <ManufactureItemDescription />
      <UnitQty>יח`</UnitQty>
      <Quantity>1.80</Quantity>
      <UnitMeasure>100 גרם</UnitMeasure>
      <BisWeighted>0</BisWeighted>
      <QtyInPackage>1</QtyInPackage>
      <ItemPrice>11.90</ItemPrice>
      <UnitOfMeasurePrice>6.61</UnitOfMeasurePrice>
      <AllowDiscount>0</AllowDiscount>
      <itemStatus>1</itemStatus>
      <LastUpdateDate />
      <LastUpdateTime />
    </Product>
    <Product>
      <PriceUpdateDate>2018/04/24 11:41</PriceUpdateDate>
      <ItemCode>7290106572027</ItemCode>
      <ItemType>1</ItemType>
      <ItemName>קרקר לחמית חמישה דגנים אסם (190 גרם)</ItemName>
      <ManufactureName>קבוצת אסם סחר שות. מוגבלת</ManufactureName>
      <ManufactureCountry />
      <ManufactureItemDescription />
      <UnitQty>יח`</UnitQty>
      <Quantity>1.90</Quantity>
      <UnitMeasure>100 גרם</UnitMeasure>
      <BisWeighted>0</BisWeighted>
      <QtyInPackage>1</QtyInPackage>
      <ItemPrice>8.90</ItemPrice>
      <UnitOfMeasurePrice>4.68</UnitOfMeasurePrice>
      <AllowDiscount>1</AllowDiscount>
      <itemStatus>1</itemStatus>
      <LastUpdateDate />
      <LastUpdateTime />
    </Product>
    <Product>
      <PriceUpdateDate>2018/04/24 11:41</PriceUpdateDate>
      <ItemCode>7290106572065</ItemCode>
      <ItemType>1</ItemType>
      <ItemName>חטיפי טורטיה בטעם חמוץ מתוק אסם (60 גרם)</ItemName>
      <ManufactureName>קבוצת אסם סחר שות. מוגבלת</ManufactureName>
      <ManufactureCountry />
      <ManufactureItemDescription />
      <UnitQty>יח`</UnitQty>
      <Quantity>0.60</Quantity>
      <UnitMeasure>100 גרם</UnitMeasure>
      <BisWeighted>0</BisWeighted>
      <QtyInPackage>1</QtyInPackage>
      <ItemPrice>7.90</ItemPrice>
      <UnitOfMeasurePrice>13.17</UnitOfMeasurePrice>
      <AllowDiscount>1</AllowDiscount>
      <itemStatus>1</itemStatus>
      <LastUpdateDate />
      <LastUpdateTime />
    </Product>
    <Product>
      <PriceUpdateDate>2018/07/08 11:12</PriceUpdateDate>
      <ItemCode>7290106572959</ItemCode>
      <ItemType>1</ItemType>
      <ItemName>מארז אפרופו קלאסי 25*5</ItemName>
      <ManufactureName>קבוצת אסם סחר שות. מוגבלת</ManufactureName>
      <ManufactureCountry />
      <ManufactureItemDescription />
      <UnitQty>יח`</UnitQty>
      <Quantity>1.25</Quantity>
      <UnitMeasure>100 גרם</UnitMeasure>
      <BisWeighted>0</BisWeighted>
      <QtyInPackage>1</QtyInPackage>
      <ItemPrice>12.90</ItemPrice>
      <UnitOfMeasurePrice>10.32</UnitOfMeasurePrice>
      <AllowDiscount>1</AllowDiscount>
      <itemStatus>1</itemStatus>
      <LastUpdateDate />
      <LastUpdateTime />
    </Product>
    <Product>
      <PriceUpdateDate>2018/04/24 11:58</PriceUpdateDate>
      <ItemCode>7290106573277</ItemCode>
      <ItemType>1</ItemType>
      <ItemName>קריספי טאפאס זיתים</ItemName>
      <ManufactureName>קבוצת אסם סחר שות. מוגבלת</ManufactureName>
      <ManufactureCountry />
      <ManufactureItemDescription />
      <UnitQty>יח`</UnitQty>
      <Quantity>1.50</Quantity>
      <UnitMeasure>100 גרם</UnitMeasure>
      <BisWeighted>0</BisWeighted>
      <QtyInPackage>1</QtyInPackage>
      <ItemPrice>11.90</ItemPrice>
      <UnitOfMeasurePrice>7.93</UnitOfMeasurePrice>
      <AllowDiscount>1</AllowDiscount>
      <itemStatus>1</itemStatus>
      <LastUpdateDate />
      <LastUpdateTime />
    </Product>
    <Product>
      <PriceUpdateDate>2018/04/24 11:58</PriceUpdateDate>
      <ItemCode>7290106573291</ItemCode>
      <ItemType>1</ItemType>
      <ItemName>קריספי טאפאס פלפלים קלוים אסם (150 גרם)</ItemName>
      <ManufactureName>קבוצת אסם סחר שות. מוגבלת</ManufactureName>
      <ManufactureCountry />
      <ManufactureItemDescription />
      <UnitQty>יח`</UnitQty>
      <Quantity>1.50</Quantity>
      <UnitMeasure>100 גרם</UnitMeasure>
      <BisWeighted>0</BisWeighted>
      <QtyInPackage>1</QtyInPackage>
      <ItemPrice>11.90</ItemPrice>
      <UnitOfMeasurePrice>7.93</UnitOfMeasurePrice>
      <AllowDiscount>1</AllowDiscount>
      <itemStatus>1</itemStatus>
      <LastUpdateDate />
      <LastUpdateTime />
    </Product>
    <Product>
      <PriceUpdateDate>2018/04/24 11:47</PriceUpdateDate>
      <ItemCode>7290106573642</ItemCode>
      <ItemType>1</ItemType>
      <ItemName>חומוס עם צנוברים צבר (400 גרם)</ItemName>
      <ManufactureName>קבוצת אסם סחר שות. מוגבלת</ManufactureName>
      <ManufactureCountry />
      <ManufactureItemDescription />
      <UnitQty>יח`</UnitQty>
      <Quantity>4</Quantity>
      <UnitMeasure>100 גרם</UnitMeasure>
      <BisWeighted>0</BisWeighted>
      <QtyInPackage>1</QtyInPackage>
      <ItemPrice>12</ItemPrice>
      <UnitOfMeasurePrice>3</UnitOfMeasurePrice>
      <AllowDiscount>1</AllowDiscount>
      <itemStatus>1</itemStatus>
      <LastUpdateDate />
      <LastUpdateTime />
    </Product>
    <Product>
      <PriceUpdateDate>2018/04/24 11:42</PriceUpdateDate>
      <ItemCode>7290106574953</ItemCode>
      <ItemType>1</ItemType>
      <ItemName>בייגלה שטוחים עם שומשום</ItemName>
      <ManufactureName>קבוצת אסם סחר שות. מוגבלת</ManufactureName>
      <ManufactureCountry />
      <ManufactureItemDescription />
      <UnitQty>יח`</UnitQty>
      <Quantity>3</Quantity>
      <UnitMeasure>100 גרם</UnitMeasure>
      <BisWeighted>0</BisWeighted>
      <QtyInPackage>1</QtyInPackage>
      <ItemPrice>9.90</ItemPrice>
      <UnitOfMeasurePrice>3.30</UnitOfMeasurePrice>
      <AllowDiscount>0</AllowDiscount>
      <itemStatus>1</itemStatus>
      <LastUpdateDate />
      <LastUpdateTime />
    </Product>
    <Product>
      <PriceUpdateDate>2018/07/08 11:12</PriceUpdateDate>
      <ItemCode>7290106575257</ItemCode>
      <ItemType>1</ItemType>
      <ItemName>עוגת הבית סופלה טעם שוקולד</ItemName>
      <ManufactureName>קבוצת אסם סחר שות. מוגבלת</ManufactureName>
      <ManufactureCountry />
      <ManufactureItemDescription />
      <UnitQty>יח`</UnitQty>
      <Quantity>3.40</Quantity>
      <UnitMeasure>100 גרם</UnitMeasure>
      <BisWeighted>0</BisWeighted>
      <QtyInPackage>1</QtyInPackage>
      <ItemPrice>11.90</ItemPrice>
      <UnitOfMeasurePrice>3.50</UnitOfMeasurePrice>
      <AllowDiscount>0</AllowDiscount>
      <itemStatus>1</itemStatus>
      <LastUpdateDate />
      <LastUpdateTime />
    </Product>
    <Product>
      <PriceUpdateDate>2018/04/24 12:36</PriceUpdateDate>
      <ItemCode>7290106576223</ItemCode>
      <ItemType>1</ItemType>
      <ItemName>אפרופו שוקולד 40 גר</ItemName>
      <ManufactureName>קבוצת אסם סחר שות. מוגבלת</ManufactureName>
      <ManufactureCountry />
      <ManufactureItemDescription />
      <UnitQty>יח`</UnitQty>
      <Quantity>0.40</Quantity>
      <UnitMeasure>100 גרם</UnitMeasure>
      <BisWeighted>0</BisWeighted>
      <QtyInPackage>1</QtyInPackage>
      <ItemPrice>5</ItemPrice>
      <UnitOfMeasurePrice>12.50</UnitOfMeasurePrice>
      <AllowDiscount>1</AllowDiscount>
      <itemStatus>1</itemStatus>
      <LastUpdateDate />
      <LastUpdateTime />
    </Product>
    <Product>
      <PriceUpdateDate>2018/08/05 11:28</PriceUpdateDate>
      <ItemCode>7290106576513</ItemCode>
      <ItemType>1</ItemType>
      <ItemName>חומוס צבר (400 גרם)</ItemName>
      <ManufactureName>קבוצת אסם סחר שות. מוגבלת</ManufactureName>
      <ManufactureCountry />
      <ManufactureItemDescription />
      <UnitQty>יח`</UnitQty>
      <Quantity>5</Quantity>
      <UnitMeasure>100 גרם</UnitMeasure>
      <BisWeighted>0</BisWeighted>
      <QtyInPackage>1</QtyInPackage>
      <ItemPrice>11.90</ItemPrice>
      <UnitOfMeasurePrice>2.38</UnitOfMeasurePrice>
      <AllowDiscount>1</AllowDiscount>
      <itemStatus>1</itemStatus>
      <LastUpdateDate />
      <LastUpdateTime />
    </Product>
    <Product>
      <PriceUpdateDate>2018/08/05 11:28</PriceUpdateDate>
      <ItemCode>7290106576537</ItemCode>
      <ItemType>1</ItemType>
      <ItemName>חומוס מסעדה צבר (700 גרם)</ItemName>
      <ManufactureName>קבוצת אסם סחר שות. מוגבלת</ManufactureName>
      <ManufactureCountry />
      <ManufactureItemDescription />
      <UnitQty>יח`</UnitQty>
      <Quantity>7</Quantity>
      <UnitMeasure>100 גרם</UnitMeasure>
      <BisWeighted>0</BisWeighted>
      <QtyInPackage>1</QtyInPackage>
      <ItemPrice>11.90</ItemPrice>
      <UnitOfMeasurePrice>1.70</UnitOfMeasurePrice>
      <AllowDiscount>1</AllowDiscount>
      <itemStatus>1</itemStatus>
      <LastUpdateDate />
      <LastUpdateTime />
    </Product>
    <Product>
      <PriceUpdateDate>2018/04/24 11:49</PriceUpdateDate>
      <ItemCode>7290106576919</ItemCode>
      <ItemType>1</ItemType>
      <ItemName>לה קרמריה 1.4 סורבה תות לימון</ItemName>
      <ManufactureName>נגה גלידות שותפות מוגבלת</ManufactureName>
      <ManufactureCountry />
      <ManufactureItemDescription />
      <UnitQty>יח`</UnitQty>
      <Quantity>14</Quantity>
      <UnitMeasure>100 מ"ל</UnitMeasure>
      <BisWeighted>0</BisWeighted>
      <QtyInPackage>1</QtyInPackage>
      <ItemPrice>22.90</ItemPrice>
      <UnitOfMeasurePrice>1.64</UnitOfMeasurePrice>
      <AllowDiscount>1</AllowDiscount>
      <itemStatus>1</itemStatus>
      <LastUpdateDate />
      <LastUpdateTime />
    </Product>
    <Product>
      <PriceUpdateDate>2018/04/24 11:49</PriceUpdateDate>
      <ItemCode>7290106576971</ItemCode>
      <ItemType>1</ItemType>
      <ItemName>לה קרמריה 1.4 שוקולד</ItemName>
      <ManufactureName>נגה גלידות שותפות מוגבלת</ManufactureName>
      <ManufactureCountry />
      <ManufactureItemDescription />
      <UnitQty>יח`</UnitQty>
      <Quantity>14</Quantity>
      <UnitMeasure>100 מ"ל</UnitMeasure>
      <BisWeighted>0</BisWeighted>
      <QtyInPackage>1</QtyInPackage>
      <ItemPrice>22.90</ItemPrice>
      <UnitOfMeasurePrice>1.64</UnitOfMeasurePrice>
      <AllowDiscount>1</AllowDiscount>
      <itemStatus>1</itemStatus>
      <LastUpdateDate />
      <LastUpdateTime />
    </Product>
    <Product>
      <PriceUpdateDate>2018/04/24 11:58</PriceUpdateDate>
      <ItemCode>7290106577282</ItemCode>
      <ItemType>1</ItemType>
      <ItemName>טחינה אמיתית צבר (400 גרם)</ItemName>
      <ManufactureName>קבוצת אסם סחר שות. מוגבלת</ManufactureName>
      <ManufactureCountry />
      <ManufactureItemDescription />
      <UnitQty>יח`</UnitQty>
      <Quantity>4</Quantity>
      <UnitMeasure>100 גרם</UnitMeasure>
      <BisWeighted>0</BisWeighted>
      <QtyInPackage>1</QtyInPackage>
      <ItemPrice>11.90</ItemPrice>
      <UnitOfMeasurePrice>2.98</UnitOfMeasurePrice>
      <AllowDiscount>1</AllowDiscount>
      <itemStatus>1</itemStatus>
      <LastUpdateDate />
      <LastUpdateTime />
    </Product>
    <Product>
      <PriceUpdateDate>2018/04/24 11:58</PriceUpdateDate>
      <ItemCode>7290106577480</ItemCode>
      <ItemType>1</ItemType>
      <ItemName>סלט חציל על האש בטחינה צבר (400 גרם)</ItemName>
      <ManufactureName>קבוצת אסם סחר שות. מוגבלת</ManufactureName>
      <ManufactureCountry />
      <ManufactureItemDescription />
      <UnitQty>יח`</UnitQty>
      <Quantity>4</Quantity>
      <UnitMeasure>100 גרם</UnitMeasure>
      <BisWeighted>0</BisWeighted>
      <QtyInPackage>1</QtyInPackage>
      <ItemPrice>12.90</ItemPrice>
      <UnitOfMeasurePrice>3.23</UnitOfMeasurePrice>
      <AllowDiscount>1</AllowDiscount>
      <itemStatus>1</itemStatus>
      <LastUpdateDate />
      <LastUpdateTime />
    </Product>
    <Product>
      <PriceUpdateDate>2018/04/24 11:58</PriceUpdateDate>
      <ItemCode>7290106577503</ItemCode>
      <ItemType>1</ItemType>
      <ItemName>חציל במיונז על האש צבר (400 גרם)</ItemName>
      <ManufactureName>קבוצת אסם סחר שות. מוגבלת</ManufactureName>
      <ManufactureCountry />
      <ManufactureItemDescription />
      <UnitQty>יח`</UnitQty>
      <Quantity>4</Quantity>
      <UnitMeasure>100 גרם</UnitMeasure>
      <BisWeighted>0</BisWeighted>
      <QtyInPackage>1</QtyInPackage>
      <ItemPrice>11.90</ItemPrice>
      <UnitOfMeasurePrice>2.98</UnitOfMeasurePrice>
      <AllowDiscount>1</AllowDiscount>
      <itemStatus>1</itemStatus>
      <LastUpdateDate />
      <LastUpdateTime />
    </Product>
    <Product>
      <PriceUpdateDate>2018/04/24 11:58</PriceUpdateDate>
      <ItemCode>7290106577541</ItemCode>
      <ItemType>1</ItemType>
      <ItemName>סלט כרוב אדום צבר (400 גרם)</ItemName>
      <ManufactureName>קבוצת אסם סחר שות. מוגבלת</ManufactureName>
      <ManufactureCountry />
      <ManufactureItemDescription />
      <UnitQty>יח`</UnitQty>
      <Quantity>4</Quantity>
      <UnitMeasure>100 גרם</UnitMeasure>
      <BisWeighted>0</BisWeighted>
      <QtyInPackage>1</QtyInPackage>
      <ItemPrice>10.90</ItemPrice>
      <UnitOfMeasurePrice>2.73</UnitOfMeasurePrice>
      <AllowDiscount>1</AllowDiscount>
      <itemStatus>1</itemStatus>
      <LastUpdateDate />
      <LastUpdateTime />
    </Product>
    <Product>
      <PriceUpdateDate>2018/04/24 13:11</PriceUpdateDate>
      <ItemCode>7290106577688</ItemCode>
      <ItemType>1</ItemType>
      <ItemName> קראנצ`540  גר`בונז`ור ולתנור קפוא</ItemName>
      <ManufactureName>קבוצת אסם סחר שות. מוגבלת</ManufactureName>
      <ManufactureCountry />
      <ManufactureItemDescription />
      <UnitQty>יח`</UnitQty>
      <Quantity>5.40</Quantity>
      <UnitMeasure>100 גרם</UnitMeasure>
      <BisWeighted>0</BisWeighted>
      <QtyInPackage>1</QtyInPackage>
      <ItemPrice>19.90</ItemPrice>
      <UnitOfMeasurePrice>3.69</UnitOfMeasurePrice>
      <AllowDiscount>0</AllowDiscount>
      <itemStatus>1</itemStatus>
      <LastUpdateDate />
      <LastUpdateTime />
    </Product>
    <Product>
      <PriceUpdateDate>2018/09/03 16:27</PriceUpdateDate>
      <ItemCode>7290106577961</ItemCode>
      <ItemType>1</ItemType>
      <ItemName>דגני בוקר שיבולת שועל 340 גר`</ItemName>
      <ManufactureName>קבוצת אסם סחר שות. מוגבלת</ManufactureName>
      <ManufactureCountry />
      <ManufactureItemDescription />
      <UnitQty>יח`</UnitQty>
      <Quantity>3.40</Quantity>
      <UnitMeasure>100 גרם</UnitMeasure>
      <BisWeighted>0</BisWeighted>
      <QtyInPackage>1</QtyInPackage>
      <ItemPrice>17.90</ItemPrice>
      <UnitOfMeasurePrice>5.26</UnitOfMeasurePrice>
      <AllowDiscount>1</AllowDiscount>
      <itemStatus>1</itemStatus>
      <LastUpdateDate />
      <LastUpdateTime />
    </Product>
    <Product>
      <PriceUpdateDate>2019/01/07 10:57</PriceUpdateDate>
      <ItemCode>7290106578241</ItemCode>
      <ItemType>1</ItemType>
      <ItemName>דובונים חטיף תפוחי אדמה אסם (100 גרם)</ItemName>
      <ManufactureName>קבוצת אסם סחר שות. מוגבלת</ManufactureName>
      <ManufactureCountry />
      <ManufactureItemDescription />
      <UnitQty>יח`</UnitQty>
      <Quantity>1</Quantity>
      <UnitMeasure>100 גרם</UnitMeasure>
      <BisWeighted>0</BisWeighted>
      <QtyInPackage>1</QtyInPackage>
      <ItemPrice>9.90</ItemPrice>
      <UnitOfMeasurePrice>9.90</UnitOfMeasurePrice>
      <AllowDiscount>0</AllowDiscount>
      <itemStatus>1</itemStatus>
      <LastUpdateDate />
      <LastUpdateTime />
    </Product>
    <Product>
      <PriceUpdateDate>2019/01/07 10:57</PriceUpdateDate>
      <ItemCode>7290106578821</ItemCode>
      <ItemType>1</ItemType>
      <ItemName>עוגת הבית שמרים שוקולד קלסית</ItemName>
      <ManufactureName>קבוצת אסם סחר שות. מוגבלת</ManufactureName>
      <ManufactureCountry />
      <ManufactureItemDescription />
      <UnitQty>יח`</UnitQty>
      <Quantity>3.50</Quantity>
      <UnitMeasure>100 גרם</UnitMeasure>
      <BisWeighted>0</BisWeighted>
      <QtyInPackage>1</QtyInPackage>
      <ItemPrice>17.90</ItemPrice>
      <UnitOfMeasurePrice>5.11</UnitOfMeasurePrice>
      <AllowDiscount>0</AllowDiscount>
      <itemStatus>1</itemStatus>
      <LastUpdateDate />
      <LastUpdateTime />
    </Product>
    <Product>
      <PriceUpdateDate>2018/04/24 11:42</PriceUpdateDate>
      <ItemCode>7290106652705</ItemCode>
      <ItemType>1</ItemType>
      <ItemName>פסק זמן שלישייה</ItemName>
      <ManufactureName>שטראוס גרופ בעמ</ManufactureName>
      <ManufactureCountry />
      <ManufactureItemDescription />
      <UnitQty>יח`</UnitQty>
      <Quantity>1</Quantity>
      <UnitMeasure />
      <BisWeighted>0</BisWeighted>
      <QtyInPackage>1</QtyInPackage>
      <ItemPrice>13.90</ItemPrice>
      <UnitOfMeasurePrice>13.90</UnitOfMeasurePrice>
      <AllowDiscount>0</AllowDiscount>
      <itemStatus>1</itemStatus>
      <LastUpdateDate />
      <LastUpdateTime />
    </Product>
    <Product>
      <PriceUpdateDate>2018/04/24 11:46</PriceUpdateDate>
      <ItemCode>7290106653207</ItemCode>
      <ItemType>1</ItemType>
      <ItemName>פיתה קראנצ` בטעם זעתר עלית (300 גרם)</ItemName>
      <ManufactureName>שטראוס פריטו ליי בעמ</ManufactureName>
      <ManufactureCountry />
      <ManufactureItemDescription />
      <UnitQty>יח`</UnitQty>
      <Quantity>3</Quantity>
      <UnitMeasure>100 גרם</UnitMeasure>
      <BisWeighted>0</BisWeighted>
      <QtyInPackage>1</QtyInPackage>
      <ItemPrice>13</ItemPrice>
      <UnitOfMeasurePrice>4.33</UnitOfMeasurePrice>
      <AllowDiscount>1</AllowDiscount>
      <itemStatus>1</itemStatus>
      <LastUpdateDate />
      <LastUpdateTime />
    </Product>
    <Product>
      <PriceUpdateDate>2018/08/01 14:14</PriceUpdateDate>
      <ItemCode>7290106653689</ItemCode>
      <ItemType>1</ItemType>
      <ItemName>לקט לסלט אסייתי 350 גר`-טעם הטבע</ItemName>
      <ManufactureName>שטראוס גרופ בעמ/מצונן</ManufactureName>
      <ManufactureCountry />
      <ManufactureItemDescription />
      <UnitQty>יח`</UnitQty>
      <Quantity>3.50</Quantity>
      <UnitMeasure>100 גרם</UnitMeasure>
      <BisWeighted>0</BisWeighted>
      <QtyInPackage>1</QtyInPackage>
      <ItemPrice>10.90</ItemPrice>
      <UnitOfMeasurePrice>3.11</UnitOfMeasurePrice>
      <AllowDiscount>0</AllowDiscount>
      <itemStatus>1</itemStatus>
      <LastUpdateDate />
      <LastUpdateTime />
    </Product>
    <Product>
      <PriceUpdateDate>2018/04/24 11:53</PriceUpdateDate>
      <ItemCode>7290106654921</ItemCode>
      <ItemType>1</ItemType>
      <ItemName>תפוצ`יפס 50 גר` אקסטרא</ItemName>
      <ManufactureName>שטראוס פריטו ליי בעמ</ManufactureName>
      <ManufactureCountry />
      <ManufactureItemDescription />
      <UnitQty>יח`</UnitQty>
      <Quantity>1</Quantity>
      <UnitMeasure />
      <BisWeighted>0</BisWeighted>
      <QtyInPackage>1</QtyInPackage>
      <ItemPrice>3.90</ItemPrice>
      <UnitOfMeasurePrice>3.90</UnitOfMeasurePrice>
      <AllowDiscount>0</AllowDiscount>
      <itemStatus>1</itemStatus>
      <LastUpdateDate />
      <LastUpdateTime />
    </Product>
    <Product>
      <PriceUpdateDate>2018/04/24 12:50</PriceUpdateDate>
      <ItemCode>7290106656260</ItemCode>
      <ItemType>1</ItemType>
      <ItemName>פופקורן בטעם טבעי עלית (65 גרם)</ItemName>
      <ManufactureName>שטראוס פריטו ליי בעמ</ManufactureName>
      <ManufactureCountry />
      <ManufactureItemDescription />
      <UnitQty>יח`</UnitQty>
      <Quantity>0.65</Quantity>
      <UnitMeasure>100 גרם</UnitMeasure>
      <BisWeighted>0</BisWeighted>
      <QtyInPackage>1</QtyInPackage>
      <ItemPrice>3.90</ItemPrice>
      <UnitOfMeasurePrice>6</UnitOfMeasurePrice>
      <AllowDiscount>1</AllowDiscount>
      <itemStatus>1</itemStatus>
      <LastUpdateDate />
      <LastUpdateTime />
    </Product>
    <Product>
      <PriceUpdateDate>2018/04/24 12:13</PriceUpdateDate>
      <ItemCode>7290106656727</ItemCode>
      <ItemType>1</ItemType>
      <ItemName>חיוכים שוקו 600 גר בדצ</ItemName>
      <ManufactureName>שטראוס גרופ בעמ</ManufactureName>
      <ManufactureCountry />
      <ManufactureItemDescription />
      <UnitQty>יח`</UnitQty>
      <Quantity>6</Quantity>
      <UnitMeasure>100 גרם</UnitMeasure>
      <BisWeighted>0</BisWeighted>
      <QtyInPackage>1</QtyInPackage>
      <ItemPrice>17.90</ItemPrice>
      <UnitOfMeasurePrice>2.98</UnitOfMeasurePrice>
      <AllowDiscount>0</AllowDiscount>
      <itemStatus>1</itemStatus>
      <LastUpdateDate />
      <LastUpdateTime />
    </Product>
    <Product>
      <PriceUpdateDate>2018/04/24 12:13</PriceUpdateDate>
      <ItemCode>7290106656734</ItemCode>
      <ItemType>1</ItemType>
      <ItemName>חיוכים וניל 600 גר בדצ</ItemName>
      <ManufactureName>שטראוס גרופ בעמ</ManufactureName>
      <ManufactureCountry />
      <ManufactureItemDescription />
      <UnitQty>יח`</UnitQty>
      <Quantity>6</Quantity>
      <UnitMeasure>100 גרם</UnitMeasure>
      <BisWeighted>0</BisWeighted>
      <QtyInPackage>1</QtyInPackage>
      <ItemPrice>17.90</ItemPrice>
      <UnitOfMeasurePrice>2.98</UnitOfMeasurePrice>
      <AllowDiscount>0</AllowDiscount>
      <itemStatus>1</itemStatus>
      <LastUpdateDate />
      <LastUpdateTime />
    </Product>
    <Product>
      <PriceUpdateDate>2018/07/25 09:20</PriceUpdateDate>
      <ItemCode>7290106657137</ItemCode>
      <ItemType>1</ItemType>
      <ItemName>תפוצ`יפס 200 גר` אקסטרא</ItemName>
      <ManufactureName>שטראוס פריטו ליי בעמ</ManufactureName>
      <ManufactureCountry />
      <ManufactureItemDescription />
      <UnitQty>יח`</UnitQty>
      <Quantity>2</Quantity>
      <UnitMeasure>100 גרם</UnitMeasure>
      <BisWeighted>0</BisWeighted>
      <QtyInPackage>1</QtyInPackage>
      <ItemPrice>10.90</ItemPrice>
      <UnitOfMeasurePrice>5.45</UnitOfMeasurePrice>
      <AllowDiscount>1</AllowDiscount>
      <itemStatus>1</itemStatus>
      <LastUpdateDate />
      <LastUpdateTime />
    </Product>
    <Product>
      <PriceUpdateDate>2018/04/24 12:15</PriceUpdateDate>
      <ItemCode>7290106658479</ItemCode>
      <ItemType>1</ItemType>
      <ItemName>טורטית מגדים</ItemName>
      <ManufactureName>שטראוס גרופ בעמ</ManufactureName>
      <ManufactureCountry />
      <ManufactureItemDescription />
      <UnitQty>יח`</UnitQty>
      <Quantity>0.40</Quantity>
      <UnitMeasure>100 גרם</UnitMeasure>
      <BisWeighted>0</BisWeighted>
      <QtyInPackage>1</QtyInPackage>
      <ItemPrice>3.90</ItemPrice>
      <UnitOfMeasurePrice>9.75</UnitOfMeasurePrice>
      <AllowDiscount>1</AllowDiscount>
      <itemStatus>1</itemStatus>
      <LastUpdateDate />
      <LastUpdateTime />
    </Product>
    <Product>
      <PriceUpdateDate>2018/04/24 13:10</PriceUpdateDate>
      <ItemCode>7290106660649</ItemCode>
      <ItemType>1</ItemType>
      <ItemName>חטיף תירס ובוטנים צ`יטוס (80 גרם)</ItemName>
      <ManufactureName>שטראוס פריטו ליי בעמ</ManufactureName>
      <ManufactureCountry />
      <ManufactureItemDescription />
      <UnitQty>יח`</UnitQty>
      <Quantity>0.80</Quantity>
      <UnitMeasure>100 גרם</UnitMeasure>
      <BisWeighted>0</BisWeighted>
      <QtyInPackage>1</QtyInPackage>
      <ItemPrice>4.50</ItemPrice>
      <UnitOfMeasurePrice>5.63</UnitOfMeasurePrice>
      <AllowDiscount>0</AllowDiscount>
      <itemStatus>1</itemStatus>
      <LastUpdateDate />
      <LastUpdateTime />
    </Product>
    <Product>
      <PriceUpdateDate>2020/03/29 15:09</PriceUpdateDate>
      <ItemCode>7290106662223</ItemCode>
      <ItemType>1</ItemType>
      <ItemName>אפיפיות בטעם שוקולד עלית (200x2 גרם)</ItemName>
      <ManufactureName>שטראוס גרופ בעמ</ManufactureName>
      <ManufactureCountry />
      <ManufactureItemDescription />
      <UnitQty>יח`</UnitQty>
      <Quantity>4</Quantity>
      <UnitMeasure>100 גרם</UnitMeasure>
      <BisWeighted>0</BisWeighted>
      <QtyInPackage>1</QtyInPackage>
      <ItemPrice>14.90</ItemPrice>
      <UnitOfMeasurePrice>3.73</UnitOfMeasurePrice>
      <AllowDiscount>0</AllowDiscount>
      <itemStatus>1</itemStatus>
      <LastUpdateDate />
      <LastUpdateTime />
    </Product>
    <Product>
      <PriceUpdateDate>2019/01/07 10:57</PriceUpdateDate>
      <ItemCode>7290106662230</ItemCode>
      <ItemType>1</ItemType>
      <ItemName>בפלות טוב טעם מצופים עם קרם בטעם שוקולד</ItemName>
      <ManufactureName>שטראוס גרופ בעמ</ManufactureName>
      <ManufactureCountry />
      <ManufactureItemDescription />
      <UnitQty>יח`</UnitQty>
      <Quantity>4.45</Quantity>
      <UnitMeasure>100 גרם</UnitMeasure>
      <BisWeighted>0</BisWeighted>
      <QtyInPackage>1</QtyInPackage>
      <ItemPrice>17.90</ItemPrice>
      <UnitOfMeasurePrice>4.02</UnitOfMeasurePrice>
      <AllowDiscount>0</AllowDiscount>
      <itemStatus>1</itemStatus>
      <LastUpdateDate />
      <LastUpdateTime />
    </Product>
    <Product>
      <PriceUpdateDate>2019/04/08 14:54</PriceUpdateDate>
      <ItemCode>7290106662377</ItemCode>
      <ItemType>1</ItemType>
      <ItemName>רבע לשבע בוטנים</ItemName>
      <ManufactureName>שטראוס גרופ בעמ</ManufactureName>
      <ManufactureCountry />
      <ManufactureItemDescription />
      <UnitQty>יח`</UnitQty>
      <Quantity>1.20</Quantity>
      <UnitMeasure>100 גרם</UnitMeasure>
      <BisWeighted>0</BisWeighted>
      <QtyInPackage>1</QtyInPackage>
      <ItemPrice>12.90</ItemPrice>
      <UnitOfMeasurePrice>10.75</UnitOfMeasurePrice>
      <AllowDiscount>1</AllowDiscount>
      <itemStatus>1</itemStatus>
      <LastUpdateDate />
      <LastUpdateTime />
    </Product>
    <Product>
      <PriceUpdateDate>2018/04/24 12:19</PriceUpdateDate>
      <ItemCode>7290106662964</ItemCode>
      <ItemType>1</ItemType>
      <ItemName>סוכריות נוסטלגיה גומי יין</ItemName>
      <ManufactureName>שטראוס גרופ בעמ</ManufactureName>
      <ManufactureCountry />
      <ManufactureItemDescription />
      <UnitQty>יח`</UnitQty>
      <Quantity>0.80</Quantity>
      <UnitMeasure>100 גרם</UnitMeasure>
      <BisWeighted>0</BisWeighted>
      <QtyInPackage>1</QtyInPackage>
      <ItemPrice>5.90</ItemPrice>
      <UnitOfMeasurePrice>7.38</UnitOfMeasurePrice>
      <AllowDiscount>0</AllowDiscount>
      <itemStatus>1</itemStatus>
      <LastUpdateDate />
      <LastUpdateTime />
    </Product>
    <Product>
      <PriceUpdateDate>2018/04/24 12:19</PriceUpdateDate>
      <ItemCode>7290106662971</ItemCode>
      <ItemType>1</ItemType>
      <ItemName>ג`לית 80  גר`-כשלפ</ItemName>
      <ManufactureName>שטראוס גרופ בעמ</ManufactureName>
      <ManufactureCountry />
      <ManufactureItemDescription />
      <UnitQty>יח`</UnitQty>
      <Quantity>0.80</Quantity>
      <UnitMeasure>100 גרם</UnitMeasure>
      <BisWeighted>0</BisWeighted>
      <QtyInPackage>1</QtyInPackage>
      <ItemPrice>4.90</ItemPrice>
      <UnitOfMeasurePrice>6.13</UnitOfMeasurePrice>
      <AllowDiscount>0</AllowDiscount>
      <itemStatus>1</itemStatus>
      <LastUpdateDate />
      <LastUpdateTime />
    </Product>
    <Product>
      <PriceUpdateDate>2018/04/24 12:50</PriceUpdateDate>
      <ItemCode>7290106663008</ItemCode>
      <ItemType>1</ItemType>
      <ItemName>פסק זמן נשנושים עלית (130  גרם)* *</ItemName>
      <ManufactureName>שטראוס גרופ בעמ</ManufactureName>
      <ManufactureCountry />
      <ManufactureItemDescription />
      <UnitQty>יח`</UnitQty>
      <Quantity>1.30</Quantity>
      <UnitMeasure>100 גרם</UnitMeasure>
      <BisWeighted>0</BisWeighted>
      <QtyInPackage>1</QtyInPackage>
      <ItemPrice>11.90</ItemPrice>
      <UnitOfMeasurePrice>9.15</UnitOfMeasurePrice>
      <AllowDiscount>0</AllowDiscount>
      <itemStatus>1</itemStatus>
      <LastUpdateDate />
      <LastUpdateTime />
    </Product>
    <Product>
      <PriceUpdateDate>2018/04/24 12:50</PriceUpdateDate>
      <ItemCode>7290106663015</ItemCode>
      <ItemType>1</ItemType>
      <ItemName>טורטית נשנושים עלית (130  גרם)* *</ItemName>
      <ManufactureName>שטראוס גרופ בעמ</ManufactureName>
      <ManufactureCountry />
      <ManufactureItemDescription />
      <UnitQty>יח`</UnitQty>
      <Quantity>1.30</Quantity>
      <UnitMeasure>100 גרם</UnitMeasure>
      <BisWeighted>0</BisWeighted>
      <QtyInPackage>1</QtyInPackage>
      <ItemPrice>11.90</ItemPrice>
      <UnitOfMeasurePrice>9.15</UnitOfMeasurePrice>
      <AllowDiscount>0</AllowDiscount>
      <itemStatus>1</itemStatus>
      <LastUpdateDate />
      <LastUpdateTime />
    </Product>
    <Product>
      <PriceUpdateDate>2018/09/16 13:56</PriceUpdateDate>
      <ItemCode>7290106663503</ItemCode>
      <ItemType>1</ItemType>
      <ItemName>קונפיטורת תות לייט יד מרדכי (230 גרם)</ItemName>
      <ManufactureName>שטראוס גרופ בעמ</ManufactureName>
      <ManufactureCountry />
      <ManufactureItemDescription />
      <UnitQty>יח`</UnitQty>
      <Quantity>2.50</Quantity>
      <UnitMeasure>100 גרם</UnitMeasure>
      <BisWeighted>0</BisWeighted>
      <QtyInPackage>1</QtyInPackage>
      <ItemPrice>14.90</ItemPrice>
      <UnitOfMeasurePrice>5.96</UnitOfMeasurePrice>
      <AllowDiscount>1</AllowDiscount>
      <itemStatus>1</itemStatus>
      <LastUpdateDate />
      <LastUpdateTime />
    </Product>
    <Product>
      <PriceUpdateDate>2018/04/24 12:27</PriceUpdateDate>
      <ItemCode>7290106663527</ItemCode>
      <ItemType>1</ItemType>
      <ItemName>קונפיטורת משמש לייט יד מרדכי (230 גרם)</ItemName>
      <ManufactureName>שטראוס גרופ בעמ</ManufactureName>
      <ManufactureCountry />
      <ManufactureItemDescription />
      <UnitQty>יח`</UnitQty>
      <Quantity>2.50</Quantity>
      <UnitMeasure>100 גרם</UnitMeasure>
      <BisWeighted>0</BisWeighted>
      <QtyInPackage>1</QtyInPackage>
      <ItemPrice>14.90</ItemPrice>
      <UnitOfMeasurePrice>5.96</UnitOfMeasurePrice>
      <AllowDiscount>0</AllowDiscount>
      <itemStatus>1</itemStatus>
      <LastUpdateDate />
      <LastUpdateTime />
    </Product>
    <Product>
      <PriceUpdateDate>2018/04/24 12:41</PriceUpdateDate>
      <ItemCode>7290106663541</ItemCode>
      <ItemType>1</ItemType>
      <ItemName>רוטב צ`ילי מתוק יד מרדכי (320 גר`)</ItemName>
      <ManufactureName>שטראוס גרופ בעמ</ManufactureName>
      <ManufactureCountry />
      <ManufactureItemDescription />
      <UnitQty>יח`</UnitQty>
      <Quantity>3.20</Quantity>
      <UnitMeasure>100 גרם</UnitMeasure>
      <BisWeighted>0</BisWeighted>
      <QtyInPackage>1</QtyInPackage>
      <ItemPrice>14.90</ItemPrice>
      <UnitOfMeasurePrice>4.66</UnitOfMeasurePrice>
      <AllowDiscount>0</AllowDiscount>
      <itemStatus>1</itemStatus>
      <LastUpdateDate />
      <LastUpdateTime />
    </Product>
    <Product>
      <PriceUpdateDate>2018/04/24 12:16</PriceUpdateDate>
      <ItemCode>7290106664555</ItemCode>
      <ItemType>1</ItemType>
      <ItemName>רוטב שמנת עם עגבניות 9% יטבתה (250 מל)</ItemName>
      <ManufactureName>שטראוס גרופ בעמ/מצונן</ManufactureName>
      <ManufactureCountry />
      <ManufactureItemDescription />
      <UnitQty>יח`</UnitQty>
      <Quantity>2.50</Quantity>
      <UnitMeasure>100 מ"ל</UnitMeasure>
      <BisWeighted>0</BisWeighted>
      <QtyInPackage>1</QtyInPackage>
      <ItemPrice>9.90</ItemPrice>
      <UnitOfMeasurePrice>3.96</UnitOfMeasurePrice>
      <AllowDiscount>0</AllowDiscount>
      <itemStatus>1</itemStatus>
      <LastUpdateDate />
      <LastUpdateTime />
    </Product>
    <Product>
      <PriceUpdateDate>2018/04/24 12:06</PriceUpdateDate>
      <ItemCode>7290106665491</ItemCode>
      <ItemType>1</ItemType>
      <ItemName>פסק זמן  קלאסיק- כשלפ</ItemName>
      <ManufactureName>שטראוס גרופ בעמ</ManufactureName>
      <ManufactureCountry />
      <ManufactureItemDescription />
      <UnitQty>יח`</UnitQty>
      <Quantity>0.43</Quantity>
      <UnitMeasure>100 גרם</UnitMeasure>
      <BisWeighted>0</BisWeighted>
      <QtyInPackage>1</QtyInPackage>
      <ItemPrice>4.90</ItemPrice>
      <UnitOfMeasurePrice>11.40</UnitOfMeasurePrice>
      <AllowDiscount>0</AllowDiscount>
      <itemStatus>1</itemStatus>
      <LastUpdateDate />
      <LastUpdateTime />
    </Product>
    <Product>
      <PriceUpdateDate>2018/07/25 09:20</PriceUpdateDate>
      <ItemCode>7290106667266</ItemCode>
      <ItemType>1</ItemType>
      <ItemName>חטיף תירס חמוץ חריף דוריטוס (185 גרם)</ItemName>
      <ManufactureName>שטראוס פריטו ליי בעמ</ManufactureName>
      <ManufactureCountry />
      <ManufactureItemDescription />
      <UnitQty>יח`</UnitQty>
      <Quantity>1.85</Quantity>
      <UnitMeasure>100 גרם</UnitMeasure>
      <BisWeighted>0</BisWeighted>
      <QtyInPackage>1</QtyInPackage>
      <ItemPrice>7.50</ItemPrice>
      <UnitOfMeasurePrice>4.05</UnitOfMeasurePrice>
      <AllowDiscount>0</AllowDiscount>
      <itemStatus>1</itemStatus>
      <LastUpdateDate />
      <LastUpdateTime />
    </Product>
    <Product>
      <PriceUpdateDate>2018/04/24 12:56</PriceUpdateDate>
      <ItemCode>7290106668577</ItemCode>
      <ItemType>1</ItemType>
      <ItemName>יד מרדכי מיץ לימון 250 מל</ItemName>
      <ManufactureName>שטראוס גרופ בעמ</ManufactureName>
      <ManufactureCountry />
      <ManufactureItemDescription />
      <UnitQty>יח`</UnitQty>
      <Quantity>2.50</Quantity>
      <UnitMeasure>100 מ"ל</UnitMeasure>
      <BisWeighted>0</BisWeighted>
      <QtyInPackage>1</QtyInPackage>
      <ItemPrice>8.90</ItemPrice>
      <UnitOfMeasurePrice>3.56</UnitOfMeasurePrice>
      <AllowDiscount>1</AllowDiscount>
      <itemStatus>1</itemStatus>
      <LastUpdateDate />
      <LastUpdateTime />
    </Product>
    <Product>
      <PriceUpdateDate>2018/04/24 12:20</PriceUpdateDate>
      <ItemCode>7290106668713</ItemCode>
      <ItemType>1</ItemType>
      <ItemName>יוגורט 3% פירות יער דנונה (150 גרם)</ItemName>
      <ManufactureName>שטראוס גרופ בעמ/מצונן</ManufactureName>
      <ManufactureCountry />
      <ManufactureItemDescription />
      <UnitQty>יח`</UnitQty>
      <Quantity>1.50</Quantity>
      <UnitMeasure>100 גרם</UnitMeasure>
      <BisWeighted>0</BisWeighted>
      <QtyInPackage>1</QtyInPackage>
      <ItemPrice>3.70</ItemPrice>
      <UnitOfMeasurePrice>2.47</UnitOfMeasurePrice>
      <AllowDiscount>1</AllowDiscount>
      <itemStatus>1</itemStatus>
      <LastUpdateDate />
      <LastUpdateTime />
    </Product>
    <Product>
      <PriceUpdateDate>2018/04/24 13:10</PriceUpdateDate>
      <ItemCode>7290106720626</ItemCode>
      <ItemType>1</ItemType>
      <ItemName>חטיף תירס בטעם גבינה צ`יטוס (80 גרם)</ItemName>
      <ManufactureName>שטראוס פריטו ליי בעמ</ManufactureName>
      <ManufactureCountry />
      <ManufactureItemDescription />
      <UnitQty>יח`</UnitQty>
      <Quantity>0.80</Quantity>
      <UnitMeasure>100 גרם</UnitMeasure>
      <BisWeighted>0</BisWeighted>
      <QtyInPackage>1</QtyInPackage>
      <ItemPrice>4.50</ItemPrice>
      <UnitOfMeasurePrice>5.63</UnitOfMeasurePrice>
      <AllowDiscount>0</AllowDiscount>
      <itemStatus>1</itemStatus>
      <LastUpdateDate />
      <LastUpdateTime />
    </Product>
    <Product>
      <PriceUpdateDate>2018/07/25 09:20</PriceUpdateDate>
      <ItemCode>7290106721906</ItemCode>
      <ItemType>1</ItemType>
      <ItemName>מסטיק ללא סוכר בזוקה (66 גרם)</ItemName>
      <ManufactureName>שטראוס גרופ בעמ</ManufactureName>
      <ManufactureCountry />
      <ManufactureItemDescription />
      <UnitQty>יח`</UnitQty>
      <Quantity>0.66</Quantity>
      <UnitMeasure>100 גרם</UnitMeasure>
      <BisWeighted>0</BisWeighted>
      <QtyInPackage>1</QtyInPackage>
      <ItemPrice>9.90</ItemPrice>
      <UnitOfMeasurePrice>15</UnitOfMeasurePrice>
      <AllowDiscount>1</AllowDiscount>
      <itemStatus>1</itemStatus>
      <LastUpdateDate />
      <LastUpdateTime />
    </Product>
    <Product>
      <PriceUpdateDate>2018/07/25 09:20</PriceUpdateDate>
      <ItemCode>7290106721913</ItemCode>
      <ItemType>1</ItemType>
      <ItemName>מאסט ללא סוכר צנצנת</ItemName>
      <ManufactureName>שטראוס גרופ בעמ</ManufactureName>
      <ManufactureCountry />
      <ManufactureItemDescription />
      <UnitQty>יח`</UnitQty>
      <Quantity>0.66</Quantity>
      <UnitMeasure>100 גרם</UnitMeasure>
      <BisWeighted>0</BisWeighted>
      <QtyInPackage>1</QtyInPackage>
      <ItemPrice>9.90</ItemPrice>
      <UnitOfMeasurePrice>15</UnitOfMeasurePrice>
      <AllowDiscount>1</AllowDiscount>
      <itemStatus>1</itemStatus>
      <LastUpdateDate />
      <LastUpdateTime />
    </Product>
    <Product>
      <PriceUpdateDate>2018/07/25 09:20</PriceUpdateDate>
      <ItemCode>7290106721920</ItemCode>
      <ItemType>1</ItemType>
      <ItemName>צנצנת ספירמינט צ`יקלט</ItemName>
      <ManufactureName>שטראוס גרופ בעמ</ManufactureName>
      <ManufactureCountry />
      <ManufactureItemDescription />
      <UnitQty>יח`</UnitQty>
      <Quantity>0.66</Quantity>
      <UnitMeasure>100 גרם</UnitMeasure>
      <BisWeighted>0</BisWeighted>
      <QtyInPackage>1</QtyInPackage>
      <ItemPrice>9.90</ItemPrice>
      <UnitOfMeasurePrice>15</UnitOfMeasurePrice>
      <AllowDiscount>1</AllowDiscount>
      <itemStatus>1</itemStatus>
      <LastUpdateDate />
      <LastUpdateTime />
    </Product>
    <Product>
      <PriceUpdateDate>2018/04/24 12:30</PriceUpdateDate>
      <ItemCode>7290106723689</ItemCode>
      <ItemType>1</ItemType>
      <ItemName>עלי תרד בייבי 200גר` שטראוס טעם הטבע</ItemName>
      <ManufactureName>שטראוס גרופ בעמ/מצונן</ManufactureName>
      <ManufactureCountry />
      <ManufactureItemDescription />
      <UnitQty>יח`</UnitQty>
      <Quantity>2</Quantity>
      <UnitMeasure>100 גרם</UnitMeasure>
      <BisWeighted>0</BisWeighted>
      <QtyInPackage>1</QtyInPackage>
      <ItemPrice>10.90</ItemPrice>
      <UnitOfMeasurePrice>5.45</UnitOfMeasurePrice>
      <AllowDiscount>1</AllowDiscount>
      <itemStatus>1</itemStatus>
      <LastUpdateDate />
      <LastUpdateTime />
    </Product>
    <Product>
      <PriceUpdateDate>2018/04/24 12:22</PriceUpdateDate>
      <ItemCode>7290106724419</ItemCode>
      <ItemType>1</ItemType>
      <ItemName>חיוכים וניל 150 גר`</ItemName>
      <ManufactureName>שטראוס גרופ בעמ</ManufactureName>
      <ManufactureCountry />
      <ManufactureItemDescription />
      <UnitQty>יח`</UnitQty>
      <Quantity>1.50</Quantity>
      <UnitMeasure>100 גרם</UnitMeasure>
      <BisWeighted>0</BisWeighted>
      <QtyInPackage>1</QtyInPackage>
      <ItemPrice>4.90</ItemPrice>
      <UnitOfMeasurePrice>3.27</UnitOfMeasurePrice>
      <AllowDiscount>0</AllowDiscount>
      <itemStatus>1</itemStatus>
      <LastUpdateDate />
      <LastUpdateTime />
    </Product>
    <Product>
      <PriceUpdateDate>2019/04/08 14:54</PriceUpdateDate>
      <ItemCode>7290106725423</ItemCode>
      <ItemType>1</ItemType>
      <ItemName>רבע לשבע חלבה</ItemName>
      <ManufactureName>שטראוס גרופ בעמ</ManufactureName>
      <ManufactureCountry />
      <ManufactureItemDescription />
      <UnitQty>יח`</UnitQty>
      <Quantity>1.20</Quantity>
      <UnitMeasure>100 גרם</UnitMeasure>
      <BisWeighted>0</BisWeighted>
      <QtyInPackage>1</QtyInPackage>
      <ItemPrice>12.90</ItemPrice>
      <UnitOfMeasurePrice>10.75</UnitOfMeasurePrice>
      <AllowDiscount>1</AllowDiscount>
      <itemStatus>1</itemStatus>
      <LastUpdateDate />
      <LastUpdateTime />
    </Product>
    <Product>
      <PriceUpdateDate>2018/04/24 12:41</PriceUpdateDate>
      <ItemCode>7290106725522</ItemCode>
      <ItemType>1</ItemType>
      <ItemName>רוטב לעוף עם שזיפים (310 גר`) יד מרדכי</ItemName>
      <ManufactureName>שטראוס גרופ בעמ</ManufactureName>
      <ManufactureCountry />
      <ManufactureItemDescription />
      <UnitQty>יח`</UnitQty>
      <Quantity>3.10</Quantity>
      <UnitMeasure>100 גרם</UnitMeasure>
      <BisWeighted>0</BisWeighted>
      <QtyInPackage>1</QtyInPackage>
      <ItemPrice>14.90</ItemPrice>
      <UnitOfMeasurePrice>4.81</UnitOfMeasurePrice>
      <AllowDiscount>0</AllowDiscount>
      <itemStatus>1</itemStatus>
      <LastUpdateDate />
      <LastUpdateTime />
    </Product>
    <Product>
      <PriceUpdateDate>2018/04/24 12:31</PriceUpdateDate>
      <ItemCode>7290106725867</ItemCode>
      <ItemType>1</ItemType>
      <ItemName>סירופ מייפל טהור 189מל יד מורדכי</ItemName>
      <ManufactureName>שטראוס גרופ בעמ</ManufactureName>
      <ManufactureCountry />
      <ManufactureItemDescription />
      <UnitQty>יח`</UnitQty>
      <Quantity>1.89</Quantity>
      <UnitMeasure>100 מ"ל</UnitMeasure>
      <BisWeighted>0</BisWeighted>
      <QtyInPackage>1</QtyInPackage>
      <ItemPrice>29.90</ItemPrice>
      <UnitOfMeasurePrice>15.82</UnitOfMeasurePrice>
      <AllowDiscount>1</AllowDiscount>
      <itemStatus>1</itemStatus>
      <LastUpdateDate />
      <LastUpdateTime />
    </Product>
    <Product>
      <PriceUpdateDate>2018/04/24 12:27</PriceUpdateDate>
      <ItemCode>7290106727045</ItemCode>
      <ItemType>1</ItemType>
      <ItemName>דנונה פרו אננס</ItemName>
      <ManufactureName>שטראוס גרופ בעמ/מצונן</ManufactureName>
      <ManufactureCountry />
      <ManufactureItemDescription />
      <UnitQty>יח`</UnitQty>
      <Quantity>1.50</Quantity>
      <UnitMeasure>100 גרם</UnitMeasure>
      <BisWeighted>0</BisWeighted>
      <QtyInPackage>1</QtyInPackage>
      <ItemPrice>4.60</ItemPrice>
      <UnitOfMeasurePrice>3.07</UnitOfMeasurePrice>
      <AllowDiscount>0</AllowDiscount>
      <itemStatus>1</itemStatus>
      <LastUpdateDate />
      <LastUpdateTime />
    </Product>
    <Product>
      <PriceUpdateDate>2018/07/25 09:20</PriceUpdateDate>
      <ItemCode>7290106727984</ItemCode>
      <ItemType>1</ItemType>
      <ItemName>כיף כף פצפצים עלית (135 גרם)</ItemName>
      <ManufactureName>שטראוס גרופ בעמ</ManufactureName>
      <ManufactureCountry />
      <ManufactureItemDescription />
      <UnitQty>יח`</UnitQty>
      <Quantity>1.35</Quantity>
      <UnitMeasure>100 גרם</UnitMeasure>
      <BisWeighted>0</BisWeighted>
      <QtyInPackage>1</QtyInPackage>
      <ItemPrice>9.90</ItemPrice>
      <UnitOfMeasurePrice>7.33</UnitOfMeasurePrice>
      <AllowDiscount>0</AllowDiscount>
      <itemStatus>1</itemStatus>
      <LastUpdateDate />
      <LastUpdateTime />
    </Product>
    <Product>
      <PriceUpdateDate>2018/04/24 12:21</PriceUpdateDate>
      <ItemCode>7290106728127</ItemCode>
      <ItemType>1</ItemType>
      <ItemName>חלב טבעי 3.6% יטבתה (1 ליטר)</ItemName>
      <ManufactureName>שטראוס גרופ בעמ/מצונן</ManufactureName>
      <ManufactureCountry />
      <ManufactureItemDescription />
      <UnitQty>יח`</UnitQty>
      <Quantity>10</Quantity>
      <UnitMeasure>100 מ"ל</UnitMeasure>
      <BisWeighted>0</BisWeighted>
      <QtyInPackage>1</QtyInPackage>
      <ItemPrice>7.50</ItemPrice>
      <UnitOfMeasurePrice>0.75</UnitOfMeasurePrice>
      <AllowDiscount>0</AllowDiscount>
      <itemStatus>1</itemStatus>
      <LastUpdateDate />
      <LastUpdateTime />
    </Product>
    <Product>
      <PriceUpdateDate>2018/04/24 11:56</PriceUpdateDate>
      <ItemCode>7290107280013</ItemCode>
      <ItemType>1</ItemType>
      <ItemName>מגבוני בד לחים ליטופים (72x5)</ItemName>
      <ManufactureName>החברה הדרומית לשיווק בעמ</ManufactureName>
      <ManufactureCountry />
      <ManufactureItemDescription />
      <UnitQty>יח`</UnitQty>
      <Quantity>1</Quantity>
      <UnitMeasure />
      <BisWeighted>0</BisWeighted>
      <QtyInPackage>1</QtyInPackage>
      <ItemPrice>21.90</ItemPrice>
      <UnitOfMeasurePrice>21.90</UnitOfMeasurePrice>
      <AllowDiscount>0</AllowDiscount>
      <itemStatus>1</itemStatus>
      <LastUpdateDate />
      <LastUpdateTime />
    </Product>
    <Product>
      <PriceUpdateDate>2019/01/07 10:57</PriceUpdateDate>
      <ItemCode>7290107280020</ItemCode>
      <ItemType>1</ItemType>
      <ItemName>מטליות לחות לניקוי כללי סושי סנו (50x3)</ItemName>
      <ManufactureName>החברה הדרומית לשיווק בעמ</ManufactureName>
      <ManufactureCountry />
      <ManufactureItemDescription />
      <UnitQty>יח`</UnitQty>
      <Quantity>1</Quantity>
      <UnitMeasure />
      <BisWeighted>0</BisWeighted>
      <QtyInPackage>1</QtyInPackage>
      <ItemPrice>20</ItemPrice>
      <UnitOfMeasurePrice>20</UnitOfMeasurePrice>
      <AllowDiscount>0</AllowDiscount>
      <itemStatus>1</itemStatus>
      <LastUpdateDate />
      <LastUpdateTime />
    </Product>
    <Product>
      <PriceUpdateDate>2018/07/08 11:12</PriceUpdateDate>
      <ItemCode>7290107280037</ItemCode>
      <ItemType>1</ItemType>
      <ItemName>מטליות לחות לניקוי כללי סושי סנו (50)</ItemName>
      <ManufactureName>החברה הדרומית לשיווק בעמ</ManufactureName>
      <ManufactureCountry />
      <ManufactureItemDescription />
      <UnitQty>יח`</UnitQty>
      <Quantity>1</Quantity>
      <UnitMeasure />
      <BisWeighted>0</BisWeighted>
      <QtyInPackage>1</QtyInPackage>
      <ItemPrice>14</ItemPrice>
      <UnitOfMeasurePrice>14</UnitOfMeasurePrice>
      <AllowDiscount>1</AllowDiscount>
      <itemStatus>1</itemStatus>
      <LastUpdateDate />
      <LastUpdateTime />
    </Product>
    <Product>
      <PriceUpdateDate>2018/04/24 11:53</PriceUpdateDate>
      <ItemCode>7290107280099</ItemCode>
      <ItemType>1</ItemType>
      <ItemName>מגבוני טואלט לחים סנו סופט (48x3)</ItemName>
      <ManufactureName>החברה הדרומית לשיווק בעמ</ManufactureName>
      <ManufactureCountry />
      <ManufactureItemDescription />
      <UnitQty>יח`</UnitQty>
      <Quantity>1</Quantity>
      <UnitMeasure />
      <BisWeighted>0</BisWeighted>
      <QtyInPackage>1</QtyInPackage>
      <ItemPrice>19.90</ItemPrice>
      <UnitOfMeasurePrice>19.90</UnitOfMeasurePrice>
      <AllowDiscount>1</AllowDiscount>
      <itemStatus>1</itemStatus>
      <LastUpdateDate />
      <LastUpdateTime />
    </Product>
    <Product>
      <PriceUpdateDate>2018/04/24 12:10</PriceUpdateDate>
      <ItemCode>7290107280129</ItemCode>
      <ItemType>1</ItemType>
      <ItemName>שקיות אשפה חזקות 90x78 סנו סושי (20)</ItemName>
      <ManufactureName>החברה הדרומית לשיווק בעמ</ManufactureName>
      <ManufactureCountry />
      <ManufactureItemDescription />
      <UnitQty>יח`</UnitQty>
      <Quantity>1</Quantity>
      <UnitMeasure />
      <BisWeighted>0</BisWeighted>
      <QtyInPackage>1</QtyInPackage>
      <ItemPrice>24.90</ItemPrice>
      <UnitOfMeasurePrice>24.90</UnitOfMeasurePrice>
      <AllowDiscount>0</AllowDiscount>
      <itemStatus>1</itemStatus>
      <LastUpdateDate />
      <LastUpdateTime />
    </Product>
    <Product>
      <PriceUpdateDate>2018/07/08 11:12</PriceUpdateDate>
      <ItemCode>7290107280167</ItemCode>
      <ItemType>1</ItemType>
      <ItemName>תחליב רחצה פרח וניל קרמה (750 מל)</ItemName>
      <ManufactureName>החברה הדרומית לשיווק בעמ</ManufactureName>
      <ManufactureCountry />
      <ManufactureItemDescription />
      <UnitQty>יח`</UnitQty>
      <Quantity>7.50</Quantity>
      <UnitMeasure>100 מ"ל</UnitMeasure>
      <BisWeighted>0</BisWeighted>
      <QtyInPackage>1</QtyInPackage>
      <ItemPrice>19.90</ItemPrice>
      <UnitOfMeasurePrice>2.65</UnitOfMeasurePrice>
      <AllowDiscount>0</AllowDiscount>
      <itemStatus>1</itemStatus>
      <LastUpdateDate />
      <LastUpdateTime />
    </Product>
    <Product>
      <PriceUpdateDate>2020/01/12 16:21</PriceUpdateDate>
      <ItemCode>7290107280341</ItemCode>
      <ItemType>1</ItemType>
      <ItemName>ריצפז פרש מטליות חד פעמיות ניחוח מלון מפ</ItemName>
      <ManufactureName>החברה הדרומית לשיווק בעמ</ManufactureName>
      <ManufactureCountry />
      <ManufactureItemDescription />
      <UnitQty>יח`</UnitQty>
      <Quantity>1</Quantity>
      <UnitMeasure />
      <BisWeighted>0</BisWeighted>
      <QtyInPackage>1</QtyInPackage>
      <ItemPrice>12.90</ItemPrice>
      <UnitOfMeasurePrice>12.90</UnitOfMeasurePrice>
      <AllowDiscount>0</AllowDiscount>
      <itemStatus>1</itemStatus>
      <LastUpdateDate />
      <LastUpdateTime />
    </Product>
    <Product>
      <PriceUpdateDate>2018/07/25 13:24</PriceUpdateDate>
      <ItemCode>7290107280389</ItemCode>
      <ItemType>1</ItemType>
      <ItemName>סנו ג`ט למקלחת 750 מל</ItemName>
      <ManufactureName>החברה הדרומית לשיווק בעמ</ManufactureName>
      <ManufactureCountry />
      <ManufactureItemDescription />
      <UnitQty>יח`</UnitQty>
      <Quantity>7.50</Quantity>
      <UnitMeasure>100 מ"ל</UnitMeasure>
      <BisWeighted>0</BisWeighted>
      <QtyInPackage>1</QtyInPackage>
      <ItemPrice>15.90</ItemPrice>
      <UnitOfMeasurePrice>2.12</UnitOfMeasurePrice>
      <AllowDiscount>1</AllowDiscount>
      <itemStatus>1</itemStatus>
      <LastUpdateDate />
      <LastUpdateTime />
    </Product>
    <Product>
      <PriceUpdateDate>2018/04/24 11:58</PriceUpdateDate>
      <ItemCode>7290107280402</ItemCode>
      <ItemType>1</ItemType>
      <ItemName>ג`ט לניקוי כללי ורצפות סנו (2 ליטר)</ItemName>
      <ManufactureName>החברה הדרומית לשיווק בעמ</ManufactureName>
      <ManufactureCountry />
      <ManufactureItemDescription />
      <UnitQty>יח`</UnitQty>
      <Quantity>20</Quantity>
      <UnitMeasure>100 מ"ל</UnitMeasure>
      <BisWeighted>0</BisWeighted>
      <QtyInPackage>1</QtyInPackage>
      <ItemPrice>19.90</ItemPrice>
      <UnitOfMeasurePrice>1</UnitOfMeasurePrice>
      <AllowDiscount>1</AllowDiscount>
      <itemStatus>1</itemStatus>
      <LastUpdateDate />
      <LastUpdateTime />
    </Product>
    <Product>
      <PriceUpdateDate>2019/01/30 09:36</PriceUpdateDate>
      <ItemCode>7290107280570</ItemCode>
      <ItemType>1</ItemType>
      <ItemName>מקסימה ג`ל כביסה בלי להפריד</ItemName>
      <ManufactureName>החברה הדרומית לשיווק בעמ</ManufactureName>
      <ManufactureCountry />
      <ManufactureItemDescription />
      <UnitQty>יח`</UnitQty>
      <Quantity>3</Quantity>
      <UnitMeasure>1 ליטר</UnitMeasure>
      <BisWeighted>0</BisWeighted>
      <QtyInPackage>1</QtyInPackage>
      <ItemPrice>29.60</ItemPrice>
      <UnitOfMeasurePrice>9.87</UnitOfMeasurePrice>
      <AllowDiscount>1</AllowDiscount>
      <itemStatus>1</itemStatus>
      <LastUpdateDate />
      <LastUpdateTime />
    </Product>
    <Product>
      <PriceUpdateDate>2018/07/08 11:12</PriceUpdateDate>
      <ItemCode>7290107280600</ItemCode>
      <ItemType>1</ItemType>
      <ItemName>ספארק טבליות למדיח סנו (100)</ItemName>
      <ManufactureName>החברה הדרומית לשיווק בעמ</ManufactureName>
      <ManufactureCountry />
      <ManufactureItemDescription />
      <UnitQty>יח`</UnitQty>
      <Quantity>1</Quantity>
      <UnitMeasure />
      <BisWeighted>0</BisWeighted>
      <QtyInPackage>1</QtyInPackage>
      <ItemPrice>54.90</ItemPrice>
      <UnitOfMeasurePrice>54.90</UnitOfMeasurePrice>
      <AllowDiscount>0</AllowDiscount>
      <itemStatus>1</itemStatus>
      <LastUpdateDate />
      <LastUpdateTime />
    </Product>
    <Product>
      <PriceUpdateDate>2018/04/24 12:02</PriceUpdateDate>
      <ItemCode>7290107280709</ItemCode>
      <ItemType>1</ItemType>
      <ItemName>ספארק נוזל הברקה למדיח סנו (700 מל)</ItemName>
      <ManufactureName>החברה הדרומית לשיווק בעמ</ManufactureName>
      <ManufactureCountry />
      <ManufactureItemDescription />
      <UnitQty>יח`</UnitQty>
      <Quantity>9</Quantity>
      <UnitMeasure>100 מ"ל</UnitMeasure>
      <BisWeighted>0</BisWeighted>
      <QtyInPackage>1</QtyInPackage>
      <ItemPrice>14.90</ItemPrice>
      <UnitOfMeasurePrice>1.66</UnitOfMeasurePrice>
      <AllowDiscount>0</AllowDiscount>
      <itemStatus>1</itemStatus>
      <LastUpdateDate />
      <LastUpdateTime />
    </Product>
    <Product>
      <PriceUpdateDate>2018/07/08 11:12</PriceUpdateDate>
      <ItemCode>7290107280716</ItemCode>
      <ItemType>1</ItemType>
      <ItemName>ספארק מלח למדיח סנו (2 קג)</ItemName>
      <ManufactureName>החברה הדרומית לשיווק בעמ</ManufactureName>
      <ManufactureCountry />
      <ManufactureItemDescription />
      <UnitQty>יח`</UnitQty>
      <Quantity>2</Quantity>
      <UnitMeasure>ק"ג</UnitMeasure>
      <BisWeighted>0</BisWeighted>
      <QtyInPackage>1</QtyInPackage>
      <ItemPrice>10.90</ItemPrice>
      <UnitOfMeasurePrice>5.45</UnitOfMeasurePrice>
      <AllowDiscount>0</AllowDiscount>
      <itemStatus>1</itemStatus>
      <LastUpdateDate />
      <LastUpdateTime />
    </Product>
    <Product>
      <PriceUpdateDate>2018/07/25 13:24</PriceUpdateDate>
      <ItemCode>7290107280723</ItemCode>
      <ItemType>1</ItemType>
      <ItemName>נוזל לניקוי כלים לימון 700 מל</ItemName>
      <ManufactureName>החברה הדרומית לשיווק בעמ</ManufactureName>
      <ManufactureCountry />
      <ManufactureItemDescription />
      <UnitQty>יח`</UnitQty>
      <Quantity>7</Quantity>
      <UnitMeasure>100 מ"ל</UnitMeasure>
      <BisWeighted>0</BisWeighted>
      <QtyInPackage>1</QtyInPackage>
      <ItemPrice>7.90</ItemPrice>
      <UnitOfMeasurePrice>1.13</UnitOfMeasurePrice>
      <AllowDiscount>1</AllowDiscount>
      <itemStatus>1</itemStatus>
      <LastUpdateDate />
      <LastUpdateTime />
    </Product>
    <Product>
      <PriceUpdateDate>2018/04/24 12:02</PriceUpdateDate>
      <ItemCode>7290107280730</ItemCode>
      <ItemType>1</ItemType>
      <ItemName>נוזל לניקוי כלים 700מל בניחוח לבנדר</ItemName>
      <ManufactureName>החברה הדרומית לשיווק בעמ</ManufactureName>
      <ManufactureCountry />
      <ManufactureItemDescription />
      <UnitQty>יח`</UnitQty>
      <Quantity>7</Quantity>
      <UnitMeasure>100 מ"ל</UnitMeasure>
      <BisWeighted>0</BisWeighted>
      <QtyInPackage>1</QtyInPackage>
      <ItemPrice>7.90</ItemPrice>
      <UnitOfMeasurePrice>1.13</UnitOfMeasurePrice>
      <AllowDiscount>1</AllowDiscount>
      <itemStatus>1</itemStatus>
      <LastUpdateDate />
      <LastUpdateTime />
    </Product>
    <Product>
      <PriceUpdateDate>2018/07/25 13:24</PriceUpdateDate>
      <ItemCode>7290107280747</ItemCode>
      <ItemType>1</ItemType>
      <ItemName>נוזל לניקוי כלים קלאסי 700 מל</ItemName>
      <ManufactureName>החברה הדרומית לשיווק בעמ</ManufactureName>
      <ManufactureCountry />
      <ManufactureItemDescription />
      <UnitQty>יח`</UnitQty>
      <Quantity>7</Quantity>
      <UnitMeasure>100 מ"ל</UnitMeasure>
      <BisWeighted>0</BisWeighted>
      <QtyInPackage>1</QtyInPackage>
      <ItemPrice>7.90</ItemPrice>
      <UnitOfMeasurePrice>1.13</UnitOfMeasurePrice>
      <AllowDiscount>1</AllowDiscount>
      <itemStatus>1</itemStatus>
      <LastUpdateDate />
      <LastUpdateTime />
    </Product>
    <Product>
      <PriceUpdateDate>2018/04/24 12:02</PriceUpdateDate>
      <ItemCode>7290107280754</ItemCode>
      <ItemType>1</ItemType>
      <ItemName>נוזל לניקוי כלים היפואלרגני</ItemName>
      <ManufactureName>החברה הדרומית לשיווק בעמ</ManufactureName>
      <ManufactureCountry />
      <ManufactureItemDescription />
      <UnitQty>יח`</UnitQty>
      <Quantity>7.50</Quantity>
      <UnitMeasure>100 מ"ל</UnitMeasure>
      <BisWeighted>0</BisWeighted>
      <QtyInPackage>1</QtyInPackage>
      <ItemPrice>7.90</ItemPrice>
      <UnitOfMeasurePrice>1.05</UnitOfMeasurePrice>
      <AllowDiscount>1</AllowDiscount>
      <itemStatus>1</itemStatus>
      <LastUpdateDate />
      <LastUpdateTime />
    </Product>
    <Product>
      <PriceUpdateDate>2018/07/25 13:24</PriceUpdateDate>
      <ItemCode>7290107280761</ItemCode>
      <ItemType>1</ItemType>
      <ItemName>נוזל לניקוי כלים בניחוח לימון 1ליטר</ItemName>
      <ManufactureName>החברה הדרומית לשיווק בעמ</ManufactureName>
      <ManufactureCountry />
      <ManufactureItemDescription />
      <UnitQty>יח`</UnitQty>
      <Quantity>1</Quantity>
      <UnitMeasure>1 ליטר</UnitMeasure>
      <BisWeighted>0</BisWeighted>
      <QtyInPackage>1</QtyInPackage>
      <ItemPrice>10.90</ItemPrice>
      <UnitOfMeasurePrice>10.90</UnitOfMeasurePrice>
      <AllowDiscount>0</AllowDiscount>
      <itemStatus>1</itemStatus>
      <LastUpdateDate />
      <LastUpdateTime />
    </Product>
    <Product>
      <PriceUpdateDate>2019/03/24 20:17</PriceUpdateDate>
      <ItemCode>7290107640145</ItemCode>
      <ItemType>1</ItemType>
      <ItemName>דאודורנט ספריי בניחוח טלק דאב (150 מל)</ItemName>
      <ManufactureName>יוניליוור ישראל שיווק בעמ</ManufactureName>
      <ManufactureCountry />
      <ManufactureItemDescription />
      <UnitQty>יח`</UnitQty>
      <Quantity>1.50</Quantity>
      <UnitMeasure>100 מ"ל</UnitMeasure>
      <BisWeighted>0</BisWeighted>
      <QtyInPackage>1</QtyInPackage>
      <ItemPrice>14.90</ItemPrice>
      <UnitOfMeasurePrice>9.93</UnitOfMeasurePrice>
      <AllowDiscount>0</AllowDiscount>
      <itemStatus>1</itemStatus>
      <LastUpdateDate />
      <LastUpdateTime />
    </Product>
    <Product>
      <PriceUpdateDate>2018/04/24 13:24</PriceUpdateDate>
      <ItemCode>7290107644716</ItemCode>
      <ItemType>1</ItemType>
      <ItemName>שמפו בתוספת שמן קוקוס פינוק (700 מל)</ItemName>
      <ManufactureName>יוניליוור ישראל שיווק בעמ</ManufactureName>
      <ManufactureCountry />
      <ManufactureItemDescription />
      <UnitQty>יח`</UnitQty>
      <Quantity>7</Quantity>
      <UnitMeasure>100 מ"ל</UnitMeasure>
      <BisWeighted>0</BisWeighted>
      <QtyInPackage>1</QtyInPackage>
      <ItemPrice>12.90</ItemPrice>
      <UnitOfMeasurePrice>1.84</UnitOfMeasurePrice>
      <AllowDiscount>1</AllowDiscount>
      <itemStatus>1</itemStatus>
      <LastUpdateDate />
      <LastUpdateTime />
    </Product>
    <Product>
      <PriceUpdateDate>2018/04/26 19:00</PriceUpdateDate>
      <ItemCode>7290107645591</ItemCode>
      <ItemType>1</ItemType>
      <ItemName>מרק טעם עוף רכיבים טבעיים 400 גר` קנור</ItemName>
      <ManufactureName>יוניליוור ישראל שיווק בעמ</ManufactureName>
      <ManufactureCountry />
      <ManufactureItemDescription />
      <UnitQty>יח`</UnitQty>
      <Quantity>4</Quantity>
      <UnitMeasure>100 גרם</UnitMeasure>
      <BisWeighted>0</BisWeighted>
      <QtyInPackage>1</QtyInPackage>
      <ItemPrice>16.90</ItemPrice>
      <UnitOfMeasurePrice>4.23</UnitOfMeasurePrice>
      <AllowDiscount>0</AllowDiscount>
      <itemStatus>1</itemStatus>
      <LastUpdateDate />
      <LastUpdateTime />
    </Product>
    <Product>
      <PriceUpdateDate>2018/04/26 19:00</PriceUpdateDate>
      <ItemCode>7290107646062</ItemCode>
      <ItemType>1</ItemType>
      <ItemName>מרק בצל רכיבים טבעיים 400 גר` קנור</ItemName>
      <ManufactureName>יוניליוור ישראל שיווק בעמ</ManufactureName>
      <ManufactureCountry />
      <ManufactureItemDescription />
      <UnitQty>יח`</UnitQty>
      <Quantity>4</Quantity>
      <UnitMeasure>100 גרם</UnitMeasure>
      <BisWeighted>0</BisWeighted>
      <QtyInPackage>1</QtyInPackage>
      <ItemPrice>27.90</ItemPrice>
      <UnitOfMeasurePrice>6.98</UnitOfMeasurePrice>
      <AllowDiscount>1</AllowDiscount>
      <itemStatus>1</itemStatus>
      <LastUpdateDate />
      <LastUpdateTime />
    </Product>
    <Product>
      <PriceUpdateDate>2018/04/26 19:00</PriceUpdateDate>
      <ItemCode>7290107646147</ItemCode>
      <ItemType>1</ItemType>
      <ItemName>מאגדת חטיפי שוגי קורנפלקס שישייה</ItemName>
      <ManufactureName>יוניליוור ישראל שיווק בעמ</ManufactureName>
      <ManufactureCountry />
      <ManufactureItemDescription />
      <UnitQty>יח`</UnitQty>
      <Quantity>1.56</Quantity>
      <UnitMeasure>100 גרם</UnitMeasure>
      <BisWeighted>0</BisWeighted>
      <QtyInPackage>1</QtyInPackage>
      <ItemPrice>14.90</ItemPrice>
      <UnitOfMeasurePrice>9.55</UnitOfMeasurePrice>
      <AllowDiscount>1</AllowDiscount>
      <itemStatus>1</itemStatus>
      <LastUpdateDate />
      <LastUpdateTime />
    </Product>
    <Product>
      <PriceUpdateDate>2018/04/26 19:00</PriceUpdateDate>
      <ItemCode>7290107646154</ItemCode>
      <ItemType>1</ItemType>
      <ItemName>מאגדת חטיפי ילדים קוקומן פצפוצים שישייה</ItemName>
      <ManufactureName>יוניליוור ישראל שיווק בעמ</ManufactureName>
      <ManufactureCountry />
      <ManufactureItemDescription />
      <UnitQty>יח`</UnitQty>
      <Quantity>1.26</Quantity>
      <UnitMeasure>100 גרם</UnitMeasure>
      <BisWeighted>0</BisWeighted>
      <QtyInPackage>1</QtyInPackage>
      <ItemPrice>14.90</ItemPrice>
      <UnitOfMeasurePrice>11.83</UnitOfMeasurePrice>
      <AllowDiscount>1</AllowDiscount>
      <itemStatus>1</itemStatus>
      <LastUpdateDate />
      <LastUpdateTime />
    </Product>
    <Product>
      <PriceUpdateDate>2018/04/24 13:03</PriceUpdateDate>
      <ItemCode>7290107646376</ItemCode>
      <ItemType>1</ItemType>
      <ItemName>מטליות לחות לניקוי כללי בניחוח לימון</ItemName>
      <ManufactureName>יוניליוור ישראל שיווק בעמ</ManufactureName>
      <ManufactureCountry />
      <ManufactureItemDescription />
      <UnitQty>יח`</UnitQty>
      <Quantity>1</Quantity>
      <UnitMeasure />
      <BisWeighted>0</BisWeighted>
      <QtyInPackage>1</QtyInPackage>
      <ItemPrice>9.90</ItemPrice>
      <UnitOfMeasurePrice>9.90</UnitOfMeasurePrice>
      <AllowDiscount>0</AllowDiscount>
      <itemStatus>1</itemStatus>
      <LastUpdateDate />
      <LastUpdateTime />
    </Product>
    <Product>
      <PriceUpdateDate>2018/04/24 13:03</PriceUpdateDate>
      <ItemCode>7290107646383</ItemCode>
      <ItemType>1</ItemType>
      <ItemName>מטליות לחות לניקוי רצפות בניחוח לימון</ItemName>
      <ManufactureName>יוניליוור ישראל שיווק בעמ</ManufactureName>
      <ManufactureCountry />
      <ManufactureItemDescription />
      <UnitQty>יח`</UnitQty>
      <Quantity>1</Quantity>
      <UnitMeasure />
      <BisWeighted>0</BisWeighted>
      <QtyInPackage>1</QtyInPackage>
      <ItemPrice>10.90</ItemPrice>
      <UnitOfMeasurePrice>10.90</UnitOfMeasurePrice>
      <AllowDiscount>1</AllowDiscount>
      <itemStatus>1</itemStatus>
      <LastUpdateDate />
      <LastUpdateTime />
    </Product>
    <Product>
      <PriceUpdateDate>2018/04/26 19:00</PriceUpdateDate>
      <ItemCode>7290107646826</ItemCode>
      <ItemType>1</ItemType>
      <ItemName>מאגדת חטיפי ילדים שוגי שוקו שישייה</ItemName>
      <ManufactureName>יוניליוור ישראל שיווק בעמ</ManufactureName>
      <ManufactureCountry />
      <ManufactureItemDescription />
      <UnitQty>יח`</UnitQty>
      <Quantity>1.56</Quantity>
      <UnitMeasure>100 גרם</UnitMeasure>
      <BisWeighted>0</BisWeighted>
      <QtyInPackage>1</QtyInPackage>
      <ItemPrice>14.90</ItemPrice>
      <UnitOfMeasurePrice>9.55</UnitOfMeasurePrice>
      <AllowDiscount>1</AllowDiscount>
      <itemStatus>1</itemStatus>
      <LastUpdateDate />
      <LastUpdateTime />
    </Product>
    <Product>
      <PriceUpdateDate>2018/04/26 19:00</PriceUpdateDate>
      <ItemCode>7290107646833</ItemCode>
      <ItemType>1</ItemType>
      <ItemName>מאגדת חטיפי ילדים שוגי פצפוצים שישייה</ItemName>
      <ManufactureName>יוניליוור ישראל שיווק בעמ</ManufactureName>
      <ManufactureCountry />
      <ManufactureItemDescription />
      <UnitQty>יח`</UnitQty>
      <Quantity>1.38</Quantity>
      <UnitMeasure>100 גרם</UnitMeasure>
      <BisWeighted>0</BisWeighted>
      <QtyInPackage>1</QtyInPackage>
      <ItemPrice>14.90</ItemPrice>
      <UnitOfMeasurePrice>10.80</UnitOfMeasurePrice>
      <AllowDiscount>1</AllowDiscount>
      <itemStatus>1</itemStatus>
      <LastUpdateDate />
      <LastUpdateTime />
    </Product>
    <Product>
      <PriceUpdateDate>2018/08/05 11:28</PriceUpdateDate>
      <ItemCode>7290107646925</ItemCode>
      <ItemType>1</ItemType>
      <ItemName>ברנפלקס אקסטרה פייבר 410 גר` תלמה</ItemName>
      <ManufactureName>יוניליוור ישראל שיווק בעמ</ManufactureName>
      <ManufactureCountry />
      <ManufactureItemDescription />
      <UnitQty>יח`</UnitQty>
      <Quantity>4.10</Quantity>
      <UnitMeasure>100 גרם</UnitMeasure>
      <BisWeighted>0</BisWeighted>
      <QtyInPackage>1</QtyInPackage>
      <ItemPrice>24.90</ItemPrice>
      <UnitOfMeasurePrice>6.07</UnitOfMeasurePrice>
      <AllowDiscount>1</AllowDiscount>
      <itemStatus>1</itemStatus>
      <LastUpdateDate />
      <LastUpdateTime />
    </Product>
    <Product>
      <PriceUpdateDate>2018/05/06 13:39</PriceUpdateDate>
      <ItemCode>7290107647359</ItemCode>
      <ItemType>1</ItemType>
      <ItemName>שלישיית סבון אסלה ל5 פעולות בניחוח אוקיי</ItemName>
      <ManufactureName>יוניליוור ישראל שיווק בעמ</ManufactureName>
      <ManufactureCountry />
      <ManufactureItemDescription />
      <UnitQty>יח`</UnitQty>
      <Quantity>1</Quantity>
      <UnitMeasure>100 גרם</UnitMeasure>
      <BisWeighted>0</BisWeighted>
      <QtyInPackage>1</QtyInPackage>
      <ItemPrice>14.90</ItemPrice>
      <UnitOfMeasurePrice>14.90</UnitOfMeasurePrice>
      <AllowDiscount>0</AllowDiscount>
      <itemStatus>1</itemStatus>
      <LastUpdateDate />
      <LastUpdateTime />
    </Product>
    <Product>
      <PriceUpdateDate>2018/05/06 13:39</PriceUpdateDate>
      <ItemCode>7290107647366</ItemCode>
      <ItemType>1</ItemType>
      <ItemName>שלישיית סבון אסלה ל5 פעולות בניחוח ים ד</ItemName>
      <ManufactureName>יוניליוור ישראל שיווק בעמ</ManufactureName>
      <ManufactureCountry />
      <ManufactureItemDescription />
      <UnitQty>יח`</UnitQty>
      <Quantity>1</Quantity>
      <UnitMeasure>100 גרם</UnitMeasure>
      <BisWeighted>0</BisWeighted>
      <QtyInPackage>1</QtyInPackage>
      <ItemPrice>14.90</ItemPrice>
      <UnitOfMeasurePrice>14.90</UnitOfMeasurePrice>
      <AllowDiscount>0</AllowDiscount>
      <itemStatus>1</itemStatus>
      <LastUpdateDate />
      <LastUpdateTime />
    </Product>
    <Product>
      <PriceUpdateDate>2018/07/08 11:12</PriceUpdateDate>
      <ItemCode>7290107647724</ItemCode>
      <ItemType>1</ItemType>
      <ItemName>קוקומן חום לבן 750 בדצ מופחת סוכר.</ItemName>
      <ManufactureName>יוניליוור ישראל שיווק בעמ</ManufactureName>
      <ManufactureCountry />
      <ManufactureItemDescription />
      <UnitQty>יח`</UnitQty>
      <Quantity>7.50</Quantity>
      <UnitMeasure>100 גרם</UnitMeasure>
      <BisWeighted>0</BisWeighted>
      <QtyInPackage>1</QtyInPackage>
      <ItemPrice>29.90</ItemPrice>
      <UnitOfMeasurePrice>3.99</UnitOfMeasurePrice>
      <AllowDiscount>1</AllowDiscount>
      <itemStatus>1</itemStatus>
      <LastUpdateDate />
      <LastUpdateTime />
    </Product>
    <Product>
      <PriceUpdateDate>2018/08/05 11:28</PriceUpdateDate>
      <ItemCode>7290107647731</ItemCode>
      <ItemType>1</ItemType>
      <ItemName>קוקומן חום לבן 20% פחות סוכר 375 גר`</ItemName>
      <ManufactureName>יוניליוור ישראל שיווק בעמ</ManufactureName>
      <ManufactureCountry />
      <ManufactureItemDescription />
      <UnitQty>יח`</UnitQty>
      <Quantity>3.75</Quantity>
      <UnitMeasure>100 גרם</UnitMeasure>
      <BisWeighted>0</BisWeighted>
      <QtyInPackage>1</QtyInPackage>
      <ItemPrice>21.90</ItemPrice>
      <UnitOfMeasurePrice>5.84</UnitOfMeasurePrice>
      <AllowDiscount>1</AllowDiscount>
      <itemStatus>1</itemStatus>
      <LastUpdateDate />
      <LastUpdateTime />
    </Product>
    <Product>
      <PriceUpdateDate>2018/07/08 11:12</PriceUpdateDate>
      <ItemCode>7290107647816</ItemCode>
      <ItemType>1</ItemType>
      <ItemName>ברנפלקס ללא תוספת סוכר 500 גר` בדצ</ItemName>
      <ManufactureName>יוניליוור ישראל שיווק בעמ</ManufactureName>
      <ManufactureCountry />
      <ManufactureItemDescription />
      <UnitQty>יח`</UnitQty>
      <Quantity>5</Quantity>
      <UnitMeasure>100 גרם</UnitMeasure>
      <BisWeighted>0</BisWeighted>
      <QtyInPackage>1</QtyInPackage>
      <ItemPrice>22.90</ItemPrice>
      <UnitOfMeasurePrice>4.58</UnitOfMeasurePrice>
      <AllowDiscount>1</AllowDiscount>
      <itemStatus>1</itemStatus>
      <LastUpdateDate />
      <LastUpdateTime />
    </Product>
    <Product>
      <PriceUpdateDate>2018/07/08 11:12</PriceUpdateDate>
      <ItemCode>7290107647823</ItemCode>
      <ItemType>1</ItemType>
      <ItemName>ברנפלקס מהדרין תלמה (500 גרם)</ItemName>
      <ManufactureName>יוניליוור ישראל שיווק בעמ</ManufactureName>
      <ManufactureCountry />
      <ManufactureItemDescription />
      <UnitQty>יח`</UnitQty>
      <Quantity>5</Quantity>
      <UnitMeasure>100 גרם</UnitMeasure>
      <BisWeighted>0</BisWeighted>
      <QtyInPackage>1</QtyInPackage>
      <ItemPrice>22.90</ItemPrice>
      <UnitOfMeasurePrice>4.58</UnitOfMeasurePrice>
      <AllowDiscount>1</AllowDiscount>
      <itemStatus>1</itemStatus>
      <LastUpdateDate />
      <LastUpdateTime />
    </Product>
    <Product>
      <PriceUpdateDate>2019/04/11 10:04</PriceUpdateDate>
      <ItemCode>7290107647854</ItemCode>
      <ItemType>1</ItemType>
      <ItemName>שוגי 500 גר`</ItemName>
      <ManufactureName>יוניליוור ישראל שיווק בעמ</ManufactureName>
      <ManufactureCountry />
      <ManufactureItemDescription />
      <UnitQty>יח`</UnitQty>
      <Quantity>5</Quantity>
      <UnitMeasure>100 גרם</UnitMeasure>
      <BisWeighted>0</BisWeighted>
      <QtyInPackage>1</QtyInPackage>
      <ItemPrice>18.90</ItemPrice>
      <UnitOfMeasurePrice>3.78</UnitOfMeasurePrice>
      <AllowDiscount>1</AllowDiscount>
      <itemStatus>1</itemStatus>
      <LastUpdateDate />
      <LastUpdateTime />
    </Product>
    <Product>
      <PriceUpdateDate>2018/05/18 09:20</PriceUpdateDate>
      <ItemCode>7290107649032</ItemCode>
      <ItemType>1</ItemType>
      <ItemName>מרכך עם קמומיל ואלוורה 700 מל פינוק</ItemName>
      <ManufactureName>יוניליוור ישראל שיווק בעמ</ManufactureName>
      <ManufactureCountry />
      <ManufactureItemDescription />
      <UnitQty>יח`</UnitQty>
      <Quantity>7</Quantity>
      <UnitMeasure>100 מ"ל</UnitMeasure>
      <BisWeighted>0</BisWeighted>
      <QtyInPackage>1</QtyInPackage>
      <ItemPrice>12.90</ItemPrice>
      <UnitOfMeasurePrice>1.84</UnitOfMeasurePrice>
      <AllowDiscount>1</AllowDiscount>
      <itemStatus>1</itemStatus>
      <LastUpdateDate />
      <LastUpdateTime />
    </Product>
    <Product>
      <PriceUpdateDate>2018/12/19 10:44</PriceUpdateDate>
      <ItemCode>7290107649100</ItemCode>
      <ItemType>1</ItemType>
      <ItemName>טבעות שומשום 300 גרם</ItemName>
      <ManufactureName>יוניליוור ישראל שיווק בעמ</ManufactureName>
      <ManufactureCountry />
      <ManufactureItemDescription />
      <UnitQty>יח`</UnitQty>
      <Quantity>3</Quantity>
      <UnitMeasure>100 גרם</UnitMeasure>
      <BisWeighted>0</BisWeighted>
      <QtyInPackage>1</QtyInPackage>
      <ItemPrice>10.90</ItemPrice>
      <UnitOfMeasurePrice>3.63</UnitOfMeasurePrice>
      <AllowDiscount>1</AllowDiscount>
      <itemStatus>1</itemStatus>
      <LastUpdateDate />
      <LastUpdateTime />
    </Product>
    <Product>
      <PriceUpdateDate>2019/04/17 13:18</PriceUpdateDate>
      <ItemCode>7290107649773</ItemCode>
      <ItemType>1</ItemType>
      <ItemName>שטראוס קרמיסימו טעם פיסטוק ושוקולד עם</ItemName>
      <ManufactureName>גלידות שטראוס בעמ</ManufactureName>
      <ManufactureCountry />
      <ManufactureItemDescription />
      <UnitQty>יח`</UnitQty>
      <Quantity>1.33</Quantity>
      <UnitMeasure>1 ליטר</UnitMeasure>
      <BisWeighted>0</BisWeighted>
      <QtyInPackage>1</QtyInPackage>
      <ItemPrice>18.90</ItemPrice>
      <UnitOfMeasurePrice>14.21</UnitOfMeasurePrice>
      <AllowDiscount>1</AllowDiscount>
      <itemStatus>1</itemStatus>
      <LastUpdateDate />
      <LastUpdateTime />
    </Product>
    <Product>
      <PriceUpdateDate>2019/03/21 13:08</PriceUpdateDate>
      <ItemCode>7290107649803</ItemCode>
      <ItemType>1</ItemType>
      <ItemName>מאגדת מצופים שוקולד בננה</ItemName>
      <ManufactureName>גלידות שטראוס בעמ</ManufactureName>
      <ManufactureCountry />
      <ManufactureItemDescription />
      <UnitQty>יח`</UnitQty>
      <Quantity>1</Quantity>
      <UnitMeasure />
      <BisWeighted>0</BisWeighted>
      <QtyInPackage>1</QtyInPackage>
      <ItemPrice>31.90</ItemPrice>
      <UnitOfMeasurePrice>31.90</UnitOfMeasurePrice>
      <AllowDiscount>0</AllowDiscount>
      <itemStatus>1</itemStatus>
      <LastUpdateDate />
      <LastUpdateTime />
    </Product>
    <Product>
      <PriceUpdateDate>2019/04/17 13:18</PriceUpdateDate>
      <ItemCode>7290107649834</ItemCode>
      <ItemType>1</ItemType>
      <ItemName>מאגדת מיני שלגון קראנצ`י פסק זמן</ItemName>
      <ManufactureName>גלידות שטראוס בעמ</ManufactureName>
      <ManufactureCountry />
      <ManufactureItemDescription />
      <UnitQty>יח`</UnitQty>
      <Quantity>2.80</Quantity>
      <UnitMeasure>100 גרם</UnitMeasure>
      <BisWeighted>0</BisWeighted>
      <QtyInPackage>1</QtyInPackage>
      <ItemPrice>29.90</ItemPrice>
      <UnitOfMeasurePrice>10.68</UnitOfMeasurePrice>
      <AllowDiscount>0</AllowDiscount>
      <itemStatus>1</itemStatus>
      <LastUpdateDate />
      <LastUpdateTime />
    </Product>
    <Product>
      <PriceUpdateDate>2018/04/24 13:12</PriceUpdateDate>
      <ItemCode>7290107871723</ItemCode>
      <ItemType>1</ItemType>
      <ItemName>פיטנס פריכיות גדולות שוקולד חלבי 100 גר`</ItemName>
      <ManufactureName>קבוצת אסם סחר שות. מוגבלת</ManufactureName>
      <ManufactureCountry />
      <ManufactureItemDescription />
      <UnitQty>יח`</UnitQty>
      <Quantity>1</Quantity>
      <UnitMeasure>100 גרם</UnitMeasure>
      <BisWeighted>0</BisWeighted>
      <QtyInPackage>1</QtyInPackage>
      <ItemPrice>7.90</ItemPrice>
      <UnitOfMeasurePrice>7.90</UnitOfMeasurePrice>
      <AllowDiscount>0</AllowDiscount>
      <itemStatus>1</itemStatus>
      <LastUpdateDate />
      <LastUpdateTime />
    </Product>
    <Product>
      <PriceUpdateDate>2019/03/24 15:45</PriceUpdateDate>
      <ItemCode>7290107871990</ItemCode>
      <ItemType>1</ItemType>
      <ItemName>פסטה צינורות מהדרין אסם (500 גרם)</ItemName>
      <ManufactureName>קבוצת אסם סחר שות. מוגבלת</ManufactureName>
      <ManufactureCountry />
      <ManufactureItemDescription />
      <UnitQty>יח`</UnitQty>
      <Quantity>5</Quantity>
      <UnitMeasure>100 גרם</UnitMeasure>
      <BisWeighted>0</BisWeighted>
      <QtyInPackage>1</QtyInPackage>
      <ItemPrice>5.90</ItemPrice>
      <UnitOfMeasurePrice>1.18</UnitOfMeasurePrice>
      <AllowDiscount>1</AllowDiscount>
      <itemStatus>1</itemStatus>
      <LastUpdateDate />
      <LastUpdateTime />
    </Product>
    <Product>
      <PriceUpdateDate>2019/01/07 10:57</PriceUpdateDate>
      <ItemCode>7290107874427</ItemCode>
      <ItemType>1</ItemType>
      <ItemName>מיני פריכונים בטעם זעתר אסם (25 גרם)</ItemName>
      <ManufactureName>קבוצת אסם סחר שות. מוגבלת</ManufactureName>
      <ManufactureCountry />
      <ManufactureItemDescription />
      <UnitQty>יח`</UnitQty>
      <Quantity>1</Quantity>
      <UnitMeasure />
      <BisWeighted>0</BisWeighted>
      <QtyInPackage>1</QtyInPackage>
      <ItemPrice>4.90</ItemPrice>
      <UnitOfMeasurePrice>4.90</UnitOfMeasurePrice>
      <AllowDiscount>0</AllowDiscount>
      <itemStatus>1</itemStatus>
      <LastUpdateDate />
      <LastUpdateTime />
    </Product>
    <Product>
      <PriceUpdateDate>2019/03/12 07:53</PriceUpdateDate>
      <ItemCode>7290107874526</ItemCode>
      <ItemType>1</ItemType>
      <ItemName>במבה בומבה 60 גר.</ItemName>
      <ManufactureName>קבוצת אסם סחר שות. מוגבלת</ManufactureName>
      <ManufactureCountry />
      <ManufactureItemDescription />
      <UnitQty>יח`</UnitQty>
      <Quantity>1</Quantity>
      <UnitMeasure />
      <BisWeighted>0</BisWeighted>
      <QtyInPackage>1</QtyInPackage>
      <ItemPrice>4.30</ItemPrice>
      <UnitOfMeasurePrice>4.30</UnitOfMeasurePrice>
      <AllowDiscount>1</AllowDiscount>
      <itemStatus>1</itemStatus>
      <LastUpdateDate />
      <LastUpdateTime />
    </Product>
    <Product>
      <PriceUpdateDate>2018/04/24 12:04</PriceUpdateDate>
      <ItemCode>7290107875820</ItemCode>
      <ItemType>1</ItemType>
      <ItemName>קרוטונים אפויים בתיבול ביתי</ItemName>
      <ManufactureName>קבוצת אסם סחר שות. מוגבלת</ManufactureName>
      <ManufactureCountry />
      <ManufactureItemDescription />
      <UnitQty>יח`</UnitQty>
      <Quantity>1.80</Quantity>
      <UnitMeasure>100 גרם</UnitMeasure>
      <BisWeighted>0</BisWeighted>
      <QtyInPackage>1</QtyInPackage>
      <ItemPrice>10.90</ItemPrice>
      <UnitOfMeasurePrice>6.06</UnitOfMeasurePrice>
      <AllowDiscount>0</AllowDiscount>
      <itemStatus>1</itemStatus>
      <LastUpdateDate />
      <LastUpdateTime />
    </Product>
    <Product>
      <PriceUpdateDate>2018/09/02 13:31</PriceUpdateDate>
      <ItemCode>7290107875875</ItemCode>
      <ItemType>1</ItemType>
      <ItemName>קטשופ צילי מתוק 750  גר- אסם</ItemName>
      <ManufactureName>קבוצת אסם סחר שות. מוגבלת</ManufactureName>
      <ManufactureCountry />
      <ManufactureItemDescription />
      <UnitQty>יח`</UnitQty>
      <Quantity>7.50</Quantity>
      <UnitMeasure>100 גרם</UnitMeasure>
      <BisWeighted>0</BisWeighted>
      <QtyInPackage>1</QtyInPackage>
      <ItemPrice>10.90</ItemPrice>
      <UnitOfMeasurePrice>1.45</UnitOfMeasurePrice>
      <AllowDiscount>0</AllowDiscount>
      <itemStatus>1</itemStatus>
      <LastUpdateDate />
      <LastUpdateTime />
    </Product>
    <Product>
      <PriceUpdateDate>2018/04/24 12:37</PriceUpdateDate>
      <ItemCode>7290107879521</ItemCode>
      <ItemType>1</ItemType>
      <ItemName>מאגדת לה פרוטה תות</ItemName>
      <ManufactureName>נגה גלידות שותפות מוגבלת</ManufactureName>
      <ManufactureCountry />
      <ManufactureItemDescription />
      <UnitQty>יח`</UnitQty>
      <Quantity>3.50</Quantity>
      <UnitMeasure>100 גרם</UnitMeasure>
      <BisWeighted>0</BisWeighted>
      <QtyInPackage>1</QtyInPackage>
      <ItemPrice>25.90</ItemPrice>
      <UnitOfMeasurePrice>7.40</UnitOfMeasurePrice>
      <AllowDiscount>1</AllowDiscount>
      <itemStatus>1</itemStatus>
      <LastUpdateDate />
      <LastUpdateTime />
    </Product>
    <Product>
      <PriceUpdateDate>2018/04/24 12:37</PriceUpdateDate>
      <ItemCode>7290107879569</ItemCode>
      <ItemType>1</ItemType>
      <ItemName>מאגדת לה פרוטה מנגו</ItemName>
      <ManufactureName>נגה גלידות שותפות מוגבלת</ManufactureName>
      <ManufactureCountry />
      <ManufactureItemDescription />
      <UnitQty>יח`</UnitQty>
      <Quantity>0.70</Quantity>
      <UnitMeasure>100 גרם</UnitMeasure>
      <BisWeighted>0</BisWeighted>
      <QtyInPackage>1</QtyInPackage>
      <ItemPrice>25.90</ItemPrice>
      <UnitOfMeasurePrice>37</UnitOfMeasurePrice>
      <AllowDiscount>1</AllowDiscount>
      <itemStatus>1</itemStatus>
      <LastUpdateDate />
      <LastUpdateTime />
    </Product>
    <Product>
      <PriceUpdateDate>2018/04/24 12:18</PriceUpdateDate>
      <ItemCode>7290107930321</ItemCode>
      <ItemType>1</ItemType>
      <ItemName>קונפיטורת דובדבן יד מרדכי (340 גרם)</ItemName>
      <ManufactureName>שטראוס גרופ בעמ</ManufactureName>
      <ManufactureCountry />
      <ManufactureItemDescription />
      <UnitQty>יח`</UnitQty>
      <Quantity>3.40</Quantity>
      <UnitMeasure>100 גרם</UnitMeasure>
      <BisWeighted>0</BisWeighted>
      <QtyInPackage>1</QtyInPackage>
      <ItemPrice>14.90</ItemPrice>
      <UnitOfMeasurePrice>4.38</UnitOfMeasurePrice>
      <AllowDiscount>1</AllowDiscount>
      <itemStatus>1</itemStatus>
      <LastUpdateDate />
      <LastUpdateTime />
    </Product>
    <Product>
      <PriceUpdateDate>2018/04/24 12:36</PriceUpdateDate>
      <ItemCode>7290107931397</ItemCode>
      <ItemType>1</ItemType>
      <ItemName>כיף כף פצפצים עלית (40 גרם)</ItemName>
      <ManufactureName>שטראוס גרופ בעמ</ManufactureName>
      <ManufactureCountry />
      <ManufactureItemDescription />
      <UnitQty>יח`</UnitQty>
      <Quantity>0.40</Quantity>
      <UnitMeasure>100 גרם</UnitMeasure>
      <BisWeighted>0</BisWeighted>
      <QtyInPackage>1</QtyInPackage>
      <ItemPrice>4.90</ItemPrice>
      <UnitOfMeasurePrice>12.25</UnitOfMeasurePrice>
      <AllowDiscount>0</AllowDiscount>
      <itemStatus>1</itemStatus>
      <LastUpdateDate />
      <LastUpdateTime />
    </Product>
    <Product>
      <PriceUpdateDate>2018/04/24 12:33</PriceUpdateDate>
      <ItemCode>7290107931465</ItemCode>
      <ItemType>1</ItemType>
      <ItemName>כשלפ פריכיות אנרג`י תחתית שוק` לבן</ItemName>
      <ManufactureName>שטראוס גרופ בעמ</ManufactureName>
      <ManufactureCountry />
      <ManufactureItemDescription />
      <UnitQty>יח`</UnitQty>
      <Quantity>0.70</Quantity>
      <UnitMeasure>100 גרם</UnitMeasure>
      <BisWeighted>0</BisWeighted>
      <QtyInPackage>1</QtyInPackage>
      <ItemPrice>8.90</ItemPrice>
      <UnitOfMeasurePrice>12.71</UnitOfMeasurePrice>
      <AllowDiscount>0</AllowDiscount>
      <itemStatus>1</itemStatus>
      <LastUpdateDate />
      <LastUpdateTime />
    </Product>
    <Product>
      <PriceUpdateDate>2018/04/24 12:21</PriceUpdateDate>
      <ItemCode>7290107932080</ItemCode>
      <ItemType>1</ItemType>
      <ItemName>חלב 3% מועשר בבקבוק יטבתה (1 ליטר)</ItemName>
      <ManufactureName>שטראוס גרופ בעמ/מצונן</ManufactureName>
      <ManufactureCountry />
      <ManufactureItemDescription />
      <UnitQty>יח`</UnitQty>
      <Quantity>10</Quantity>
      <UnitMeasure>100 מ"ל</UnitMeasure>
      <BisWeighted>0</BisWeighted>
      <QtyInPackage>1</QtyInPackage>
      <ItemPrice>7.50</ItemPrice>
      <UnitOfMeasurePrice>0.75</UnitOfMeasurePrice>
      <AllowDiscount>0</AllowDiscount>
      <itemStatus>1</itemStatus>
      <LastUpdateDate />
      <LastUpdateTime />
    </Product>
    <Product>
      <PriceUpdateDate>2018/04/24 12:21</PriceUpdateDate>
      <ItemCode>7290107932134</ItemCode>
      <ItemType>1</ItemType>
      <ItemName>חלב מועשר 1% בבקבוק יטבתה (1 ליטר)</ItemName>
      <ManufactureName>שטראוס גרופ בעמ/מצונן</ManufactureName>
      <ManufactureCountry />
      <ManufactureItemDescription />
      <UnitQty>יח`</UnitQty>
      <Quantity>10</Quantity>
      <UnitMeasure>100 מ"ל</UnitMeasure>
      <BisWeighted>0</BisWeighted>
      <QtyInPackage>1</QtyInPackage>
      <ItemPrice>7.50</ItemPrice>
      <UnitOfMeasurePrice>0.75</UnitOfMeasurePrice>
      <AllowDiscount>0</AllowDiscount>
      <itemStatus>1</itemStatus>
      <LastUpdateDate />
      <LastUpdateTime />
    </Product>
    <Product>
      <PriceUpdateDate>2018/08/01 14:14</PriceUpdateDate>
      <ItemCode>7290107933155</ItemCode>
      <ItemType>1</ItemType>
      <ItemName>לקט סלנובה 200 גר ירקות שטראוס טעם הטבע</ItemName>
      <ManufactureName>שטראוס גרופ בעמ/מצונן</ManufactureName>
      <ManufactureCountry />
      <ManufactureItemDescription />
      <UnitQty>יח`</UnitQty>
      <Quantity>2</Quantity>
      <UnitMeasure>100 גרם</UnitMeasure>
      <BisWeighted>0</BisWeighted>
      <QtyInPackage>1</QtyInPackage>
      <ItemPrice>12.90</ItemPrice>
      <UnitOfMeasurePrice>6.45</UnitOfMeasurePrice>
      <AllowDiscount>1</AllowDiscount>
      <itemStatus>1</itemStatus>
      <LastUpdateDate />
      <LastUpdateTime />
    </Product>
    <Product>
      <PriceUpdateDate>2019/09/03 12:32</PriceUpdateDate>
      <ItemCode>7290107933193</ItemCode>
      <ItemType>1</ItemType>
      <ItemName>סלק בוואקום מבושל שטראוס (500 גרם)</ItemName>
      <ManufactureName>שטראוס גרופ בעמ/מצונן</ManufactureName>
      <ManufactureCountry />
      <ManufactureItemDescription />
      <UnitQty>יח`</UnitQty>
      <Quantity>5</Quantity>
      <UnitMeasure>100 גרם</UnitMeasure>
      <BisWeighted>0</BisWeighted>
      <QtyInPackage>1</QtyInPackage>
      <ItemPrice>7.90</ItemPrice>
      <UnitOfMeasurePrice>1.58</UnitOfMeasurePrice>
      <AllowDiscount>0</AllowDiscount>
      <itemStatus>1</itemStatus>
      <LastUpdateDate />
      <LastUpdateTime />
    </Product>
    <Product>
      <PriceUpdateDate>2018/04/24 12:21</PriceUpdateDate>
      <ItemCode>7290107933315</ItemCode>
      <ItemType>1</ItemType>
      <ItemName>חלב 2% דל לקטוז בבקבוק יטבתה (1 ליטר)</ItemName>
      <ManufactureName>שטראוס גרופ בעמ/מצונן</ManufactureName>
      <ManufactureCountry />
      <ManufactureItemDescription />
      <UnitQty>יח`</UnitQty>
      <Quantity>10</Quantity>
      <UnitMeasure>100 מ"ל</UnitMeasure>
      <BisWeighted>0</BisWeighted>
      <QtyInPackage>1</QtyInPackage>
      <ItemPrice>7.50</ItemPrice>
      <UnitOfMeasurePrice>0.75</UnitOfMeasurePrice>
      <AllowDiscount>0</AllowDiscount>
      <itemStatus>1</itemStatus>
      <LastUpdateDate />
      <LastUpdateTime />
    </Product>
    <Product>
      <PriceUpdateDate>2019/01/07 10:57</PriceUpdateDate>
      <ItemCode>7290107933650</ItemCode>
      <ItemType>1</ItemType>
      <ItemName>משקה חלב עם דגנים  ותות- ארוחה בקטנה</ItemName>
      <ManufactureName>שטראוס גרופ בעמ/מצונן</ManufactureName>
      <ManufactureCountry />
      <ManufactureItemDescription />
      <UnitQty>יח`</UnitQty>
      <Quantity>2.50</Quantity>
      <UnitMeasure>100 גרם</UnitMeasure>
      <BisWeighted>0</BisWeighted>
      <QtyInPackage>1</QtyInPackage>
      <ItemPrice>4.90</ItemPrice>
      <UnitOfMeasurePrice>1.96</UnitOfMeasurePrice>
      <AllowDiscount>0</AllowDiscount>
      <itemStatus>1</itemStatus>
      <LastUpdateDate />
      <LastUpdateTime />
    </Product>
    <Product>
      <PriceUpdateDate>2018/04/24 12:29</PriceUpdateDate>
      <ItemCode>7290107934473</ItemCode>
      <ItemType>1</ItemType>
      <ItemName>אקטיביה יוגורט 1.5% דנונה (150x8 גרם)</ItemName>
      <ManufactureName>שטראוס גרופ בעמ/מצונן</ManufactureName>
      <ManufactureCountry />
      <ManufactureItemDescription />
      <UnitQty>יח`</UnitQty>
      <Quantity>1.20</Quantity>
      <UnitMeasure>1 ליטר</UnitMeasure>
      <BisWeighted>0</BisWeighted>
      <QtyInPackage>1</QtyInPackage>
      <ItemPrice>19.90</ItemPrice>
      <UnitOfMeasurePrice>16.58</UnitOfMeasurePrice>
      <AllowDiscount>0</AllowDiscount>
      <itemStatus>1</itemStatus>
      <LastUpdateDate />
      <LastUpdateTime />
    </Product>
    <Product>
      <PriceUpdateDate>2018/04/24 12:52</PriceUpdateDate>
      <ItemCode>7290107936309</ItemCode>
      <ItemType>1</ItemType>
      <ItemName>דנונה יווני לבן 7%</ItemName>
      <ManufactureName>שטראוס גרופ בעמ/מצונן</ManufactureName>
      <ManufactureCountry />
      <ManufactureItemDescription />
      <UnitQty>יח`</UnitQty>
      <Quantity>1.30</Quantity>
      <UnitMeasure>100 גרם</UnitMeasure>
      <BisWeighted>0</BisWeighted>
      <QtyInPackage>1</QtyInPackage>
      <ItemPrice>3.30</ItemPrice>
      <UnitOfMeasurePrice>2.54</UnitOfMeasurePrice>
      <AllowDiscount>0</AllowDiscount>
      <itemStatus>1</itemStatus>
      <LastUpdateDate />
      <LastUpdateTime />
    </Product>
    <Product>
      <PriceUpdateDate>2018/07/05 11:28</PriceUpdateDate>
      <ItemCode>7290107937498</ItemCode>
      <ItemType>1</ItemType>
      <ItemName>חרדל דיז`ון גרגרים יד מרדכי (350 גרם)</ItemName>
      <ManufactureName>שטראוס גרופ בעמ</ManufactureName>
      <ManufactureCountry />
      <ManufactureItemDescription />
      <UnitQty>יח`</UnitQty>
      <Quantity>3.50</Quantity>
      <UnitMeasure>100 גרם</UnitMeasure>
      <BisWeighted>0</BisWeighted>
      <QtyInPackage>1</QtyInPackage>
      <ItemPrice>11.90</ItemPrice>
      <UnitOfMeasurePrice>3.40</UnitOfMeasurePrice>
      <AllowDiscount>1</AllowDiscount>
      <itemStatus>1</itemStatus>
      <LastUpdateDate />
      <LastUpdateTime />
    </Product>
    <Product>
      <PriceUpdateDate>2018/04/24 12:42</PriceUpdateDate>
      <ItemCode>7290107937504</ItemCode>
      <ItemType>1</ItemType>
      <ItemName>חרדל דיז`ון חלק 370 גרם</ItemName>
      <ManufactureName>שטראוס גרופ בעמ</ManufactureName>
      <ManufactureCountry />
      <ManufactureItemDescription />
      <UnitQty>יח`</UnitQty>
      <Quantity>3.70</Quantity>
      <UnitMeasure>100 גרם</UnitMeasure>
      <BisWeighted>0</BisWeighted>
      <QtyInPackage>1</QtyInPackage>
      <ItemPrice>11.90</ItemPrice>
      <UnitOfMeasurePrice>3.22</UnitOfMeasurePrice>
      <AllowDiscount>1</AllowDiscount>
      <itemStatus>1</itemStatus>
      <LastUpdateDate />
      <LastUpdateTime />
    </Product>
    <Product>
      <PriceUpdateDate>2018/07/25 09:20</PriceUpdateDate>
      <ItemCode>7290107937641</ItemCode>
      <ItemType>1</ItemType>
      <ItemName>צנצנת קוביות בזוקה גומי לעיסה 58גר</ItemName>
      <ManufactureName>שטראוס גרופ בעמ</ManufactureName>
      <ManufactureCountry />
      <ManufactureItemDescription />
      <UnitQty>יח`</UnitQty>
      <Quantity>0.58</Quantity>
      <UnitMeasure>100 גרם</UnitMeasure>
      <BisWeighted>0</BisWeighted>
      <QtyInPackage>1</QtyInPackage>
      <ItemPrice>9.90</ItemPrice>
      <UnitOfMeasurePrice>17.07</UnitOfMeasurePrice>
      <AllowDiscount>1</AllowDiscount>
      <itemStatus>1</itemStatus>
      <LastUpdateDate />
      <LastUpdateTime />
    </Product>
    <Product>
      <PriceUpdateDate>2019/01/07 10:57</PriceUpdateDate>
      <ItemCode>7290107937856</ItemCode>
      <ItemType>1</ItemType>
      <ItemName>קפסולות קפה עלית 100% גואטמלה (10)</ItemName>
      <ManufactureName>שטראוס גרופ בעמ</ManufactureName>
      <ManufactureCountry />
      <ManufactureItemDescription />
      <UnitQty>יח`</UnitQty>
      <Quantity>0.50</Quantity>
      <UnitMeasure>100 גרם</UnitMeasure>
      <BisWeighted>0</BisWeighted>
      <QtyInPackage>1</QtyInPackage>
      <ItemPrice>16.90</ItemPrice>
      <UnitOfMeasurePrice>33.80</UnitOfMeasurePrice>
      <AllowDiscount>1</AllowDiscount>
      <itemStatus>1</itemStatus>
      <LastUpdateDate />
      <LastUpdateTime />
    </Product>
    <Product>
      <PriceUpdateDate>2019/09/03 12:32</PriceUpdateDate>
      <ItemCode>7290107938396</ItemCode>
      <ItemType>1</ItemType>
      <ItemName>אקטימל תות שמינייה בנים</ItemName>
      <ManufactureName>שטראוס גרופ בעמ/מצונן</ManufactureName>
      <ManufactureCountry />
      <ManufactureItemDescription />
      <UnitQty>יח`</UnitQty>
      <Quantity>8.64</Quantity>
      <UnitMeasure>100 גרם</UnitMeasure>
      <BisWeighted>0</BisWeighted>
      <QtyInPackage>1</QtyInPackage>
      <ItemPrice>19.90</ItemPrice>
      <UnitOfMeasurePrice>2.30</UnitOfMeasurePrice>
      <AllowDiscount>0</AllowDiscount>
      <itemStatus>1</itemStatus>
      <LastUpdateDate />
      <LastUpdateTime />
    </Product>
    <Product>
      <PriceUpdateDate>2018/07/05 12:00</PriceUpdateDate>
      <ItemCode>7290107938884</ItemCode>
      <ItemType>1</ItemType>
      <ItemName>חציל על האש אחלה (500 גרם)</ItemName>
      <ManufactureName>שטראוס גרופ בעמ/מצונן</ManufactureName>
      <ManufactureCountry />
      <ManufactureItemDescription />
      <UnitQty>יח`</UnitQty>
      <Quantity>5</Quantity>
      <UnitMeasure>100 גרם</UnitMeasure>
      <BisWeighted>0</BisWeighted>
      <QtyInPackage>1</QtyInPackage>
      <ItemPrice>15.50</ItemPrice>
      <UnitOfMeasurePrice>3.10</UnitOfMeasurePrice>
      <AllowDiscount>0</AllowDiscount>
      <itemStatus>1</itemStatus>
      <LastUpdateDate />
      <LastUpdateTime />
    </Product>
    <Product>
      <PriceUpdateDate>2018/04/24 12:58</PriceUpdateDate>
      <ItemCode>7290107939027</ItemCode>
      <ItemType>1</ItemType>
      <ItemName>גזר דק דק 250 גר שטראוס ירקות טעם הטבע</ItemName>
      <ManufactureName>שטראוס גרופ בעמ/מצונן</ManufactureName>
      <ManufactureCountry />
      <ManufactureItemDescription />
      <UnitQty>יח`</UnitQty>
      <Quantity>2.50</Quantity>
      <UnitMeasure>100 גרם</UnitMeasure>
      <BisWeighted>0</BisWeighted>
      <QtyInPackage>1</QtyInPackage>
      <ItemPrice>7.90</ItemPrice>
      <UnitOfMeasurePrice>3.16</UnitOfMeasurePrice>
      <AllowDiscount>0</AllowDiscount>
      <itemStatus>1</itemStatus>
      <LastUpdateDate />
      <LastUpdateTime />
    </Product>
    <Product>
      <PriceUpdateDate>2018/04/24 12:59</PriceUpdateDate>
      <ItemCode>7290107939959</ItemCode>
      <ItemType>1</ItemType>
      <ItemName>דנונה פרו טריפל זירו תות</ItemName>
      <ManufactureName>שטראוס גרופ בעמ/מצונן</ManufactureName>
      <ManufactureCountry />
      <ManufactureItemDescription />
      <UnitQty>יח`</UnitQty>
      <Quantity>1.50</Quantity>
      <UnitMeasure>100 גרם</UnitMeasure>
      <BisWeighted>0</BisWeighted>
      <QtyInPackage>1</QtyInPackage>
      <ItemPrice>4.60</ItemPrice>
      <UnitOfMeasurePrice>3.07</UnitOfMeasurePrice>
      <AllowDiscount>0</AllowDiscount>
      <itemStatus>1</itemStatus>
      <LastUpdateDate />
      <LastUpdateTime />
    </Product>
    <Product>
      <PriceUpdateDate>2018/04/24 12:45</PriceUpdateDate>
      <ItemCode>7290107940252</ItemCode>
      <ItemType>1</ItemType>
      <ItemName>השוקו שלי - שוקו ללא תוספת סוכר</ItemName>
      <ManufactureName>שטראוס גרופ בעמ/מצונן</ManufactureName>
      <ManufactureCountry />
      <ManufactureItemDescription />
      <UnitQty>יח`</UnitQty>
      <Quantity>1</Quantity>
      <UnitMeasure>1 ליטר</UnitMeasure>
      <BisWeighted>0</BisWeighted>
      <QtyInPackage>1</QtyInPackage>
      <ItemPrice>11.60</ItemPrice>
      <UnitOfMeasurePrice>11.60</UnitOfMeasurePrice>
      <AllowDiscount>0</AllowDiscount>
      <itemStatus>1</itemStatus>
      <LastUpdateDate />
      <LastUpdateTime />
    </Product>
    <Product>
      <PriceUpdateDate>2018/04/24 12:31</PriceUpdateDate>
      <ItemCode>7290107940467</ItemCode>
      <ItemType>1</ItemType>
      <ItemName>אקטיביה יוגורט קרמי 1.5% דנונה (200 גרם)</ItemName>
      <ManufactureName>שטראוס גרופ בעמ/מצונן</ManufactureName>
      <ManufactureCountry />
      <ManufactureItemDescription />
      <UnitQty>יח`</UnitQty>
      <Quantity>2</Quantity>
      <UnitMeasure>100 גרם</UnitMeasure>
      <BisWeighted>0</BisWeighted>
      <QtyInPackage>1</QtyInPackage>
      <ItemPrice>3.70</ItemPrice>
      <UnitOfMeasurePrice>1.85</UnitOfMeasurePrice>
      <AllowDiscount>0</AllowDiscount>
      <itemStatus>1</itemStatus>
      <LastUpdateDate />
      <LastUpdateTime />
    </Product>
    <Product>
      <PriceUpdateDate>2018/04/24 12:47</PriceUpdateDate>
      <ItemCode>7290107941266</ItemCode>
      <ItemType>1</ItemType>
      <ItemName>שעועית אדומה מבושלת 475 גר ירקות שטראוס</ItemName>
      <ManufactureName>שטראוס גרופ בעמ/מצונן</ManufactureName>
      <ManufactureCountry />
      <ManufactureItemDescription />
      <UnitQty>יח`</UnitQty>
      <Quantity>4.75</Quantity>
      <UnitMeasure>100 גרם</UnitMeasure>
      <BisWeighted>0</BisWeighted>
      <QtyInPackage>1</QtyInPackage>
      <ItemPrice>13.90</ItemPrice>
      <UnitOfMeasurePrice>2.93</UnitOfMeasurePrice>
      <AllowDiscount>0</AllowDiscount>
      <itemStatus>1</itemStatus>
      <LastUpdateDate />
      <LastUpdateTime />
    </Product>
    <Product>
      <PriceUpdateDate>2018/04/24 12:52</PriceUpdateDate>
      <ItemCode>7290107942232</ItemCode>
      <ItemType>1</ItemType>
      <ItemName>מעדן חלב עם שוקולד ספלנדיד (130 גרם)</ItemName>
      <ManufactureName>שטראוס גרופ בעמ/מצונן</ManufactureName>
      <ManufactureCountry />
      <ManufactureItemDescription />
      <UnitQty>יח`</UnitQty>
      <Quantity>1.30</Quantity>
      <UnitMeasure>100 גרם</UnitMeasure>
      <BisWeighted>0</BisWeighted>
      <QtyInPackage>1</QtyInPackage>
      <ItemPrice>3.20</ItemPrice>
      <UnitOfMeasurePrice>2.46</UnitOfMeasurePrice>
      <AllowDiscount>0</AllowDiscount>
      <itemStatus>1</itemStatus>
      <LastUpdateDate />
      <LastUpdateTime />
    </Product>
    <Product>
      <PriceUpdateDate>2018/04/24 12:52</PriceUpdateDate>
      <ItemCode>7290107942249</ItemCode>
      <ItemType>1</ItemType>
      <ItemName>מעדן חלב עם שוקולד לבן ספלנדיד (130 גרם)</ItemName>
      <ManufactureName>שטראוס גרופ בעמ/מצונן</ManufactureName>
      <ManufactureCountry />
      <ManufactureItemDescription />
      <UnitQty>יח`</UnitQty>
      <Quantity>1.30</Quantity>
      <UnitMeasure>100 גרם</UnitMeasure>
      <BisWeighted>0</BisWeighted>
      <QtyInPackage>1</QtyInPackage>
      <ItemPrice>3.20</ItemPrice>
      <UnitOfMeasurePrice>2.46</UnitOfMeasurePrice>
      <AllowDiscount>0</AllowDiscount>
      <itemStatus>1</itemStatus>
      <LastUpdateDate />
      <LastUpdateTime />
    </Product>
    <Product>
      <PriceUpdateDate>2018/04/24 12:55</PriceUpdateDate>
      <ItemCode>7290107942324</ItemCode>
      <ItemType>1</ItemType>
      <ItemName>מילקי שוקולד עשיר 133 גר</ItemName>
      <ManufactureName>שטראוס גרופ בעמ/מצונן</ManufactureName>
      <ManufactureCountry />
      <ManufactureItemDescription />
      <UnitQty>יח`</UnitQty>
      <Quantity>1.33</Quantity>
      <UnitMeasure>100 גרם</UnitMeasure>
      <BisWeighted>0</BisWeighted>
      <QtyInPackage>1</QtyInPackage>
      <ItemPrice>3.70</ItemPrice>
      <UnitOfMeasurePrice>2.78</UnitOfMeasurePrice>
      <AllowDiscount>0</AllowDiscount>
      <itemStatus>1</itemStatus>
      <LastUpdateDate />
      <LastUpdateTime />
    </Product>
    <Product>
      <PriceUpdateDate>2018/04/24 13:24</PriceUpdateDate>
      <ItemCode>7290107942355</ItemCode>
      <ItemType>1</ItemType>
      <ItemName>תפוצ`יפס מקלות בטעם טבעי 60 גרם כשלפ</ItemName>
      <ManufactureName>שטראוס פריטו ליי בעמ</ManufactureName>
      <ManufactureCountry />
      <ManufactureItemDescription />
      <UnitQty>יח`</UnitQty>
      <Quantity>0.60</Quantity>
      <UnitMeasure>100 גרם</UnitMeasure>
      <BisWeighted>0</BisWeighted>
      <QtyInPackage>1</QtyInPackage>
      <ItemPrice>3.90</ItemPrice>
      <UnitOfMeasurePrice>6.50</UnitOfMeasurePrice>
      <AllowDiscount>0</AllowDiscount>
      <itemStatus>1</itemStatus>
      <LastUpdateDate />
      <LastUpdateTime />
    </Product>
    <Product>
      <PriceUpdateDate>2018/04/24 13:24</PriceUpdateDate>
      <ItemCode>7290107942379</ItemCode>
      <ItemType>1</ItemType>
      <ItemName>תפוצי`פס מקלות בטעם קטשופ 60 גרם כשלפ</ItemName>
      <ManufactureName>שטראוס פריטו ליי בעמ</ManufactureName>
      <ManufactureCountry />
      <ManufactureItemDescription />
      <UnitQty>יח`</UnitQty>
      <Quantity>0.60</Quantity>
      <UnitMeasure>100 גרם</UnitMeasure>
      <BisWeighted>0</BisWeighted>
      <QtyInPackage>1</QtyInPackage>
      <ItemPrice>3.90</ItemPrice>
      <UnitOfMeasurePrice>6.50</UnitOfMeasurePrice>
      <AllowDiscount>0</AllowDiscount>
      <itemStatus>1</itemStatus>
      <LastUpdateDate />
      <LastUpdateTime />
    </Product>
    <Product>
      <PriceUpdateDate>2018/04/24 13:01</PriceUpdateDate>
      <ItemCode>7290107942447</ItemCode>
      <ItemType>1</ItemType>
      <ItemName>ממרח פסק זמן מגדים 350 גר`</ItemName>
      <ManufactureName>שטראוס גרופ בעמ</ManufactureName>
      <ManufactureCountry />
      <ManufactureItemDescription />
      <UnitQty>יח`</UnitQty>
      <Quantity>3.50</Quantity>
      <UnitMeasure>100 גרם</UnitMeasure>
      <BisWeighted>0</BisWeighted>
      <QtyInPackage>1</QtyInPackage>
      <ItemPrice>11.90</ItemPrice>
      <UnitOfMeasurePrice>3.40</UnitOfMeasurePrice>
      <AllowDiscount>0</AllowDiscount>
      <itemStatus>1</itemStatus>
      <LastUpdateDate />
      <LastUpdateTime />
    </Product>
    <Product>
      <PriceUpdateDate>2018/04/24 13:01</PriceUpdateDate>
      <ItemCode>7290107942454</ItemCode>
      <ItemType>1</ItemType>
      <ItemName>ממרח פסק זמן מגדים 700 גר`</ItemName>
      <ManufactureName>שטראוס גרופ בעמ</ManufactureName>
      <ManufactureCountry />
      <ManufactureItemDescription />
      <UnitQty>יח`</UnitQty>
      <Quantity>7</Quantity>
      <UnitMeasure>100 גרם</UnitMeasure>
      <BisWeighted>0</BisWeighted>
      <QtyInPackage>1</QtyInPackage>
      <ItemPrice>19.90</ItemPrice>
      <UnitOfMeasurePrice>2.84</UnitOfMeasurePrice>
      <AllowDiscount>0</AllowDiscount>
      <itemStatus>1</itemStatus>
      <LastUpdateDate />
      <LastUpdateTime />
    </Product>
    <Product>
      <PriceUpdateDate>2018/04/24 13:03</PriceUpdateDate>
      <ItemCode>7290107943192</ItemCode>
      <ItemType>1</ItemType>
      <ItemName>שמנת חמוצה מהערבה 27% שומן יטבתה</ItemName>
      <ManufactureName>שטראוס גרופ בעמ/מצונן</ManufactureName>
      <ManufactureCountry />
      <ManufactureItemDescription />
      <UnitQty>יח`</UnitQty>
      <Quantity>2</Quantity>
      <UnitMeasure>100 מ"ל</UnitMeasure>
      <BisWeighted>0</BisWeighted>
      <QtyInPackage>1</QtyInPackage>
      <ItemPrice>3.90</ItemPrice>
      <UnitOfMeasurePrice>1.95</UnitOfMeasurePrice>
      <AllowDiscount>0</AllowDiscount>
      <itemStatus>1</itemStatus>
      <LastUpdateDate />
      <LastUpdateTime />
    </Product>
    <Product>
      <PriceUpdateDate>2019/01/07 10:57</PriceUpdateDate>
      <ItemCode>7290107943369</ItemCode>
      <ItemType>1</ItemType>
      <ItemName>קוואקר שיבולת שועל ללא גולטן 511 גר`</ItemName>
      <ManufactureName>שטראוס פריטו ליי בעמ</ManufactureName>
      <ManufactureCountry />
      <ManufactureItemDescription />
      <UnitQty>יח`</UnitQty>
      <Quantity>5.11</Quantity>
      <UnitMeasure>100 גרם</UnitMeasure>
      <BisWeighted>0</BisWeighted>
      <QtyInPackage>1</QtyInPackage>
      <ItemPrice>19.90</ItemPrice>
      <UnitOfMeasurePrice>3.89</UnitOfMeasurePrice>
      <AllowDiscount>0</AllowDiscount>
      <itemStatus>1</itemStatus>
      <LastUpdateDate />
      <LastUpdateTime />
    </Product>
    <Product>
      <PriceUpdateDate>2018/04/24 12:54</PriceUpdateDate>
      <ItemCode>7290107944380</ItemCode>
      <ItemType>1</ItemType>
      <ItemName>אגוזי 45 גר` כשלפ</ItemName>
      <ManufactureName>שטראוס גרופ בעמ</ManufactureName>
      <ManufactureCountry />
      <ManufactureItemDescription />
      <UnitQty>יח`</UnitQty>
      <Quantity>1</Quantity>
      <UnitMeasure />
      <BisWeighted>0</BisWeighted>
      <QtyInPackage>1</QtyInPackage>
      <ItemPrice>3.90</ItemPrice>
      <UnitOfMeasurePrice>3.90</UnitOfMeasurePrice>
      <AllowDiscount>1</AllowDiscount>
      <itemStatus>1</itemStatus>
      <LastUpdateDate />
      <LastUpdateTime />
    </Product>
    <Product>
      <PriceUpdateDate>2018/08/01 14:14</PriceUpdateDate>
      <ItemCode>7290107944472</ItemCode>
      <ItemType>1</ItemType>
      <ItemName>סימפוניה שום שמיר 5%</ItemName>
      <ManufactureName>שטראוס גרופ בעמ/מצונן</ManufactureName>
      <ManufactureCountry />
      <ManufactureItemDescription />
      <UnitQty>יח`</UnitQty>
      <Quantity>2</Quantity>
      <UnitMeasure>100 גרם</UnitMeasure>
      <BisWeighted>0</BisWeighted>
      <QtyInPackage>1</QtyInPackage>
      <ItemPrice>11.40</ItemPrice>
      <UnitOfMeasurePrice>5.70</UnitOfMeasurePrice>
      <AllowDiscount>0</AllowDiscount>
      <itemStatus>1</itemStatus>
      <LastUpdateDate />
      <LastUpdateTime />
    </Product>
    <Product>
      <PriceUpdateDate>2018/04/24 12:56</PriceUpdateDate>
      <ItemCode>7290107945165</ItemCode>
      <ItemType>1</ItemType>
      <ItemName>קונפיטורת משמש 340 גר</ItemName>
      <ManufactureName>שטראוס גרופ בעמ</ManufactureName>
      <ManufactureCountry />
      <ManufactureItemDescription />
      <UnitQty>יח`</UnitQty>
      <Quantity>3.40</Quantity>
      <UnitMeasure>100 גרם</UnitMeasure>
      <BisWeighted>0</BisWeighted>
      <QtyInPackage>1</QtyInPackage>
      <ItemPrice>14.90</ItemPrice>
      <UnitOfMeasurePrice>4.38</UnitOfMeasurePrice>
      <AllowDiscount>1</AllowDiscount>
      <itemStatus>1</itemStatus>
      <LastUpdateDate />
      <LastUpdateTime />
    </Product>
    <Product>
      <PriceUpdateDate>2018/04/24 13:07</PriceUpdateDate>
      <ItemCode>7290107946193</ItemCode>
      <ItemType>1</ItemType>
      <ItemName>מאגדת פרה עד 99 שוקולד חלב עם עוגיות עלי</ItemName>
      <ManufactureName>שטראוס גרופ בעמ</ManufactureName>
      <ManufactureCountry />
      <ManufactureItemDescription />
      <UnitQty>יח`</UnitQty>
      <Quantity>1</Quantity>
      <UnitMeasure>100 גרם</UnitMeasure>
      <BisWeighted>0</BisWeighted>
      <QtyInPackage>1</QtyInPackage>
      <ItemPrice>13.90</ItemPrice>
      <UnitOfMeasurePrice>13.90</UnitOfMeasurePrice>
      <AllowDiscount>0</AllowDiscount>
      <itemStatus>1</itemStatus>
      <LastUpdateDate />
      <LastUpdateTime />
    </Product>
    <Product>
      <PriceUpdateDate>2018/06/14 09:07</PriceUpdateDate>
      <ItemCode>7290107947466</ItemCode>
      <ItemType>1</ItemType>
      <ItemName>מאגדת אנרג`י מצופה טעמי</ItemName>
      <ManufactureName>שטראוס גרופ בעמ</ManufactureName>
      <ManufactureCountry />
      <ManufactureItemDescription />
      <UnitQty>יח`</UnitQty>
      <Quantity>1.68</Quantity>
      <UnitMeasure>100 גרם</UnitMeasure>
      <BisWeighted>0</BisWeighted>
      <QtyInPackage>1</QtyInPackage>
      <ItemPrice>14.90</ItemPrice>
      <UnitOfMeasurePrice>8.87</UnitOfMeasurePrice>
      <AllowDiscount>1</AllowDiscount>
      <itemStatus>1</itemStatus>
      <LastUpdateDate />
      <LastUpdateTime />
    </Product>
    <Product>
      <PriceUpdateDate>2018/06/14 09:07</PriceUpdateDate>
      <ItemCode>7290107947480</ItemCode>
      <ItemType>1</ItemType>
      <ItemName>מאגדת אנרג`י מצופה שוקולד חלב</ItemName>
      <ManufactureName>שטראוס גרופ בעמ</ManufactureName>
      <ManufactureCountry />
      <ManufactureItemDescription />
      <UnitQty>יח`</UnitQty>
      <Quantity>1.68</Quantity>
      <UnitMeasure>100 גרם</UnitMeasure>
      <BisWeighted>0</BisWeighted>
      <QtyInPackage>1</QtyInPackage>
      <ItemPrice>14.90</ItemPrice>
      <UnitOfMeasurePrice>8.87</UnitOfMeasurePrice>
      <AllowDiscount>1</AllowDiscount>
      <itemStatus>1</itemStatus>
      <LastUpdateDate />
      <LastUpdateTime />
    </Product>
    <Product>
      <PriceUpdateDate>2018/07/23 10:17</PriceUpdateDate>
      <ItemCode>7290107947992</ItemCode>
      <ItemType>1</ItemType>
      <ItemName>שוקולד פרה אקסטרה חלב עלית (100 גרם)</ItemName>
      <ManufactureName>שטראוס גרופ בעמ</ManufactureName>
      <ManufactureCountry />
      <ManufactureItemDescription />
      <UnitQty>יח`</UnitQty>
      <Quantity>1</Quantity>
      <UnitMeasure>100 גרם</UnitMeasure>
      <BisWeighted>0</BisWeighted>
      <QtyInPackage>1</QtyInPackage>
      <ItemPrice>6.90</ItemPrice>
      <UnitOfMeasurePrice>6.90</UnitOfMeasurePrice>
      <AllowDiscount>1</AllowDiscount>
      <itemStatus>1</itemStatus>
      <LastUpdateDate />
      <LastUpdateTime />
    </Product>
    <Product>
      <PriceUpdateDate>2018/07/23 10:17</PriceUpdateDate>
      <ItemCode>7290107948012</ItemCode>
      <ItemType>1</ItemType>
      <ItemName>שוקולד פרה אקסטרא קרם יוגורט תות ועוגיות</ItemName>
      <ManufactureName>שטראוס גרופ בעמ</ManufactureName>
      <ManufactureCountry />
      <ManufactureItemDescription />
      <UnitQty>יח`</UnitQty>
      <Quantity>1</Quantity>
      <UnitMeasure>100 גרם</UnitMeasure>
      <BisWeighted>0</BisWeighted>
      <QtyInPackage>1</QtyInPackage>
      <ItemPrice>6.90</ItemPrice>
      <UnitOfMeasurePrice>6.90</UnitOfMeasurePrice>
      <AllowDiscount>1</AllowDiscount>
      <itemStatus>1</itemStatus>
      <LastUpdateDate />
      <LastUpdateTime />
    </Product>
    <Product>
      <PriceUpdateDate>2018/04/24 12:52</PriceUpdateDate>
      <ItemCode>7290107950183</ItemCode>
      <ItemType>1</ItemType>
      <ItemName>מעדן שטראוס דיאט וניל 0%</ItemName>
      <ManufactureName>שטראוס גרופ בעמ/מצונן</ManufactureName>
      <ManufactureCountry />
      <ManufactureItemDescription />
      <UnitQty>יח`</UnitQty>
      <Quantity>1.30</Quantity>
      <UnitMeasure>100 גרם</UnitMeasure>
      <BisWeighted>0</BisWeighted>
      <QtyInPackage>1</QtyInPackage>
      <ItemPrice>3.20</ItemPrice>
      <UnitOfMeasurePrice>2.46</UnitOfMeasurePrice>
      <AllowDiscount>0</AllowDiscount>
      <itemStatus>1</itemStatus>
      <LastUpdateDate />
      <LastUpdateTime />
    </Product>
    <Product>
      <PriceUpdateDate>2018/04/24 12:52</PriceUpdateDate>
      <ItemCode>7290107950206</ItemCode>
      <ItemType>1</ItemType>
      <ItemName>מעדן שטראוס דיאט שוקולד 0%</ItemName>
      <ManufactureName>שטראוס גרופ בעמ/מצונן</ManufactureName>
      <ManufactureCountry />
      <ManufactureItemDescription />
      <UnitQty>יח`</UnitQty>
      <Quantity>1.30</Quantity>
      <UnitMeasure>100 גרם</UnitMeasure>
      <BisWeighted>0</BisWeighted>
      <QtyInPackage>1</QtyInPackage>
      <ItemPrice>3.20</ItemPrice>
      <UnitOfMeasurePrice>2.46</UnitOfMeasurePrice>
      <AllowDiscount>0</AllowDiscount>
      <itemStatus>1</itemStatus>
      <LastUpdateDate />
      <LastUpdateTime />
    </Product>
    <Product>
      <PriceUpdateDate>2018/04/24 12:55</PriceUpdateDate>
      <ItemCode>7290107950275</ItemCode>
      <ItemType>1</ItemType>
      <ItemName>מילקי קצפת קפוצ`ינו 133 גר</ItemName>
      <ManufactureName>שטראוס גרופ בעמ/מצונן</ManufactureName>
      <ManufactureCountry />
      <ManufactureItemDescription />
      <UnitQty>יח`</UnitQty>
      <Quantity>1.33</Quantity>
      <UnitMeasure>100 גרם</UnitMeasure>
      <BisWeighted>0</BisWeighted>
      <QtyInPackage>1</QtyInPackage>
      <ItemPrice>3.70</ItemPrice>
      <UnitOfMeasurePrice>2.78</UnitOfMeasurePrice>
      <AllowDiscount>0</AllowDiscount>
      <itemStatus>1</itemStatus>
      <LastUpdateDate />
      <LastUpdateTime />
    </Product>
    <Product>
      <PriceUpdateDate>2018/12/19 10:44</PriceUpdateDate>
      <ItemCode>7290107951104</ItemCode>
      <ItemType>1</ItemType>
      <ItemName>בפלות שוקולד 200  גר`עלית</ItemName>
      <ManufactureName>שטראוס גרופ בעמ</ManufactureName>
      <ManufactureCountry />
      <ManufactureItemDescription />
      <UnitQty>יח`</UnitQty>
      <Quantity>2</Quantity>
      <UnitMeasure>100 גרם</UnitMeasure>
      <BisWeighted>0</BisWeighted>
      <QtyInPackage>1</QtyInPackage>
      <ItemPrice>3.90</ItemPrice>
      <UnitOfMeasurePrice>1.95</UnitOfMeasurePrice>
      <AllowDiscount>0</AllowDiscount>
      <itemStatus>1</itemStatus>
      <LastUpdateDate />
      <LastUpdateTime />
    </Product>
    <Product>
      <PriceUpdateDate>2018/04/24 13:04</PriceUpdateDate>
      <ItemCode>7290107951548</ItemCode>
      <ItemType>1</ItemType>
      <ItemName>בלונדי שקדים 100  גר`עלית</ItemName>
      <ManufactureName>שטראוס גרופ בעמ</ManufactureName>
      <ManufactureCountry />
      <ManufactureItemDescription />
      <UnitQty>יח`</UnitQty>
      <Quantity>1</Quantity>
      <UnitMeasure>100 גרם</UnitMeasure>
      <BisWeighted>0</BisWeighted>
      <QtyInPackage>1</QtyInPackage>
      <ItemPrice>7.50</ItemPrice>
      <UnitOfMeasurePrice>7.50</UnitOfMeasurePrice>
      <AllowDiscount>0</AllowDiscount>
      <itemStatus>1</itemStatus>
      <LastUpdateDate />
      <LastUpdateTime />
    </Product>
    <Product>
      <PriceUpdateDate>2018/04/24 12:51</PriceUpdateDate>
      <ItemCode>7290107951579</ItemCode>
      <ItemType>1</ItemType>
      <ItemName>מיקס מעורב 190 גר כשלפ</ItemName>
      <ManufactureName>שטראוס גרופ בעמ</ManufactureName>
      <ManufactureCountry />
      <ManufactureItemDescription />
      <UnitQty>יח`</UnitQty>
      <Quantity>1.90</Quantity>
      <UnitMeasure>100 גרם</UnitMeasure>
      <BisWeighted>0</BisWeighted>
      <QtyInPackage>1</QtyInPackage>
      <ItemPrice>13.90</ItemPrice>
      <UnitOfMeasurePrice>7.32</UnitOfMeasurePrice>
      <AllowDiscount>0</AllowDiscount>
      <itemStatus>1</itemStatus>
      <LastUpdateDate />
      <LastUpdateTime />
    </Product>
    <Product>
      <PriceUpdateDate>2018/04/24 12:51</PriceUpdateDate>
      <ItemCode>7290107951586</ItemCode>
      <ItemType>1</ItemType>
      <ItemName>מיקס מעורב 390 גר כשלפ</ItemName>
      <ManufactureName>שטראוס גרופ בעמ</ManufactureName>
      <ManufactureCountry />
      <ManufactureItemDescription />
      <UnitQty>יח`</UnitQty>
      <Quantity>3.90</Quantity>
      <UnitMeasure>100 גרם</UnitMeasure>
      <BisWeighted>0</BisWeighted>
      <QtyInPackage>1</QtyInPackage>
      <ItemPrice>23.90</ItemPrice>
      <UnitOfMeasurePrice>6.13</UnitOfMeasurePrice>
      <AllowDiscount>0</AllowDiscount>
      <itemStatus>1</itemStatus>
      <LastUpdateDate />
      <LastUpdateTime />
    </Product>
    <Product>
      <PriceUpdateDate>2018/04/24 13:04</PriceUpdateDate>
      <ItemCode>7290107951623</ItemCode>
      <ItemType>1</ItemType>
      <ItemName>בלונדי קרמל ומלח 100  גר`עלית</ItemName>
      <ManufactureName>שטראוס גרופ בעמ</ManufactureName>
      <ManufactureCountry />
      <ManufactureItemDescription />
      <UnitQty>יח`</UnitQty>
      <Quantity>1</Quantity>
      <UnitMeasure>100 גרם</UnitMeasure>
      <BisWeighted>0</BisWeighted>
      <QtyInPackage>1</QtyInPackage>
      <ItemPrice>7.50</ItemPrice>
      <UnitOfMeasurePrice>7.50</UnitOfMeasurePrice>
      <AllowDiscount>0</AllowDiscount>
      <itemStatus>1</itemStatus>
      <LastUpdateDate />
      <LastUpdateTime />
    </Product>
    <Product>
      <PriceUpdateDate>2018/04/24 13:04</PriceUpdateDate>
      <ItemCode>7290107951630</ItemCode>
      <ItemType>1</ItemType>
      <ItemName>בלונדי שבבי קוקוס קלוי 100  גר`עלית</ItemName>
      <ManufactureName>שטראוס גרופ בעמ</ManufactureName>
      <ManufactureCountry />
      <ManufactureItemDescription />
      <UnitQty>יח`</UnitQty>
      <Quantity>1</Quantity>
      <UnitMeasure>100 גרם</UnitMeasure>
      <BisWeighted>0</BisWeighted>
      <QtyInPackage>1</QtyInPackage>
      <ItemPrice>7.50</ItemPrice>
      <UnitOfMeasurePrice>7.50</UnitOfMeasurePrice>
      <AllowDiscount>0</AllowDiscount>
      <itemStatus>1</itemStatus>
      <LastUpdateDate />
      <LastUpdateTime />
    </Product>
    <Product>
      <PriceUpdateDate>2018/04/24 13:03</PriceUpdateDate>
      <ItemCode>7290107951678</ItemCode>
      <ItemType>1</ItemType>
      <ItemName>שוקולד פרה  קראנצ`קוקי 98  גר`עלית</ItemName>
      <ManufactureName>שטראוס גרופ בעמ</ManufactureName>
      <ManufactureCountry />
      <ManufactureItemDescription />
      <UnitQty>יח`</UnitQty>
      <Quantity>0.98</Quantity>
      <UnitMeasure>100 גרם</UnitMeasure>
      <BisWeighted>0</BisWeighted>
      <QtyInPackage>1</QtyInPackage>
      <ItemPrice>6.90</ItemPrice>
      <UnitOfMeasurePrice>7.04</UnitOfMeasurePrice>
      <AllowDiscount>0</AllowDiscount>
      <itemStatus>1</itemStatus>
      <LastUpdateDate />
      <LastUpdateTime />
    </Product>
    <Product>
      <PriceUpdateDate>2018/04/24 12:52</PriceUpdateDate>
      <ItemCode>7290107953559</ItemCode>
      <ItemType>1</ItemType>
      <ItemName>מארז טורקי לדרך כשלפ</ItemName>
      <ManufactureName>שטראוס גרופ בעמ</ManufactureName>
      <ManufactureCountry />
      <ManufactureItemDescription />
      <UnitQty>יח`</UnitQty>
      <Quantity>1.68</Quantity>
      <UnitMeasure>100 גרם</UnitMeasure>
      <BisWeighted>0</BisWeighted>
      <QtyInPackage>1</QtyInPackage>
      <ItemPrice>17.90</ItemPrice>
      <UnitOfMeasurePrice>10.65</UnitOfMeasurePrice>
      <AllowDiscount>0</AllowDiscount>
      <itemStatus>1</itemStatus>
      <LastUpdateDate />
      <LastUpdateTime />
    </Product>
    <Product>
      <PriceUpdateDate>2019/01/07 10:57</PriceUpdateDate>
      <ItemCode>7290107954457</ItemCode>
      <ItemType>1</ItemType>
      <ItemName>בראוניז פסק זמן בדצ 380 גר`</ItemName>
      <ManufactureName>שטראוס גרופ בעמ</ManufactureName>
      <ManufactureCountry />
      <ManufactureItemDescription />
      <UnitQty>יח`</UnitQty>
      <Quantity>3.80</Quantity>
      <UnitMeasure>100 גרם</UnitMeasure>
      <BisWeighted>0</BisWeighted>
      <QtyInPackage>1</QtyInPackage>
      <ItemPrice>16.90</ItemPrice>
      <UnitOfMeasurePrice>4.45</UnitOfMeasurePrice>
      <AllowDiscount>0</AllowDiscount>
      <itemStatus>1</itemStatus>
      <LastUpdateDate />
      <LastUpdateTime />
    </Product>
    <Product>
      <PriceUpdateDate>2018/04/24 13:01</PriceUpdateDate>
      <ItemCode>7290107954709</ItemCode>
      <ItemType>1</ItemType>
      <ItemName>קונפיטורת פירות יער 340 גר יד מרדכי</ItemName>
      <ManufactureName>שטראוס גרופ בעמ</ManufactureName>
      <ManufactureCountry />
      <ManufactureItemDescription />
      <UnitQty>יח`</UnitQty>
      <Quantity>3.40</Quantity>
      <UnitMeasure>100 גרם</UnitMeasure>
      <BisWeighted>0</BisWeighted>
      <QtyInPackage>1</QtyInPackage>
      <ItemPrice>14.90</ItemPrice>
      <UnitOfMeasurePrice>4.38</UnitOfMeasurePrice>
      <AllowDiscount>1</AllowDiscount>
      <itemStatus>1</itemStatus>
      <LastUpdateDate />
      <LastUpdateTime />
    </Product>
    <Product>
      <PriceUpdateDate>2018/04/26 19:00</PriceUpdateDate>
      <ItemCode>7290107955782</ItemCode>
      <ItemType>1</ItemType>
      <ItemName>שוקולד מריר ללא סוכר 100 גר`</ItemName>
      <ManufactureName>שטראוס גרופ בעמ</ManufactureName>
      <ManufactureCountry />
      <ManufactureItemDescription />
      <UnitQty>יח`</UnitQty>
      <Quantity>1</Quantity>
      <UnitMeasure>100 גרם</UnitMeasure>
      <BisWeighted>0</BisWeighted>
      <QtyInPackage>1</QtyInPackage>
      <ItemPrice>7.90</ItemPrice>
      <UnitOfMeasurePrice>7.90</UnitOfMeasurePrice>
      <AllowDiscount>0</AllowDiscount>
      <itemStatus>1</itemStatus>
      <LastUpdateDate />
      <LastUpdateTime />
    </Product>
    <Product>
      <PriceUpdateDate>2018/04/24 13:12</PriceUpdateDate>
      <ItemCode>7290107956642</ItemCode>
      <ItemType>1</ItemType>
      <ItemName>תרסיס שמן זית 150 מל יד מרדכי</ItemName>
      <ManufactureName>שטראוס גרופ בעמ</ManufactureName>
      <ManufactureCountry />
      <ManufactureItemDescription />
      <UnitQty>יח`</UnitQty>
      <Quantity>1.50</Quantity>
      <UnitMeasure>100 מ"ל</UnitMeasure>
      <BisWeighted>0</BisWeighted>
      <QtyInPackage>1</QtyInPackage>
      <ItemPrice>17.90</ItemPrice>
      <UnitOfMeasurePrice>11.93</UnitOfMeasurePrice>
      <AllowDiscount>0</AllowDiscount>
      <itemStatus>1</itemStatus>
      <LastUpdateDate />
      <LastUpdateTime />
    </Product>
    <Product>
      <PriceUpdateDate>2019/01/07 10:57</PriceUpdateDate>
      <ItemCode>7290107956895</ItemCode>
      <ItemType>1</ItemType>
      <ItemName>קפסולות קפה עלית אספרסו בטעם קרמל</ItemName>
      <ManufactureName>שטראוס גרופ בעמ</ManufactureName>
      <ManufactureCountry />
      <ManufactureItemDescription />
      <UnitQty>יח`</UnitQty>
      <Quantity>0.50</Quantity>
      <UnitMeasure>100 גרם</UnitMeasure>
      <BisWeighted>0</BisWeighted>
      <QtyInPackage>1</QtyInPackage>
      <ItemPrice>16.90</ItemPrice>
      <UnitOfMeasurePrice>33.80</UnitOfMeasurePrice>
      <AllowDiscount>1</AllowDiscount>
      <itemStatus>1</itemStatus>
      <LastUpdateDate />
      <LastUpdateTime />
    </Product>
    <Product>
      <PriceUpdateDate>2018/04/24 13:08</PriceUpdateDate>
      <ItemCode>7290107956901</ItemCode>
      <ItemType>1</ItemType>
      <ItemName>קפסולות אספרסו בטעם אגוזים עלית</ItemName>
      <ManufactureName>שטראוס גרופ בעמ</ManufactureName>
      <ManufactureCountry />
      <ManufactureItemDescription />
      <UnitQty>יח`</UnitQty>
      <Quantity>0.50</Quantity>
      <UnitMeasure>100 גרם</UnitMeasure>
      <BisWeighted>0</BisWeighted>
      <QtyInPackage>1</QtyInPackage>
      <ItemPrice>16.90</ItemPrice>
      <UnitOfMeasurePrice>33.80</UnitOfMeasurePrice>
      <AllowDiscount>1</AllowDiscount>
      <itemStatus>1</itemStatus>
      <LastUpdateDate />
      <LastUpdateTime />
    </Product>
    <Product>
      <PriceUpdateDate>2018/10/12 09:48</PriceUpdateDate>
      <ItemCode>7290107956925</ItemCode>
      <ItemType>1</ItemType>
      <ItemName>קפסולות קפה עלית אוגנדה 13 למכונות נספרו</ItemName>
      <ManufactureName>שטראוס גרופ בעמ</ManufactureName>
      <ManufactureCountry />
      <ManufactureItemDescription />
      <UnitQty>יח`</UnitQty>
      <Quantity>0.50</Quantity>
      <UnitMeasure>100 גרם</UnitMeasure>
      <BisWeighted>0</BisWeighted>
      <QtyInPackage>1</QtyInPackage>
      <ItemPrice>16.90</ItemPrice>
      <UnitOfMeasurePrice>33.80</UnitOfMeasurePrice>
      <AllowDiscount>1</AllowDiscount>
      <itemStatus>1</itemStatus>
      <LastUpdateDate />
      <LastUpdateTime />
    </Product>
    <Product>
      <PriceUpdateDate>2019/01/07 10:57</PriceUpdateDate>
      <ItemCode>7290107956932</ItemCode>
      <ItemType>1</ItemType>
      <ItemName>קפסולות קפה עלית אידונזיה מס` 12</ItemName>
      <ManufactureName>שטראוס גרופ בעמ</ManufactureName>
      <ManufactureCountry />
      <ManufactureItemDescription />
      <UnitQty>יח`</UnitQty>
      <Quantity>0.50</Quantity>
      <UnitMeasure>100 גרם</UnitMeasure>
      <BisWeighted>0</BisWeighted>
      <QtyInPackage>1</QtyInPackage>
      <ItemPrice>16.90</ItemPrice>
      <UnitOfMeasurePrice>33.80</UnitOfMeasurePrice>
      <AllowDiscount>1</AllowDiscount>
      <itemStatus>1</itemStatus>
      <LastUpdateDate />
      <LastUpdateTime />
    </Product>
    <Product>
      <PriceUpdateDate>2018/10/09 08:33</PriceUpdateDate>
      <ItemCode>7290107957113</ItemCode>
      <ItemType>1</ItemType>
      <ItemName>סימפוניה זיתים פיקנטים 200 גר`</ItemName>
      <ManufactureName>שטראוס גרופ בעמ/מצונן</ManufactureName>
      <ManufactureCountry />
      <ManufactureItemDescription />
      <UnitQty>יח`</UnitQty>
      <Quantity>2</Quantity>
      <UnitMeasure>100 גרם</UnitMeasure>
      <BisWeighted>0</BisWeighted>
      <QtyInPackage>1</QtyInPackage>
      <ItemPrice>11.40</ItemPrice>
      <UnitOfMeasurePrice>5.70</UnitOfMeasurePrice>
      <AllowDiscount>0</AllowDiscount>
      <itemStatus>1</itemStatus>
      <LastUpdateDate />
      <LastUpdateTime />
    </Product>
    <Product>
      <PriceUpdateDate>2018/10/09 08:33</PriceUpdateDate>
      <ItemCode>7290107957137</ItemCode>
      <ItemType>1</ItemType>
      <ItemName>סימופניה עשבי תיבול 200 גר`</ItemName>
      <ManufactureName>שטראוס גרופ בעמ/מצונן</ManufactureName>
      <ManufactureCountry />
      <ManufactureItemDescription />
      <UnitQty>יח`</UnitQty>
      <Quantity>2</Quantity>
      <UnitMeasure>100 גרם</UnitMeasure>
      <BisWeighted>0</BisWeighted>
      <QtyInPackage>1</QtyInPackage>
      <ItemPrice>11.40</ItemPrice>
      <UnitOfMeasurePrice>5.70</UnitOfMeasurePrice>
      <AllowDiscount>0</AllowDiscount>
      <itemStatus>1</itemStatus>
      <LastUpdateDate />
      <LastUpdateTime />
    </Product>
    <Product>
      <PriceUpdateDate>2018/04/24 13:12</PriceUpdateDate>
      <ItemCode>7290107957779</ItemCode>
      <ItemType>1</ItemType>
      <ItemName>דניאלה מעדן בטעם אפרסק שטראוס (88 גרם)</ItemName>
      <ManufactureName>שטראוס גרופ בעמ/מצונן</ManufactureName>
      <ManufactureCountry />
      <ManufactureItemDescription />
      <UnitQty>יח`</UnitQty>
      <Quantity>1.50</Quantity>
      <UnitMeasure>100 גרם</UnitMeasure>
      <BisWeighted>0</BisWeighted>
      <QtyInPackage>1</QtyInPackage>
      <ItemPrice>4</ItemPrice>
      <UnitOfMeasurePrice>2.67</UnitOfMeasurePrice>
      <AllowDiscount>0</AllowDiscount>
      <itemStatus>1</itemStatus>
      <LastUpdateDate />
      <LastUpdateTime />
    </Product>
    <Product>
      <PriceUpdateDate>2018/08/01 14:14</PriceUpdateDate>
      <ItemCode>7290107958035</ItemCode>
      <ItemType>1</ItemType>
      <ItemName>מארז 8 דנונה מתיקות מעודנת ללא סוכר וממת</ItemName>
      <ManufactureName>שטראוס גרופ בעמ/מצונן</ManufactureName>
      <ManufactureCountry />
      <ManufactureItemDescription />
      <UnitQty>יח`</UnitQty>
      <Quantity>1.20</Quantity>
      <UnitMeasure>1 ליטר</UnitMeasure>
      <BisWeighted>0</BisWeighted>
      <QtyInPackage>1</QtyInPackage>
      <ItemPrice>18.50</ItemPrice>
      <UnitOfMeasurePrice>15.42</UnitOfMeasurePrice>
      <AllowDiscount>0</AllowDiscount>
      <itemStatus>1</itemStatus>
      <LastUpdateDate />
      <LastUpdateTime />
    </Product>
    <Product>
      <PriceUpdateDate>2019/01/07 10:57</PriceUpdateDate>
      <ItemCode>7290107958448</ItemCode>
      <ItemType>1</ItemType>
      <ItemName>עוגת שוקולד פה לבן 380 גר` עלית</ItemName>
      <ManufactureName>שטראוס גרופ בעמ</ManufactureName>
      <ManufactureCountry />
      <ManufactureItemDescription />
      <UnitQty>יח`</UnitQty>
      <Quantity>3.80</Quantity>
      <UnitMeasure>100 גרם</UnitMeasure>
      <BisWeighted>0</BisWeighted>
      <QtyInPackage>1</QtyInPackage>
      <ItemPrice>17.90</ItemPrice>
      <UnitOfMeasurePrice>4.71</UnitOfMeasurePrice>
      <AllowDiscount>0</AllowDiscount>
      <itemStatus>1</itemStatus>
      <LastUpdateDate />
      <LastUpdateTime />
    </Product>
    <Product>
      <PriceUpdateDate>2018/04/24 13:14</PriceUpdateDate>
      <ItemCode>7290107958639</ItemCode>
      <ItemType>1</ItemType>
      <ItemName>מטבוחה מרוקאית חריפה 400  גר`אחלה</ItemName>
      <ManufactureName>שטראוס גרופ בעמ/מצונן</ManufactureName>
      <ManufactureCountry />
      <ManufactureItemDescription />
      <UnitQty>יח`</UnitQty>
      <Quantity>4</Quantity>
      <UnitMeasure>100 גרם</UnitMeasure>
      <BisWeighted>0</BisWeighted>
      <QtyInPackage>1</QtyInPackage>
      <ItemPrice>16.50</ItemPrice>
      <UnitOfMeasurePrice>4.13</UnitOfMeasurePrice>
      <AllowDiscount>0</AllowDiscount>
      <itemStatus>1</itemStatus>
      <LastUpdateDate />
      <LastUpdateTime />
    </Product>
    <Product>
      <PriceUpdateDate>2019/01/07 10:57</PriceUpdateDate>
      <ItemCode>7290107958660</ItemCode>
      <ItemType>1</ItemType>
      <ItemName>חומוס עם חריף 9% שומו (400  גר`)אחלה</ItemName>
      <ManufactureName>שטראוס גרופ בעמ/מצונן</ManufactureName>
      <ManufactureCountry />
      <ManufactureItemDescription />
      <UnitQty>יח`</UnitQty>
      <Quantity>4</Quantity>
      <UnitMeasure>100 גרם</UnitMeasure>
      <BisWeighted>0</BisWeighted>
      <QtyInPackage>1</QtyInPackage>
      <ItemPrice>11.50</ItemPrice>
      <UnitOfMeasurePrice>2.88</UnitOfMeasurePrice>
      <AllowDiscount>0</AllowDiscount>
      <itemStatus>1</itemStatus>
      <LastUpdateDate />
      <LastUpdateTime />
    </Product>
    <Product>
      <PriceUpdateDate>2018/12/19 10:44</PriceUpdateDate>
      <ItemCode>7290107959032</ItemCode>
      <ItemType>1</ItemType>
      <ItemName>מעדן טחינה בטעם נוגט 125 גר` SOOM</ItemName>
      <ManufactureName>שטראוס גרופ בעמ/מצונן</ManufactureName>
      <ManufactureCountry />
      <ManufactureItemDescription />
      <UnitQty>יח`</UnitQty>
      <Quantity>1.25</Quantity>
      <UnitMeasure>100 גרם</UnitMeasure>
      <BisWeighted>0</BisWeighted>
      <QtyInPackage>1</QtyInPackage>
      <ItemPrice>3.90</ItemPrice>
      <UnitOfMeasurePrice>3.12</UnitOfMeasurePrice>
      <AllowDiscount>0</AllowDiscount>
      <itemStatus>1</itemStatus>
      <LastUpdateDate />
      <LastUpdateTime />
    </Product>
    <Product>
      <PriceUpdateDate>2018/12/19 10:44</PriceUpdateDate>
      <ItemCode>7290107959049</ItemCode>
      <ItemType>1</ItemType>
      <ItemName>מעדן טחינה בטעם וניל 125 גר` SOOM</ItemName>
      <ManufactureName>שטראוס גרופ בעמ/מצונן</ManufactureName>
      <ManufactureCountry />
      <ManufactureItemDescription />
      <UnitQty>יח`</UnitQty>
      <Quantity>1.25</Quantity>
      <UnitMeasure>100 גרם</UnitMeasure>
      <BisWeighted>0</BisWeighted>
      <QtyInPackage>1</QtyInPackage>
      <ItemPrice>3.90</ItemPrice>
      <UnitOfMeasurePrice>3.12</UnitOfMeasurePrice>
      <AllowDiscount>0</AllowDiscount>
      <itemStatus>1</itemStatus>
      <LastUpdateDate />
      <LastUpdateTime />
    </Product>
    <Product>
      <PriceUpdateDate>2018/12/19 10:44</PriceUpdateDate>
      <ItemCode>7290107959056</ItemCode>
      <ItemType>1</ItemType>
      <ItemName>מעדן טחינה בטעם שוקולד 125 גר` SOOM</ItemName>
      <ManufactureName>שטראוס גרופ בעמ/מצונן</ManufactureName>
      <ManufactureCountry />
      <ManufactureItemDescription />
      <UnitQty>יח`</UnitQty>
      <Quantity>1.25</Quantity>
      <UnitMeasure>100 גרם</UnitMeasure>
      <BisWeighted>0</BisWeighted>
      <QtyInPackage>1</QtyInPackage>
      <ItemPrice>3.90</ItemPrice>
      <UnitOfMeasurePrice>3.12</UnitOfMeasurePrice>
      <AllowDiscount>0</AllowDiscount>
      <itemStatus>1</itemStatus>
      <LastUpdateDate />
      <LastUpdateTime />
    </Product>
    <Product>
      <PriceUpdateDate>2018/04/24 10:36</PriceUpdateDate>
      <ItemCode>7290107972307</ItemCode>
      <ItemType>1</ItemType>
      <ItemName>קולגיט אופטיק וויטן אנד ריסטור 75 מל</ItemName>
      <ManufactureName>ש.שסטוביץ בעמ</ManufactureName>
      <ManufactureCountry />
      <ManufactureItemDescription />
      <UnitQty>יח`</UnitQty>
      <Quantity>0</Quantity>
      <UnitMeasure>100 גרם</UnitMeasure>
      <BisWeighted>0</BisWeighted>
      <QtyInPackage>1</QtyInPackage>
      <ItemPrice>24.90</ItemPrice>
      <UnitOfMeasurePrice>24.90</UnitOfMeasurePrice>
      <AllowDiscount>0</AllowDiscount>
      <itemStatus>1</itemStatus>
      <LastUpdateDate />
      <LastUpdateTime />
    </Product>
    <Product>
      <PriceUpdateDate>2018/08/05 11:28</PriceUpdateDate>
      <ItemCode>7290107973861</ItemCode>
      <ItemType>1</ItemType>
      <ItemName>מארז עגבניות קצוצות דק שלישייה מנה מאסט</ItemName>
      <ManufactureName>ש.שסטוביץ בעמ</ManufactureName>
      <ManufactureCountry />
      <ManufactureItemDescription />
      <UnitQty>יח`</UnitQty>
      <Quantity>12</Quantity>
      <UnitMeasure>100 גרם</UnitMeasure>
      <BisWeighted>0</BisWeighted>
      <QtyInPackage>1</QtyInPackage>
      <ItemPrice>16.90</ItemPrice>
      <UnitOfMeasurePrice>1.41</UnitOfMeasurePrice>
      <AllowDiscount>1</AllowDiscount>
      <itemStatus>1</itemStatus>
      <LastUpdateDate />
      <LastUpdateTime />
    </Product>
    <Product>
      <PriceUpdateDate>2018/04/24 12:34</PriceUpdateDate>
      <ItemCode>7290107974066</ItemCode>
      <ItemType>1</ItemType>
      <ItemName>עלי טורטיה קמח מלא 320 גר` מנה מאסטר שף</ItemName>
      <ManufactureName>ש.שסטוביץ בעמ</ManufactureName>
      <ManufactureCountry />
      <ManufactureItemDescription />
      <UnitQty>יח`</UnitQty>
      <Quantity>3.20</Quantity>
      <UnitMeasure>100 גרם</UnitMeasure>
      <BisWeighted>0</BisWeighted>
      <QtyInPackage>1</QtyInPackage>
      <ItemPrice>9.90</ItemPrice>
      <UnitOfMeasurePrice>3.09</UnitOfMeasurePrice>
      <AllowDiscount>0</AllowDiscount>
      <itemStatus>1</itemStatus>
      <LastUpdateDate />
      <LastUpdateTime />
    </Product>
    <Product>
      <PriceUpdateDate>2018/04/24 12:34</PriceUpdateDate>
      <ItemCode>7290107974073</ItemCode>
      <ItemType>1</ItemType>
      <ItemName>עלי טורטיה קמח לבן 320 גר` מנה מאסטר שף</ItemName>
      <ManufactureName>ש.שסטוביץ בעמ</ManufactureName>
      <ManufactureCountry />
      <ManufactureItemDescription />
      <UnitQty>יח`</UnitQty>
      <Quantity>3.20</Quantity>
      <UnitMeasure>100 גרם</UnitMeasure>
      <BisWeighted>0</BisWeighted>
      <QtyInPackage>1</QtyInPackage>
      <ItemPrice>9.90</ItemPrice>
      <UnitOfMeasurePrice>3.09</UnitOfMeasurePrice>
      <AllowDiscount>0</AllowDiscount>
      <itemStatus>1</itemStatus>
      <LastUpdateDate />
      <LastUpdateTime />
    </Product>
    <Product>
      <PriceUpdateDate>2018/04/24 12:49</PriceUpdateDate>
      <ItemCode>7290107974806</ItemCode>
      <ItemType>1</ItemType>
      <ItemName>מנה אורז בסמטי 1 קג</ItemName>
      <ManufactureName>ש.שסטוביץ בעמ</ManufactureName>
      <ManufactureCountry />
      <ManufactureItemDescription />
      <UnitQty>יח`</UnitQty>
      <Quantity>1</Quantity>
      <UnitMeasure>100 גרם</UnitMeasure>
      <BisWeighted>0</BisWeighted>
      <QtyInPackage>1</QtyInPackage>
      <ItemPrice>9.90</ItemPrice>
      <UnitOfMeasurePrice>9.90</UnitOfMeasurePrice>
      <AllowDiscount>0</AllowDiscount>
      <itemStatus>1</itemStatus>
      <LastUpdateDate />
      <LastUpdateTime />
    </Product>
    <Product>
      <PriceUpdateDate>2018/04/24 12:49</PriceUpdateDate>
      <ItemCode>7290107974813</ItemCode>
      <ItemType>1</ItemType>
      <ItemName>מנה אורז יסמין 1 קג כשר לפסח</ItemName>
      <ManufactureName>ש.שסטוביץ בעמ</ManufactureName>
      <ManufactureCountry />
      <ManufactureItemDescription />
      <UnitQty>יח`</UnitQty>
      <Quantity>10</Quantity>
      <UnitMeasure>100 גרם</UnitMeasure>
      <BisWeighted>0</BisWeighted>
      <QtyInPackage>1</QtyInPackage>
      <ItemPrice>8.90</ItemPrice>
      <UnitOfMeasurePrice>0.89</UnitOfMeasurePrice>
      <AllowDiscount>0</AllowDiscount>
      <itemStatus>1</itemStatus>
      <LastUpdateDate />
      <LastUpdateTime />
    </Product>
    <Product>
      <PriceUpdateDate>2018/04/24 12:51</PriceUpdateDate>
      <ItemCode>7290107974820</ItemCode>
      <ItemType>1</ItemType>
      <ItemName>ממרח מתובל ספייסי 252 גר מנה מאסטר שף</ItemName>
      <ManufactureName>ש.שסטוביץ בעמ</ManufactureName>
      <ManufactureCountry />
      <ManufactureItemDescription />
      <UnitQty>יח`</UnitQty>
      <Quantity>2.52</Quantity>
      <UnitMeasure>100 גרם</UnitMeasure>
      <BisWeighted>0</BisWeighted>
      <QtyInPackage>1</QtyInPackage>
      <ItemPrice>7.90</ItemPrice>
      <UnitOfMeasurePrice>3.13</UnitOfMeasurePrice>
      <AllowDiscount>0</AllowDiscount>
      <itemStatus>1</itemStatus>
      <LastUpdateDate />
      <LastUpdateTime />
    </Product>
    <Product>
      <PriceUpdateDate>2018/04/24 12:51</PriceUpdateDate>
      <ItemCode>7290107974837</ItemCode>
      <ItemType>1</ItemType>
      <ItemName>ממרח מתובל שום 253 גר מנה מאסטר שף</ItemName>
      <ManufactureName>ש.שסטוביץ בעמ</ManufactureName>
      <ManufactureCountry />
      <ManufactureItemDescription />
      <UnitQty>יח`</UnitQty>
      <Quantity>2.53</Quantity>
      <UnitMeasure>100 גרם</UnitMeasure>
      <BisWeighted>0</BisWeighted>
      <QtyInPackage>1</QtyInPackage>
      <ItemPrice>7.90</ItemPrice>
      <UnitOfMeasurePrice>3.12</UnitOfMeasurePrice>
      <AllowDiscount>0</AllowDiscount>
      <itemStatus>1</itemStatus>
      <LastUpdateDate />
      <LastUpdateTime />
    </Product>
    <Product>
      <PriceUpdateDate>2018/04/24 12:52</PriceUpdateDate>
      <ItemCode>7290107975100</ItemCode>
      <ItemType>1</ItemType>
      <ItemName>שעועית לבנה גדולה 400 גר מאסטר שף</ItemName>
      <ManufactureName>ש.שסטוביץ בעמ</ManufactureName>
      <ManufactureCountry />
      <ManufactureItemDescription />
      <UnitQty>יח`</UnitQty>
      <Quantity>4</Quantity>
      <UnitMeasure>100 גרם</UnitMeasure>
      <BisWeighted>0</BisWeighted>
      <QtyInPackage>1</QtyInPackage>
      <ItemPrice>5.90</ItemPrice>
      <UnitOfMeasurePrice>1.48</UnitOfMeasurePrice>
      <AllowDiscount>0</AllowDiscount>
      <itemStatus>1</itemStatus>
      <LastUpdateDate />
      <LastUpdateTime />
    </Product>
    <Product>
      <PriceUpdateDate>2020/05/03 09:34</PriceUpdateDate>
      <ItemCode>7290107975278</ItemCode>
      <ItemType>1</ItemType>
      <ItemName>ליידי ספיד סטיק אלוורה 45 גר</ItemName>
      <ManufactureName>ש.שסטוביץ בעמ</ManufactureName>
      <ManufactureCountry />
      <ManufactureItemDescription />
      <UnitQty>יח`</UnitQty>
      <Quantity>0.45</Quantity>
      <UnitMeasure>100 מ"ל</UnitMeasure>
      <BisWeighted>0</BisWeighted>
      <QtyInPackage>1</QtyInPackage>
      <ItemPrice>29.90</ItemPrice>
      <UnitOfMeasurePrice>66.44</UnitOfMeasurePrice>
      <AllowDiscount>0</AllowDiscount>
      <itemStatus>1</itemStatus>
      <LastUpdateDate />
      <LastUpdateTime />
    </Product>
    <Product>
      <PriceUpdateDate>2020/05/03 09:34</PriceUpdateDate>
      <ItemCode>7290107975346</ItemCode>
      <ItemType>1</ItemType>
      <ItemName>ספיד סטיק כח הטבע אולנג ג`ל</ItemName>
      <ManufactureName>ש.שסטוביץ בעמ</ManufactureName>
      <ManufactureCountry />
      <ManufactureItemDescription />
      <UnitQty>יח`</UnitQty>
      <Quantity>0.65</Quantity>
      <UnitMeasure>100 גרם</UnitMeasure>
      <BisWeighted>0</BisWeighted>
      <QtyInPackage>1</QtyInPackage>
      <ItemPrice>16.90</ItemPrice>
      <UnitOfMeasurePrice>26</UnitOfMeasurePrice>
      <AllowDiscount>0</AllowDiscount>
      <itemStatus>1</itemStatus>
      <LastUpdateDate />
      <LastUpdateTime />
    </Product>
    <Product>
      <PriceUpdateDate>2018/07/08 11:12</PriceUpdateDate>
      <ItemCode>7290107975360</ItemCode>
      <ItemType>1</ItemType>
      <ItemName>ליידי ספיד סטיקפיור פרשנס ג`ל 24/7</ItemName>
      <ManufactureName>ש.שסטוביץ בעמ</ManufactureName>
      <ManufactureCountry />
      <ManufactureItemDescription />
      <UnitQty>יח`</UnitQty>
      <Quantity>0.65</Quantity>
      <UnitMeasure>100 מ"ל</UnitMeasure>
      <BisWeighted>0</BisWeighted>
      <QtyInPackage>1</QtyInPackage>
      <ItemPrice>16.90</ItemPrice>
      <UnitOfMeasurePrice>26</UnitOfMeasurePrice>
      <AllowDiscount>0</AllowDiscount>
      <itemStatus>1</itemStatus>
      <LastUpdateDate />
      <LastUpdateTime />
    </Product>
    <Product>
      <PriceUpdateDate>2018/04/24 12:52</PriceUpdateDate>
      <ItemCode>7290107975940</ItemCode>
      <ItemType>1</ItemType>
      <ItemName>עדשים ירוקות 400 גר מאסטר שף</ItemName>
      <ManufactureName>ש.שסטוביץ בעמ</ManufactureName>
      <ManufactureCountry />
      <ManufactureItemDescription />
      <UnitQty>יח`</UnitQty>
      <Quantity>4</Quantity>
      <UnitMeasure>100 גרם</UnitMeasure>
      <BisWeighted>0</BisWeighted>
      <QtyInPackage>1</QtyInPackage>
      <ItemPrice>5.90</ItemPrice>
      <UnitOfMeasurePrice>1.48</UnitOfMeasurePrice>
      <AllowDiscount>0</AllowDiscount>
      <itemStatus>1</itemStatus>
      <LastUpdateDate />
      <LastUpdateTime />
    </Product>
    <Product>
      <PriceUpdateDate>2018/04/24 12:48</PriceUpdateDate>
      <ItemCode>7290107976718</ItemCode>
      <ItemType>1</ItemType>
      <ItemName>מנה רוטב סויה תסיסה טבעית 620 גר</ItemName>
      <ManufactureName>ש.שסטוביץ בעמ</ManufactureName>
      <ManufactureCountry />
      <ManufactureItemDescription />
      <UnitQty>יח`</UnitQty>
      <Quantity>6.20</Quantity>
      <UnitMeasure>100 גרם</UnitMeasure>
      <BisWeighted>0</BisWeighted>
      <QtyInPackage>1</QtyInPackage>
      <ItemPrice>19.90</ItemPrice>
      <UnitOfMeasurePrice>3.21</UnitOfMeasurePrice>
      <AllowDiscount>1</AllowDiscount>
      <itemStatus>1</itemStatus>
      <LastUpdateDate />
      <LastUpdateTime />
    </Product>
    <Product>
      <PriceUpdateDate>2018/04/24 12:48</PriceUpdateDate>
      <ItemCode>7290107976725</ItemCode>
      <ItemType>1</ItemType>
      <ItemName>מנה רוטב סויה דל נתרן 620 גר</ItemName>
      <ManufactureName>ש.שסטוביץ בעמ</ManufactureName>
      <ManufactureCountry />
      <ManufactureItemDescription />
      <UnitQty>יח`</UnitQty>
      <Quantity>6.20</Quantity>
      <UnitMeasure>100 גרם</UnitMeasure>
      <BisWeighted>0</BisWeighted>
      <QtyInPackage>1</QtyInPackage>
      <ItemPrice>19.90</ItemPrice>
      <UnitOfMeasurePrice>3.21</UnitOfMeasurePrice>
      <AllowDiscount>1</AllowDiscount>
      <itemStatus>1</itemStatus>
      <LastUpdateDate />
      <LastUpdateTime />
    </Product>
    <Product>
      <PriceUpdateDate>2018/04/24 13:03</PriceUpdateDate>
      <ItemCode>7290107976848</ItemCode>
      <ItemType>1</ItemType>
      <ItemName>פלמוליב סבון מוצק רביעייה קמומיל</ItemName>
      <ManufactureName>ש.שסטוביץ בעמ</ManufactureName>
      <ManufactureCountry />
      <ManufactureItemDescription />
      <UnitQty>יח`</UnitQty>
      <Quantity>3.60</Quantity>
      <UnitMeasure>100 גרם</UnitMeasure>
      <BisWeighted>0</BisWeighted>
      <QtyInPackage>1</QtyInPackage>
      <ItemPrice>16.90</ItemPrice>
      <UnitOfMeasurePrice>4.69</UnitOfMeasurePrice>
      <AllowDiscount>0</AllowDiscount>
      <itemStatus>1</itemStatus>
      <LastUpdateDate />
      <LastUpdateTime />
    </Product>
    <Product>
      <PriceUpdateDate>2018/04/24 13:02</PriceUpdateDate>
      <ItemCode>7290107978323</ItemCode>
      <ItemType>1</ItemType>
      <ItemName>מאסטר שף איטריות דקיקות 400 גר</ItemName>
      <ManufactureName>ש.שסטוביץ בעמ</ManufactureName>
      <ManufactureCountry />
      <ManufactureItemDescription />
      <UnitQty>יח`</UnitQty>
      <Quantity>4</Quantity>
      <UnitMeasure>100 גרם</UnitMeasure>
      <BisWeighted>0</BisWeighted>
      <QtyInPackage>1</QtyInPackage>
      <ItemPrice>5.90</ItemPrice>
      <UnitOfMeasurePrice>1.48</UnitOfMeasurePrice>
      <AllowDiscount>1</AllowDiscount>
      <itemStatus>1</itemStatus>
      <LastUpdateDate />
      <LastUpdateTime />
    </Product>
    <Product>
      <PriceUpdateDate>2018/04/24 13:06</PriceUpdateDate>
      <ItemCode>7290107978453</ItemCode>
      <ItemType>1</ItemType>
      <ItemName>קראנצוס גריל 70 גר`</ItemName>
      <ManufactureName>ש.שסטוביץ בעמ</ManufactureName>
      <ManufactureCountry />
      <ManufactureItemDescription />
      <UnitQty>יח`</UnitQty>
      <Quantity>0.70</Quantity>
      <UnitMeasure>100 גרם</UnitMeasure>
      <BisWeighted>0</BisWeighted>
      <QtyInPackage>1</QtyInPackage>
      <ItemPrice>3.90</ItemPrice>
      <UnitOfMeasurePrice>5.57</UnitOfMeasurePrice>
      <AllowDiscount>1</AllowDiscount>
      <itemStatus>1</itemStatus>
      <LastUpdateDate />
      <LastUpdateTime />
    </Product>
    <Product>
      <PriceUpdateDate>2018/04/24 13:12</PriceUpdateDate>
      <ItemCode>7290107978637</ItemCode>
      <ItemType>1</ItemType>
      <ItemName>מרידול משחת שיניים 75מל</ItemName>
      <ManufactureName>ש.שסטוביץ בעמ</ManufactureName>
      <ManufactureCountry />
      <ManufactureItemDescription />
      <UnitQty>יח`</UnitQty>
      <Quantity>0.75</Quantity>
      <UnitMeasure>100 גרם</UnitMeasure>
      <BisWeighted>0</BisWeighted>
      <QtyInPackage>1</QtyInPackage>
      <ItemPrice>19.90</ItemPrice>
      <UnitOfMeasurePrice>26.53</UnitOfMeasurePrice>
      <AllowDiscount>0</AllowDiscount>
      <itemStatus>1</itemStatus>
      <LastUpdateDate />
      <LastUpdateTime />
    </Product>
    <Product>
      <PriceUpdateDate>2018/04/24 12:31</PriceUpdateDate>
      <ItemCode>7290108200195</ItemCode>
      <ItemType>1</ItemType>
      <ItemName>וניש גולד ג`ל 940 מ`ל לבן</ItemName>
      <ManufactureName>רקיט בנקיזר (ניר איסט) בעמ</ManufactureName>
      <ManufactureCountry />
      <ManufactureItemDescription />
      <UnitQty>יח`</UnitQty>
      <Quantity>9.40</Quantity>
      <UnitMeasure>100 מ"ל</UnitMeasure>
      <BisWeighted>0</BisWeighted>
      <QtyInPackage>1</QtyInPackage>
      <ItemPrice>19.90</ItemPrice>
      <UnitOfMeasurePrice>2.12</UnitOfMeasurePrice>
      <AllowDiscount>0</AllowDiscount>
      <itemStatus>1</itemStatus>
      <LastUpdateDate />
      <LastUpdateTime />
    </Product>
    <Product>
      <PriceUpdateDate>2018/04/24 12:31</PriceUpdateDate>
      <ItemCode>7290108200218</ItemCode>
      <ItemType>1</ItemType>
      <ItemName>וניש גולד אבקה 1.35 קג לבן</ItemName>
      <ManufactureName>רקיט בנקיזר (ניר איסט) בעמ</ManufactureName>
      <ManufactureCountry />
      <ManufactureItemDescription />
      <UnitQty>יח`</UnitQty>
      <Quantity>13.50</Quantity>
      <UnitMeasure>100 גרם</UnitMeasure>
      <BisWeighted>0</BisWeighted>
      <QtyInPackage>1</QtyInPackage>
      <ItemPrice>34.90</ItemPrice>
      <UnitOfMeasurePrice>2.59</UnitOfMeasurePrice>
      <AllowDiscount>1</AllowDiscount>
      <itemStatus>1</itemStatus>
      <LastUpdateDate />
      <LastUpdateTime />
    </Product>
    <Product>
      <PriceUpdateDate>2018/08/05 11:28</PriceUpdateDate>
      <ItemCode>7290108200225</ItemCode>
      <ItemType>1</ItemType>
      <ItemName>וניש גולד אבקה 470גר` ורוד</ItemName>
      <ManufactureName>רקיט בנקיזר (ניר איסט) בעמ</ManufactureName>
      <ManufactureCountry />
      <ManufactureItemDescription />
      <UnitQty>יח`</UnitQty>
      <Quantity>4.70</Quantity>
      <UnitMeasure>100 גרם</UnitMeasure>
      <BisWeighted>0</BisWeighted>
      <QtyInPackage>1</QtyInPackage>
      <ItemPrice>19.90</ItemPrice>
      <UnitOfMeasurePrice>4.23</UnitOfMeasurePrice>
      <AllowDiscount>1</AllowDiscount>
      <itemStatus>1</itemStatus>
      <LastUpdateDate />
      <LastUpdateTime />
    </Product>
    <Product>
      <PriceUpdateDate>2018/04/24 12:31</PriceUpdateDate>
      <ItemCode>7290108200232</ItemCode>
      <ItemType>1</ItemType>
      <ItemName>וניש גולד אבקה 470 גר` לבן</ItemName>
      <ManufactureName>רקיט בנקיזר (ניר איסט) בעמ</ManufactureName>
      <ManufactureCountry />
      <ManufactureItemDescription />
      <UnitQty>יח`</UnitQty>
      <Quantity>4.70</Quantity>
      <UnitMeasure>100 גרם</UnitMeasure>
      <BisWeighted>0</BisWeighted>
      <QtyInPackage>1</QtyInPackage>
      <ItemPrice>19.90</ItemPrice>
      <UnitOfMeasurePrice>4.23</UnitOfMeasurePrice>
      <AllowDiscount>1</AllowDiscount>
      <itemStatus>1</itemStatus>
      <LastUpdateDate />
      <LastUpdateTime />
    </Product>
    <Product>
      <PriceUpdateDate>2018/04/24 12:53</PriceUpdateDate>
      <ItemCode>7290108201284</ItemCode>
      <ItemType>1</ItemType>
      <ItemName>אירוויק מקלות לבנדר</ItemName>
      <ManufactureName>רקיט בנקיזר (ניר איסט) בעמ</ManufactureName>
      <ManufactureCountry />
      <ManufactureItemDescription />
      <UnitQty>יח`</UnitQty>
      <Quantity>0.30</Quantity>
      <UnitMeasure>100 מ"ל</UnitMeasure>
      <BisWeighted>0</BisWeighted>
      <QtyInPackage>1</QtyInPackage>
      <ItemPrice>25.90</ItemPrice>
      <UnitOfMeasurePrice>86.33</UnitOfMeasurePrice>
      <AllowDiscount>1</AllowDiscount>
      <itemStatus>1</itemStatus>
      <LastUpdateDate />
      <LastUpdateTime />
    </Product>
    <Product>
      <PriceUpdateDate>2018/04/24 12:53</PriceUpdateDate>
      <ItemCode>7290108201437</ItemCode>
      <ItemType>1</ItemType>
      <ItemName>קולון 101 אבקה 2.5 קג</ItemName>
      <ManufactureName>רקיט בנקיזר (ניר איסט) בעמ</ManufactureName>
      <ManufactureCountry />
      <ManufactureItemDescription />
      <UnitQty>יח`</UnitQty>
      <Quantity>1</Quantity>
      <UnitMeasure />
      <BisWeighted>0</BisWeighted>
      <QtyInPackage>1</QtyInPackage>
      <ItemPrice>24.90</ItemPrice>
      <UnitOfMeasurePrice>24.90</UnitOfMeasurePrice>
      <AllowDiscount>1</AllowDiscount>
      <itemStatus>1</itemStatus>
      <LastUpdateDate />
      <LastUpdateTime />
    </Product>
    <Product>
      <PriceUpdateDate>2018/04/24 13:13</PriceUpdateDate>
      <ItemCode>7290108201574</ItemCode>
      <ItemType>1</ItemType>
      <ItemName>וניש אבקה 1620 גר` ורוד</ItemName>
      <ManufactureName>רקיט בנקיזר (ניר איסט) בעמ</ManufactureName>
      <ManufactureCountry />
      <ManufactureItemDescription />
      <UnitQty>יח`</UnitQty>
      <Quantity>16.20</Quantity>
      <UnitMeasure>100 גרם</UnitMeasure>
      <BisWeighted>0</BisWeighted>
      <QtyInPackage>1</QtyInPackage>
      <ItemPrice>29.90</ItemPrice>
      <UnitOfMeasurePrice>1.85</UnitOfMeasurePrice>
      <AllowDiscount>0</AllowDiscount>
      <itemStatus>1</itemStatus>
      <LastUpdateDate />
      <LastUpdateTime />
    </Product>
    <Product>
      <PriceUpdateDate>2018/07/08 11:12</PriceUpdateDate>
      <ItemCode>7290108350128</ItemCode>
      <ItemType>1</ItemType>
      <ItemName>סושי- שקיות אשפה חזקות במיוחד</ItemName>
      <ManufactureName>החברה הדרומית לשיווק בעמ</ManufactureName>
      <ManufactureCountry />
      <ManufactureItemDescription />
      <UnitQty>יח`</UnitQty>
      <Quantity>1</Quantity>
      <UnitMeasure />
      <BisWeighted>0</BisWeighted>
      <QtyInPackage>1</QtyInPackage>
      <ItemPrice>24.90</ItemPrice>
      <UnitOfMeasurePrice>24.90</UnitOfMeasurePrice>
      <AllowDiscount>0</AllowDiscount>
      <itemStatus>1</itemStatus>
      <LastUpdateDate />
      <LastUpdateTime />
    </Product>
    <Product>
      <PriceUpdateDate>2019/01/07 10:57</PriceUpdateDate>
      <ItemCode>7290108350142</ItemCode>
      <ItemType>1</ItemType>
      <ItemName> סושי-שקיות רב שימושיותXXL</ItemName>
      <ManufactureName>החברה הדרומית לשיווק בעמ</ManufactureName>
      <ManufactureCountry />
      <ManufactureItemDescription />
      <UnitQty>יח`</UnitQty>
      <Quantity>1</Quantity>
      <UnitMeasure />
      <BisWeighted>0</BisWeighted>
      <QtyInPackage>1</QtyInPackage>
      <ItemPrice>13.90</ItemPrice>
      <UnitOfMeasurePrice>13.90</UnitOfMeasurePrice>
      <AllowDiscount>0</AllowDiscount>
      <itemStatus>1</itemStatus>
      <LastUpdateDate />
      <LastUpdateTime />
    </Product>
    <Product>
      <PriceUpdateDate>2018/04/24 12:45</PriceUpdateDate>
      <ItemCode>7290108350203</ItemCode>
      <ItemType>1</ItemType>
      <ItemName>כרית קרצוף עם ספוג מקציף סנו סושי (6)</ItemName>
      <ManufactureName>החברה הדרומית לשיווק בעמ</ManufactureName>
      <ManufactureCountry />
      <ManufactureItemDescription />
      <UnitQty>יח`</UnitQty>
      <Quantity>1</Quantity>
      <UnitMeasure />
      <BisWeighted>0</BisWeighted>
      <QtyInPackage>1</QtyInPackage>
      <ItemPrice>10.90</ItemPrice>
      <UnitOfMeasurePrice>10.90</UnitOfMeasurePrice>
      <AllowDiscount>1</AllowDiscount>
      <itemStatus>1</itemStatus>
      <LastUpdateDate />
      <LastUpdateTime />
    </Product>
    <Product>
      <PriceUpdateDate>2018/04/24 12:38</PriceUpdateDate>
      <ItemCode>7290108350210</ItemCode>
      <ItemType>1</ItemType>
      <ItemName>סנו סושי-שקיות אשפה XL חזקות במיוחד!</ItemName>
      <ManufactureName>החברה הדרומית לשיווק בעמ</ManufactureName>
      <ManufactureCountry />
      <ManufactureItemDescription />
      <UnitQty>יח`</UnitQty>
      <Quantity>1</Quantity>
      <UnitMeasure />
      <BisWeighted>0</BisWeighted>
      <QtyInPackage>1</QtyInPackage>
      <ItemPrice>24.90</ItemPrice>
      <UnitOfMeasurePrice>24.90</UnitOfMeasurePrice>
      <AllowDiscount>0</AllowDiscount>
      <itemStatus>1</itemStatus>
      <LastUpdateDate />
      <LastUpdateTime />
    </Product>
    <Product>
      <PriceUpdateDate>2018/12/26 10:23</PriceUpdateDate>
      <ItemCode>7290108350586</ItemCode>
      <ItemType>1</ItemType>
      <ItemName>ספארק 1.5 ליטר נוזל כלים</ItemName>
      <ManufactureName>החברה הדרומית לשיווק בעמ</ManufactureName>
      <ManufactureCountry />
      <ManufactureItemDescription />
      <UnitQty>יח`</UnitQty>
      <Quantity>15</Quantity>
      <UnitMeasure>100 מ"ל</UnitMeasure>
      <BisWeighted>0</BisWeighted>
      <QtyInPackage>1</QtyInPackage>
      <ItemPrice>14.90</ItemPrice>
      <UnitOfMeasurePrice>0.99</UnitOfMeasurePrice>
      <AllowDiscount>0</AllowDiscount>
      <itemStatus>1</itemStatus>
      <LastUpdateDate />
      <LastUpdateTime />
    </Product>
    <Product>
      <PriceUpdateDate>2018/08/02 10:17</PriceUpdateDate>
      <ItemCode>7290108350616</ItemCode>
      <ItemType>1</ItemType>
      <ItemName>סנו מקסימה מרכך 1 ליטר blue blossom</ItemName>
      <ManufactureName>החברה הדרומית לשיווק בעמ</ManufactureName>
      <ManufactureCountry />
      <ManufactureItemDescription />
      <UnitQty>יח`</UnitQty>
      <Quantity>10</Quantity>
      <UnitMeasure>100 מ"ל</UnitMeasure>
      <BisWeighted>0</BisWeighted>
      <QtyInPackage>1</QtyInPackage>
      <ItemPrice>17.90</ItemPrice>
      <UnitOfMeasurePrice>1.79</UnitOfMeasurePrice>
      <AllowDiscount>1</AllowDiscount>
      <itemStatus>1</itemStatus>
      <LastUpdateDate />
      <LastUpdateTime />
    </Product>
    <Product>
      <PriceUpdateDate>2018/08/02 10:17</PriceUpdateDate>
      <ItemCode>7290108350623</ItemCode>
      <ItemType>1</ItemType>
      <ItemName>מקסימה מרכך כביסה סופט סילק סנו (1 ליטר)</ItemName>
      <ManufactureName>החברה הדרומית לשיווק בעמ</ManufactureName>
      <ManufactureCountry />
      <ManufactureItemDescription />
      <UnitQty>יח`</UnitQty>
      <Quantity>10</Quantity>
      <UnitMeasure>100 מ"ל</UnitMeasure>
      <BisWeighted>0</BisWeighted>
      <QtyInPackage>1</QtyInPackage>
      <ItemPrice>17.90</ItemPrice>
      <UnitOfMeasurePrice>1.79</UnitOfMeasurePrice>
      <AllowDiscount>1</AllowDiscount>
      <itemStatus>1</itemStatus>
      <LastUpdateDate />
      <LastUpdateTime />
    </Product>
    <Product>
      <PriceUpdateDate>2019/01/07 10:57</PriceUpdateDate>
      <ItemCode>7290108350715</ItemCode>
      <ItemType>1</ItemType>
      <ItemName>פורטה 750 מל free</ItemName>
      <ManufactureName>החברה הדרומית לשיווק בעמ</ManufactureName>
      <ManufactureCountry />
      <ManufactureItemDescription />
      <UnitQty>יח`</UnitQty>
      <Quantity>7.50</Quantity>
      <UnitMeasure>100 מ"ל</UnitMeasure>
      <BisWeighted>0</BisWeighted>
      <QtyInPackage>1</QtyInPackage>
      <ItemPrice>16.90</ItemPrice>
      <UnitOfMeasurePrice>2.25</UnitOfMeasurePrice>
      <AllowDiscount>1</AllowDiscount>
      <itemStatus>1</itemStatus>
      <LastUpdateDate />
      <LastUpdateTime />
    </Product>
    <Product>
      <PriceUpdateDate>2018/07/25 13:20</PriceUpdateDate>
      <ItemCode>7290108350777</ItemCode>
      <ItemType>1</ItemType>
      <ItemName>אל סבון נוזלי כיף מיניונים (500x3 מל)</ItemName>
      <ManufactureName>החברה הדרומית לשיווק בעמ</ManufactureName>
      <ManufactureCountry />
      <ManufactureItemDescription />
      <UnitQty>יח`</UnitQty>
      <Quantity>1</Quantity>
      <UnitMeasure />
      <BisWeighted>0</BisWeighted>
      <QtyInPackage>1</QtyInPackage>
      <ItemPrice>19.90</ItemPrice>
      <UnitOfMeasurePrice>19.90</UnitOfMeasurePrice>
      <AllowDiscount>0</AllowDiscount>
      <itemStatus>1</itemStatus>
      <LastUpdateDate />
      <LastUpdateTime />
    </Product>
    <Product>
      <PriceUpdateDate>2018/04/24 12:51</PriceUpdateDate>
      <ItemCode>7290108351118</ItemCode>
      <ItemType>1</ItemType>
      <ItemName>K4000</ItemName>
      <ManufactureName>החברה הדרומית לשיווק בעמ</ManufactureName>
      <ManufactureCountry />
      <ManufactureItemDescription />
      <UnitQty>יח`</UnitQty>
      <Quantity>1</Quantity>
      <UnitMeasure />
      <BisWeighted>0</BisWeighted>
      <QtyInPackage>1</QtyInPackage>
      <ItemPrice>31.90</ItemPrice>
      <UnitOfMeasurePrice>31.90</UnitOfMeasurePrice>
      <AllowDiscount>0</AllowDiscount>
      <itemStatus>1</itemStatus>
      <LastUpdateDate />
      <LastUpdateTime />
    </Product>
    <Product>
      <PriceUpdateDate>2019/01/30 09:36</PriceUpdateDate>
      <ItemCode>7290108351514</ItemCode>
      <ItemType>1</ItemType>
      <ItemName>מרכך כביסה מקסימה 4 ליטר Blue Dlosson</ItemName>
      <ManufactureName>החברה הדרומית לשיווק בעמ</ManufactureName>
      <ManufactureCountry />
      <ManufactureItemDescription />
      <UnitQty>יח`</UnitQty>
      <Quantity>4</Quantity>
      <UnitMeasure>1 ליטר</UnitMeasure>
      <BisWeighted>0</BisWeighted>
      <QtyInPackage>1</QtyInPackage>
      <ItemPrice>19.90</ItemPrice>
      <UnitOfMeasurePrice>4.98</UnitOfMeasurePrice>
      <AllowDiscount>0</AllowDiscount>
      <itemStatus>1</itemStatus>
      <LastUpdateDate />
      <LastUpdateTime />
    </Product>
    <Product>
      <PriceUpdateDate>2018/07/08 11:12</PriceUpdateDate>
      <ItemCode>7290108351552</ItemCode>
      <ItemType>1</ItemType>
      <ItemName>ג`ט פלוס לניקוי כללי+חומץ 750 ל סנו</ItemName>
      <ManufactureName>החברה הדרומית לשיווק בעמ</ManufactureName>
      <ManufactureCountry />
      <ManufactureItemDescription />
      <UnitQty>יח`</UnitQty>
      <Quantity>7.50</Quantity>
      <UnitMeasure>100 מ"ל</UnitMeasure>
      <BisWeighted>0</BisWeighted>
      <QtyInPackage>1</QtyInPackage>
      <ItemPrice>14.90</ItemPrice>
      <UnitOfMeasurePrice>1.99</UnitOfMeasurePrice>
      <AllowDiscount>0</AllowDiscount>
      <itemStatus>1</itemStatus>
      <LastUpdateDate />
      <LastUpdateTime />
    </Product>
    <Product>
      <PriceUpdateDate>2018/05/24 09:28</PriceUpdateDate>
      <ItemCode>7290108351583</ItemCode>
      <ItemType>1</ItemType>
      <ItemName>ג`ט פלוס לניקוי אסלות+חומץ  750 ל סנו</ItemName>
      <ManufactureName>החברה הדרומית לשיווק בעמ</ManufactureName>
      <ManufactureCountry />
      <ManufactureItemDescription />
      <UnitQty>יח`</UnitQty>
      <Quantity>7.50</Quantity>
      <UnitMeasure>100 מ"ל</UnitMeasure>
      <BisWeighted>0</BisWeighted>
      <QtyInPackage>1</QtyInPackage>
      <ItemPrice>13.90</ItemPrice>
      <UnitOfMeasurePrice>1.85</UnitOfMeasurePrice>
      <AllowDiscount>0</AllowDiscount>
      <itemStatus>1</itemStatus>
      <LastUpdateDate />
      <LastUpdateTime />
    </Product>
    <Product>
      <PriceUpdateDate>2019/01/07 10:57</PriceUpdateDate>
      <ItemCode>7290108351606</ItemCode>
      <ItemType>1</ItemType>
      <ItemName>סנופרש הום נטול גז 350 מל הום סופט סילק</ItemName>
      <ManufactureName>החברה הדרומית לשיווק בעמ</ManufactureName>
      <ManufactureCountry />
      <ManufactureItemDescription />
      <UnitQty>יח`</UnitQty>
      <Quantity>3.50</Quantity>
      <UnitMeasure>100 מ"ל</UnitMeasure>
      <BisWeighted>0</BisWeighted>
      <QtyInPackage>1</QtyInPackage>
      <ItemPrice>14.90</ItemPrice>
      <UnitOfMeasurePrice>4.26</UnitOfMeasurePrice>
      <AllowDiscount>0</AllowDiscount>
      <itemStatus>1</itemStatus>
      <LastUpdateDate />
      <LastUpdateTime />
    </Product>
    <Product>
      <PriceUpdateDate>2019/01/30 09:36</PriceUpdateDate>
      <ItemCode>7290108351613</ItemCode>
      <ItemType>1</ItemType>
      <ItemName>ריצפז פרש הום בניחות מלון חלומי 2 ליטר</ItemName>
      <ManufactureName>החברה הדרומית לשיווק בעמ</ManufactureName>
      <ManufactureCountry />
      <ManufactureItemDescription />
      <UnitQty>יח`</UnitQty>
      <Quantity>2</Quantity>
      <UnitMeasure>1 ליטר</UnitMeasure>
      <BisWeighted>0</BisWeighted>
      <QtyInPackage>1</QtyInPackage>
      <ItemPrice>19.90</ItemPrice>
      <UnitOfMeasurePrice>9.95</UnitOfMeasurePrice>
      <AllowDiscount>0</AllowDiscount>
      <itemStatus>1</itemStatus>
      <LastUpdateDate />
      <LastUpdateTime />
    </Product>
    <Product>
      <PriceUpdateDate>2019/08/07 13:27</PriceUpdateDate>
      <ItemCode>7290108351699</ItemCode>
      <ItemType>1</ItemType>
      <ItemName>מגבונים  ג`ט+ חומץ מארז שלישייה</ItemName>
      <ManufactureName>החברה הדרומית לשיווק בעמ</ManufactureName>
      <ManufactureCountry />
      <ManufactureItemDescription />
      <UnitQty>יח`</UnitQty>
      <Quantity>1</Quantity>
      <UnitMeasure />
      <BisWeighted>0</BisWeighted>
      <QtyInPackage>1</QtyInPackage>
      <ItemPrice>20</ItemPrice>
      <UnitOfMeasurePrice>20</UnitOfMeasurePrice>
      <AllowDiscount>0</AllowDiscount>
      <itemStatus>1</itemStatus>
      <LastUpdateDate />
      <LastUpdateTime />
    </Product>
    <Product>
      <PriceUpdateDate>2019/07/23 10:35</PriceUpdateDate>
      <ItemCode>7290108351804</ItemCode>
      <ItemType>1</ItemType>
      <ItemName>סנו מקסימה סופר מרוכז (1 ליטר) - בריזה</ItemName>
      <ManufactureName>החברה הדרומית לשיווק בעמ</ManufactureName>
      <ManufactureCountry />
      <ManufactureItemDescription />
      <UnitQty>יח`</UnitQty>
      <Quantity>10</Quantity>
      <UnitMeasure>100 מ"ל</UnitMeasure>
      <BisWeighted>0</BisWeighted>
      <QtyInPackage>1</QtyInPackage>
      <ItemPrice>17.90</ItemPrice>
      <UnitOfMeasurePrice>1.79</UnitOfMeasurePrice>
      <AllowDiscount>0</AllowDiscount>
      <itemStatus>1</itemStatus>
      <LastUpdateDate />
      <LastUpdateTime />
    </Product>
    <Product>
      <PriceUpdateDate>2019/07/23 10:35</PriceUpdateDate>
      <ItemCode>7290108351811</ItemCode>
      <ItemType>1</ItemType>
      <ItemName>סנו מקסימה סופר מרוכז (1 ליטר) - פרחוני</ItemName>
      <ManufactureName>החברה הדרומית לשיווק בעמ</ManufactureName>
      <ManufactureCountry />
      <ManufactureItemDescription />
      <UnitQty>יח`</UnitQty>
      <Quantity>10</Quantity>
      <UnitMeasure>100 מ"ל</UnitMeasure>
      <BisWeighted>0</BisWeighted>
      <QtyInPackage>1</QtyInPackage>
      <ItemPrice>17.90</ItemPrice>
      <UnitOfMeasurePrice>1.79</UnitOfMeasurePrice>
      <AllowDiscount>0</AllowDiscount>
      <itemStatus>1</itemStatus>
      <LastUpdateDate />
      <LastUpdateTime />
    </Product>
    <Product>
      <PriceUpdateDate>2019/10/16 19:12</PriceUpdateDate>
      <ItemCode>7290108351897</ItemCode>
      <ItemType>1</ItemType>
      <ItemName>מגבונים בתוספת אקונומיקה JAVEL</ItemName>
      <ManufactureName>החברה הדרומית לשיווק בעמ</ManufactureName>
      <ManufactureCountry />
      <ManufactureItemDescription />
      <UnitQty>יח`</UnitQty>
      <Quantity>1</Quantity>
      <UnitMeasure />
      <BisWeighted>0</BisWeighted>
      <QtyInPackage>1</QtyInPackage>
      <ItemPrice>10.90</ItemPrice>
      <UnitOfMeasurePrice>10.90</UnitOfMeasurePrice>
      <AllowDiscount>0</AllowDiscount>
      <itemStatus>1</itemStatus>
      <LastUpdateDate />
      <LastUpdateTime />
    </Product>
    <Product>
      <PriceUpdateDate>2019/01/17 08:00</PriceUpdateDate>
      <ItemCode>7290108351910</ItemCode>
      <ItemType>1</ItemType>
      <ItemName>ספארק טבליות למדיח סנו) (30</ItemName>
      <ManufactureName>החברה הדרומית לשיווק בעמ</ManufactureName>
      <ManufactureCountry />
      <ManufactureItemDescription />
      <UnitQty>יח`</UnitQty>
      <Quantity>1</Quantity>
      <UnitMeasure />
      <BisWeighted>0</BisWeighted>
      <QtyInPackage>1</QtyInPackage>
      <ItemPrice>19.90</ItemPrice>
      <UnitOfMeasurePrice>19.90</UnitOfMeasurePrice>
      <AllowDiscount>0</AllowDiscount>
      <itemStatus>1</itemStatus>
      <LastUpdateDate />
      <LastUpdateTime />
    </Product>
    <Product>
      <PriceUpdateDate>2020/01/19 10:33</PriceUpdateDate>
      <ItemCode>7290108351958</ItemCode>
      <ItemType>1</ItemType>
      <ItemName>סבון אסלה מוצק RINGS ניחוח אוקיינוס שליש</ItemName>
      <ManufactureName>החברה הדרומית לשיווק בעמ</ManufactureName>
      <ManufactureCountry />
      <ManufactureItemDescription />
      <UnitQty>יח`</UnitQty>
      <Quantity>1</Quantity>
      <UnitMeasure />
      <BisWeighted>0</BisWeighted>
      <QtyInPackage>1</QtyInPackage>
      <ItemPrice>14.90</ItemPrice>
      <UnitOfMeasurePrice>14.90</UnitOfMeasurePrice>
      <AllowDiscount>0</AllowDiscount>
      <itemStatus>1</itemStatus>
      <LastUpdateDate />
      <LastUpdateTime />
    </Product>
    <Product>
      <PriceUpdateDate>2020/04/21 08:51</PriceUpdateDate>
      <ItemCode>7290108352009</ItemCode>
      <ItemType>1</ItemType>
      <ItemName>קפסולות ספארק למדיח</ItemName>
      <ManufactureName>החברה הדרומית לשיווק בעמ</ManufactureName>
      <ManufactureCountry />
      <ManufactureItemDescription />
      <UnitQty>יח`</UnitQty>
      <Quantity>1</Quantity>
      <UnitMeasure />
      <BisWeighted>0</BisWeighted>
      <QtyInPackage>1</QtyInPackage>
      <ItemPrice>39.90</ItemPrice>
      <UnitOfMeasurePrice>39.90</UnitOfMeasurePrice>
      <AllowDiscount>0</AllowDiscount>
      <itemStatus>1</itemStatus>
      <LastUpdateDate />
      <LastUpdateTime />
    </Product>
    <Product>
      <PriceUpdateDate>2019/12/31 07:33</PriceUpdateDate>
      <ItemCode>7290108352115</ItemCode>
      <ItemType>1</ItemType>
      <ItemName>סנובון שלישיה מוצק WAVE בתוספת אקונומיקה</ItemName>
      <ManufactureName>החברה הדרומית לשיווק בעמ</ManufactureName>
      <ManufactureCountry />
      <ManufactureItemDescription />
      <UnitQty>יח`</UnitQty>
      <Quantity>1</Quantity>
      <UnitMeasure />
      <BisWeighted>0</BisWeighted>
      <QtyInPackage>1</QtyInPackage>
      <ItemPrice>17.90</ItemPrice>
      <UnitOfMeasurePrice>17.90</UnitOfMeasurePrice>
      <AllowDiscount>0</AllowDiscount>
      <itemStatus>1</itemStatus>
      <LastUpdateDate />
      <LastUpdateTime />
    </Product>
    <Product>
      <PriceUpdateDate>2019/04/08 19:30</PriceUpdateDate>
      <ItemCode>7290108352580</ItemCode>
      <ItemType>1</ItemType>
      <ItemName>מגבוני אף דו שכבתיים סנו soft שלישייה</ItemName>
      <ManufactureName>החברה הדרומית לשיווק בעמ</ManufactureName>
      <ManufactureCountry />
      <ManufactureItemDescription />
      <UnitQty>יח`</UnitQty>
      <Quantity>1</Quantity>
      <UnitMeasure />
      <BisWeighted>0</BisWeighted>
      <QtyInPackage>1</QtyInPackage>
      <ItemPrice>9.90</ItemPrice>
      <UnitOfMeasurePrice>9.90</UnitOfMeasurePrice>
      <AllowDiscount>0</AllowDiscount>
      <itemStatus>1</itemStatus>
      <LastUpdateDate />
      <LastUpdateTime />
    </Product>
    <Product>
      <PriceUpdateDate>2019/08/26 11:49</PriceUpdateDate>
      <ItemCode>7290108352627</ItemCode>
      <ItemType>1</ItemType>
      <ItemName>מפת ניילון שקופה בגליל סנו סושי</ItemName>
      <ManufactureName>החברה הדרומית לשיווק בעמ</ManufactureName>
      <ManufactureCountry />
      <ManufactureItemDescription />
      <UnitQty>יח`</UnitQty>
      <Quantity>1</Quantity>
      <UnitMeasure />
      <BisWeighted>0</BisWeighted>
      <QtyInPackage>1</QtyInPackage>
      <ItemPrice>15.90</ItemPrice>
      <UnitOfMeasurePrice>15.90</UnitOfMeasurePrice>
      <AllowDiscount>0</AllowDiscount>
      <itemStatus>1</itemStatus>
      <LastUpdateDate />
      <LastUpdateTime />
    </Product>
    <Product>
      <PriceUpdateDate>2018/04/24 13:07</PriceUpdateDate>
      <ItemCode>7290108352641</ItemCode>
      <ItemType>1</ItemType>
      <ItemName>מטלית הפלא לניקוי כללי במארז שליישיה סנו</ItemName>
      <ManufactureName>החברה הדרומית לשיווק בעמ</ManufactureName>
      <ManufactureCountry />
      <ManufactureItemDescription />
      <UnitQty>יח`</UnitQty>
      <Quantity>1</Quantity>
      <UnitMeasure />
      <BisWeighted>0</BisWeighted>
      <QtyInPackage>1</QtyInPackage>
      <ItemPrice>14.90</ItemPrice>
      <UnitOfMeasurePrice>14.90</UnitOfMeasurePrice>
      <AllowDiscount>0</AllowDiscount>
      <itemStatus>1</itemStatus>
      <LastUpdateDate />
      <LastUpdateTime />
    </Product>
    <Product>
      <PriceUpdateDate>2018/04/24 13:07</PriceUpdateDate>
      <ItemCode>7290108352672</ItemCode>
      <ItemType>1</ItemType>
      <ItemName>מטלית הפלא לריצפה צמד במארז סנו סושי</ItemName>
      <ManufactureName>החברה הדרומית לשיווק בעמ</ManufactureName>
      <ManufactureCountry />
      <ManufactureItemDescription />
      <UnitQty>יח`</UnitQty>
      <Quantity>1</Quantity>
      <UnitMeasure />
      <BisWeighted>0</BisWeighted>
      <QtyInPackage>1</QtyInPackage>
      <ItemPrice>19.90</ItemPrice>
      <UnitOfMeasurePrice>19.90</UnitOfMeasurePrice>
      <AllowDiscount>0</AllowDiscount>
      <itemStatus>1</itemStatus>
      <LastUpdateDate />
      <LastUpdateTime />
    </Product>
    <Product>
      <PriceUpdateDate>2019/01/30 09:36</PriceUpdateDate>
      <ItemCode>7290108352788</ItemCode>
      <ItemType>1</ItemType>
      <ItemName>שקית זיפר 20 יח מידה L סנו סושי</ItemName>
      <ManufactureName>החברה הדרומית לשיווק בעמ</ManufactureName>
      <ManufactureCountry />
      <ManufactureItemDescription />
      <UnitQty>יח`</UnitQty>
      <Quantity>1</Quantity>
      <UnitMeasure />
      <BisWeighted>0</BisWeighted>
      <QtyInPackage>1</QtyInPackage>
      <ItemPrice>11.90</ItemPrice>
      <UnitOfMeasurePrice>11.90</UnitOfMeasurePrice>
      <AllowDiscount>0</AllowDiscount>
      <itemStatus>1</itemStatus>
      <LastUpdateDate />
      <LastUpdateTime />
    </Product>
    <Product>
      <PriceUpdateDate>2019/01/30 09:36</PriceUpdateDate>
      <ItemCode>7290108352795</ItemCode>
      <ItemType>1</ItemType>
      <ItemName>שקית זיפר 50 יח במידה M סנו סושי</ItemName>
      <ManufactureName>החברה הדרומית לשיווק בעמ</ManufactureName>
      <ManufactureCountry />
      <ManufactureItemDescription />
      <UnitQty>יח`</UnitQty>
      <Quantity>1</Quantity>
      <UnitMeasure />
      <BisWeighted>0</BisWeighted>
      <QtyInPackage>1</QtyInPackage>
      <ItemPrice>11.90</ItemPrice>
      <UnitOfMeasurePrice>11.90</UnitOfMeasurePrice>
      <AllowDiscount>0</AllowDiscount>
      <itemStatus>1</itemStatus>
      <LastUpdateDate />
      <LastUpdateTime />
    </Product>
    <Product>
      <PriceUpdateDate>2018/07/08 11:12</PriceUpdateDate>
      <ItemCode>7290108352801</ItemCode>
      <ItemType>1</ItemType>
      <ItemName>סושי סנו שקיות אשפה לפחים קטנים 100 יח</ItemName>
      <ManufactureName>החברה הדרומית לשיווק בעמ</ManufactureName>
      <ManufactureCountry />
      <ManufactureItemDescription />
      <UnitQty>יח`</UnitQty>
      <Quantity>1</Quantity>
      <UnitMeasure />
      <BisWeighted>0</BisWeighted>
      <QtyInPackage>1</QtyInPackage>
      <ItemPrice>19.90</ItemPrice>
      <UnitOfMeasurePrice>19.90</UnitOfMeasurePrice>
      <AllowDiscount>0</AllowDiscount>
      <itemStatus>1</itemStatus>
      <LastUpdateDate />
      <LastUpdateTime />
    </Product>
    <Product>
      <PriceUpdateDate>2018/07/23 10:22</PriceUpdateDate>
      <ItemCode>7290108352825</ItemCode>
      <ItemType>1</ItemType>
      <ItemName>ספוג הפלא נירוסטה סנו סושי</ItemName>
      <ManufactureName>החברה הדרומית לשיווק בעמ</ManufactureName>
      <ManufactureCountry />
      <ManufactureItemDescription />
      <UnitQty>יח`</UnitQty>
      <Quantity>1</Quantity>
      <UnitMeasure />
      <BisWeighted>0</BisWeighted>
      <QtyInPackage>1</QtyInPackage>
      <ItemPrice>10.90</ItemPrice>
      <UnitOfMeasurePrice>10.90</UnitOfMeasurePrice>
      <AllowDiscount>0</AllowDiscount>
      <itemStatus>1</itemStatus>
      <LastUpdateDate />
      <LastUpdateTime />
    </Product>
    <Product>
      <PriceUpdateDate>2018/10/15 09:25</PriceUpdateDate>
      <ItemCode>7290108352870</ItemCode>
      <ItemType>1</ItemType>
      <ItemName>10 שקיות צלייה XL סנו סושי</ItemName>
      <ManufactureName>החברה הדרומית לשיווק בעמ</ManufactureName>
      <ManufactureCountry />
      <ManufactureItemDescription />
      <UnitQty>יח`</UnitQty>
      <Quantity>1</Quantity>
      <UnitMeasure />
      <BisWeighted>0</BisWeighted>
      <QtyInPackage>1</QtyInPackage>
      <ItemPrice>8.90</ItemPrice>
      <UnitOfMeasurePrice>8.90</UnitOfMeasurePrice>
      <AllowDiscount>0</AllowDiscount>
      <itemStatus>1</itemStatus>
      <LastUpdateDate />
      <LastUpdateTime />
    </Product>
    <Product>
      <PriceUpdateDate>2018/11/08 07:27</PriceUpdateDate>
      <ItemCode>7290108352887</ItemCode>
      <ItemType>1</ItemType>
      <ItemName>זוג מפות שולחן לבנות 120*180 סנו</ItemName>
      <ManufactureName>החברה הדרומית לשיווק בעמ</ManufactureName>
      <ManufactureCountry />
      <ManufactureItemDescription />
      <UnitQty>יח`</UnitQty>
      <Quantity>1</Quantity>
      <UnitMeasure />
      <BisWeighted>0</BisWeighted>
      <QtyInPackage>1</QtyInPackage>
      <ItemPrice>9.90</ItemPrice>
      <UnitOfMeasurePrice>9.90</UnitOfMeasurePrice>
      <AllowDiscount>0</AllowDiscount>
      <itemStatus>1</itemStatus>
      <LastUpdateDate />
      <LastUpdateTime />
    </Product>
    <Product>
      <PriceUpdateDate>2019/02/01 07:57</PriceUpdateDate>
      <ItemCode>7290108352894</ItemCode>
      <ItemType>1</ItemType>
      <ItemName>סנו סושי מפת שולחן חגיגית</ItemName>
      <ManufactureName>החברה הדרומית לשיווק בעמ</ManufactureName>
      <ManufactureCountry />
      <ManufactureItemDescription />
      <UnitQty>יח`</UnitQty>
      <Quantity>1</Quantity>
      <UnitMeasure />
      <BisWeighted>0</BisWeighted>
      <QtyInPackage>1</QtyInPackage>
      <ItemPrice>5.90</ItemPrice>
      <UnitOfMeasurePrice>5.90</UnitOfMeasurePrice>
      <AllowDiscount>0</AllowDiscount>
      <itemStatus>1</itemStatus>
      <LastUpdateDate />
      <LastUpdateTime />
    </Product>
    <Product>
      <PriceUpdateDate>2019/05/31 09:40</PriceUpdateDate>
      <ItemCode>7290108353006</ItemCode>
      <ItemType>1</ItemType>
      <ItemName>שקיות מזון סנו סושי) (300</ItemName>
      <ManufactureName>החברה הדרומית לשיווק בעמ</ManufactureName>
      <ManufactureCountry />
      <ManufactureItemDescription />
      <UnitQty>יח`</UnitQty>
      <Quantity>1</Quantity>
      <UnitMeasure />
      <BisWeighted>0</BisWeighted>
      <QtyInPackage>1</QtyInPackage>
      <ItemPrice>11.90</ItemPrice>
      <UnitOfMeasurePrice>11.90</UnitOfMeasurePrice>
      <AllowDiscount>0</AllowDiscount>
      <itemStatus>1</itemStatus>
      <LastUpdateDate />
      <LastUpdateTime />
    </Product>
    <Product>
      <PriceUpdateDate>2019/08/07 15:05</PriceUpdateDate>
      <ItemCode>7290108353013</ItemCode>
      <ItemType>1</ItemType>
      <ItemName>5 תבניות אפייה מנייר אינגליש סנו סושי</ItemName>
      <ManufactureName>החברה הדרומית לשיווק בעמ</ManufactureName>
      <ManufactureCountry />
      <ManufactureItemDescription />
      <UnitQty>יח`</UnitQty>
      <Quantity>1</Quantity>
      <UnitMeasure />
      <BisWeighted>0</BisWeighted>
      <QtyInPackage>1</QtyInPackage>
      <ItemPrice>9.90</ItemPrice>
      <UnitOfMeasurePrice>9.90</UnitOfMeasurePrice>
      <AllowDiscount>0</AllowDiscount>
      <itemStatus>1</itemStatus>
      <LastUpdateDate />
      <LastUpdateTime />
    </Product>
    <Product>
      <PriceUpdateDate>2019/08/07 15:05</PriceUpdateDate>
      <ItemCode>7290108353020</ItemCode>
      <ItemType>1</ItemType>
      <ItemName>4 תבניות אפייה מנייר מלבנית גדולה סנו סו</ItemName>
      <ManufactureName>החברה הדרומית לשיווק בעמ</ManufactureName>
      <ManufactureCountry />
      <ManufactureItemDescription />
      <UnitQty>יח`</UnitQty>
      <Quantity>1</Quantity>
      <UnitMeasure />
      <BisWeighted>0</BisWeighted>
      <QtyInPackage>1</QtyInPackage>
      <ItemPrice>9.90</ItemPrice>
      <UnitOfMeasurePrice>9.90</UnitOfMeasurePrice>
      <AllowDiscount>0</AllowDiscount>
      <itemStatus>1</itemStatus>
      <LastUpdateDate />
      <LastUpdateTime />
    </Product>
    <Product>
      <PriceUpdateDate>2019/08/07 15:05</PriceUpdateDate>
      <ItemCode>7290108353037</ItemCode>
      <ItemType>1</ItemType>
      <ItemName>4 תבניות אפייה מנייר עגולה סנו סושי</ItemName>
      <ManufactureName>החברה הדרומית לשיווק בעמ</ManufactureName>
      <ManufactureCountry />
      <ManufactureItemDescription />
      <UnitQty>יח`</UnitQty>
      <Quantity>1</Quantity>
      <UnitMeasure />
      <BisWeighted>0</BisWeighted>
      <QtyInPackage>1</QtyInPackage>
      <ItemPrice>9.90</ItemPrice>
      <UnitOfMeasurePrice>9.90</UnitOfMeasurePrice>
      <AllowDiscount>0</AllowDiscount>
      <itemStatus>1</itemStatus>
      <LastUpdateDate />
      <LastUpdateTime />
    </Product>
    <Product>
      <PriceUpdateDate>2019/07/19 09:02</PriceUpdateDate>
      <ItemCode>7290108353068</ItemCode>
      <ItemType>1</ItemType>
      <ItemName>כרית קרצוף עם סיבי נירוסטה</ItemName>
      <ManufactureName>החברה הדרומית לשיווק בעמ</ManufactureName>
      <ManufactureCountry />
      <ManufactureItemDescription />
      <UnitQty>יח`</UnitQty>
      <Quantity>1</Quantity>
      <UnitMeasure />
      <BisWeighted>0</BisWeighted>
      <QtyInPackage>1</QtyInPackage>
      <ItemPrice>9.90</ItemPrice>
      <UnitOfMeasurePrice>9.90</UnitOfMeasurePrice>
      <AllowDiscount>0</AllowDiscount>
      <itemStatus>1</itemStatus>
      <LastUpdateDate />
      <LastUpdateTime />
    </Product>
    <Product>
      <PriceUpdateDate>2019/07/03 17:09</PriceUpdateDate>
      <ItemCode>7290108353075</ItemCode>
      <ItemType>1</ItemType>
      <ItemName>מפיות אירוח איכותיות  סנו( 50 יח)</ItemName>
      <ManufactureName>החברה הדרומית לשיווק בעמ</ManufactureName>
      <ManufactureCountry />
      <ManufactureItemDescription />
      <UnitQty>יח`</UnitQty>
      <Quantity>1</Quantity>
      <UnitMeasure />
      <BisWeighted>0</BisWeighted>
      <QtyInPackage>1</QtyInPackage>
      <ItemPrice>11.90</ItemPrice>
      <UnitOfMeasurePrice>11.90</UnitOfMeasurePrice>
      <AllowDiscount>0</AllowDiscount>
      <itemStatus>1</itemStatus>
      <LastUpdateDate />
      <LastUpdateTime />
    </Product>
    <Product>
      <PriceUpdateDate>2020/01/19 10:33</PriceUpdateDate>
      <ItemCode>7290108353082</ItemCode>
      <ItemType>1</ItemType>
      <ItemName>ממחטות אף סנו סופט קופסה) (120</ItemName>
      <ManufactureName>החברה הדרומית לשיווק בעמ</ManufactureName>
      <ManufactureCountry />
      <ManufactureItemDescription />
      <UnitQty>יח`</UnitQty>
      <Quantity>1</Quantity>
      <UnitMeasure />
      <BisWeighted>0</BisWeighted>
      <QtyInPackage>1</QtyInPackage>
      <ItemPrice>6.90</ItemPrice>
      <UnitOfMeasurePrice>6.90</UnitOfMeasurePrice>
      <AllowDiscount>0</AllowDiscount>
      <itemStatus>1</itemStatus>
      <LastUpdateDate />
      <LastUpdateTime />
    </Product>
    <Product>
      <PriceUpdateDate>2019/07/19 09:02</PriceUpdateDate>
      <ItemCode>7290108353099</ItemCode>
      <ItemType>1</ItemType>
      <ItemName>ממחטות אף סנו סופט חמישייה</ItemName>
      <ManufactureName>החברה הדרומית לשיווק בעמ</ManufactureName>
      <ManufactureCountry />
      <ManufactureItemDescription />
      <UnitQty>יח`</UnitQty>
      <Quantity>1</Quantity>
      <UnitMeasure />
      <BisWeighted>0</BisWeighted>
      <QtyInPackage>1</QtyInPackage>
      <ItemPrice>11.90</ItemPrice>
      <UnitOfMeasurePrice>11.90</UnitOfMeasurePrice>
      <AllowDiscount>0</AllowDiscount>
      <itemStatus>1</itemStatus>
      <LastUpdateDate />
      <LastUpdateTime />
    </Product>
    <Product>
      <PriceUpdateDate>2019/12/15 17:43</PriceUpdateDate>
      <ItemCode>7290108353501</ItemCode>
      <ItemType>1</ItemType>
      <ItemName>שקיות אשפה עם ידיות 25 יח סנו סושי</ItemName>
      <ManufactureName>החברה הדרומית לשיווק בעמ</ManufactureName>
      <ManufactureCountry />
      <ManufactureItemDescription />
      <UnitQty>יח`</UnitQty>
      <Quantity>1</Quantity>
      <UnitMeasure />
      <BisWeighted>0</BisWeighted>
      <QtyInPackage>1</QtyInPackage>
      <ItemPrice>19.90</ItemPrice>
      <UnitOfMeasurePrice>19.90</UnitOfMeasurePrice>
      <AllowDiscount>0</AllowDiscount>
      <itemStatus>1</itemStatus>
      <LastUpdateDate />
      <LastUpdateTime />
    </Product>
    <Product>
      <PriceUpdateDate>2020/01/03 08:42</PriceUpdateDate>
      <ItemCode>7290108353518</ItemCode>
      <ItemType>1</ItemType>
      <ItemName>סנו סושי-תבניות  אלומניום XL</ItemName>
      <ManufactureName>החברה הדרומית לשיווק בעמ</ManufactureName>
      <ManufactureCountry />
      <ManufactureItemDescription />
      <UnitQty>יח`</UnitQty>
      <Quantity>1</Quantity>
      <UnitMeasure />
      <BisWeighted>0</BisWeighted>
      <QtyInPackage>1</QtyInPackage>
      <ItemPrice>9.90</ItemPrice>
      <UnitOfMeasurePrice>9.90</UnitOfMeasurePrice>
      <AllowDiscount>0</AllowDiscount>
      <itemStatus>1</itemStatus>
      <LastUpdateDate />
      <LastUpdateTime />
    </Product>
    <Product>
      <PriceUpdateDate>2019/12/27 07:24</PriceUpdateDate>
      <ItemCode>7290108353525</ItemCode>
      <ItemType>1</ItemType>
      <ItemName>סנו סושי-תבניות  אלומניום L</ItemName>
      <ManufactureName>החברה הדרומית לשיווק בעמ</ManufactureName>
      <ManufactureCountry />
      <ManufactureItemDescription />
      <UnitQty>יח`</UnitQty>
      <Quantity>1</Quantity>
      <UnitMeasure />
      <BisWeighted>0</BisWeighted>
      <QtyInPackage>1</QtyInPackage>
      <ItemPrice>9.90</ItemPrice>
      <UnitOfMeasurePrice>9.90</UnitOfMeasurePrice>
      <AllowDiscount>0</AllowDiscount>
      <itemStatus>1</itemStatus>
      <LastUpdateDate />
      <LastUpdateTime />
    </Product>
    <Product>
      <PriceUpdateDate>2019/12/15 17:43</PriceUpdateDate>
      <ItemCode>7290108353532</ItemCode>
      <ItemType>1</ItemType>
      <ItemName>שקית אשפה בגליל 100 יח סנו סושי</ItemName>
      <ManufactureName>החברה הדרומית לשיווק בעמ</ManufactureName>
      <ManufactureCountry />
      <ManufactureItemDescription />
      <UnitQty>יח`</UnitQty>
      <Quantity>1</Quantity>
      <UnitMeasure />
      <BisWeighted>0</BisWeighted>
      <QtyInPackage>1</QtyInPackage>
      <ItemPrice>29.90</ItemPrice>
      <UnitOfMeasurePrice>29.90</UnitOfMeasurePrice>
      <AllowDiscount>0</AllowDiscount>
      <itemStatus>1</itemStatus>
      <LastUpdateDate />
      <LastUpdateTime />
    </Product>
    <Product>
      <PriceUpdateDate>2020/03/17 10:11</PriceUpdateDate>
      <ItemCode>7290108353679</ItemCode>
      <ItemType>1</ItemType>
      <ItemName>מפות ניילוון שקופות סנו סושי 10 יח</ItemName>
      <ManufactureName>החברה הדרומית לשיווק בעמ</ManufactureName>
      <ManufactureCountry />
      <ManufactureItemDescription />
      <UnitQty>יח`</UnitQty>
      <Quantity>1</Quantity>
      <UnitMeasure />
      <BisWeighted>0</BisWeighted>
      <QtyInPackage>1</QtyInPackage>
      <ItemPrice>15.90</ItemPrice>
      <UnitOfMeasurePrice>15.90</UnitOfMeasurePrice>
      <AllowDiscount>0</AllowDiscount>
      <itemStatus>1</itemStatus>
      <LastUpdateDate />
      <LastUpdateTime />
    </Product>
    <Product>
      <PriceUpdateDate>2018/04/24 12:41</PriceUpdateDate>
      <ItemCode>7290108355024</ItemCode>
      <ItemType>1</ItemType>
      <ItemName>שמפו/מרכך מיניונים נקה 7 - קידס</ItemName>
      <ManufactureName>החברה הדרומית לשיווק בעמ</ManufactureName>
      <ManufactureCountry />
      <ManufactureItemDescription />
      <UnitQty>יח`</UnitQty>
      <Quantity>7.50</Quantity>
      <UnitMeasure>100 מ"ל</UnitMeasure>
      <BisWeighted>0</BisWeighted>
      <QtyInPackage>1</QtyInPackage>
      <ItemPrice>14.90</ItemPrice>
      <UnitOfMeasurePrice>1.99</UnitOfMeasurePrice>
      <AllowDiscount>1</AllowDiscount>
      <itemStatus>1</itemStatus>
      <LastUpdateDate />
      <LastUpdateTime />
    </Product>
    <Product>
      <PriceUpdateDate>2018/04/24 12:41</PriceUpdateDate>
      <ItemCode>7290108355031</ItemCode>
      <ItemType>1</ItemType>
      <ItemName>אל סבון מיניונים נקה 7 - קידס</ItemName>
      <ManufactureName>החברה הדרומית לשיווק בעמ</ManufactureName>
      <ManufactureCountry />
      <ManufactureItemDescription />
      <UnitQty>יח`</UnitQty>
      <Quantity>7.50</Quantity>
      <UnitMeasure>100 מ"ל</UnitMeasure>
      <BisWeighted>0</BisWeighted>
      <QtyInPackage>1</QtyInPackage>
      <ItemPrice>14.90</ItemPrice>
      <UnitOfMeasurePrice>1.99</UnitOfMeasurePrice>
      <AllowDiscount>1</AllowDiscount>
      <itemStatus>1</itemStatus>
      <LastUpdateDate />
      <LastUpdateTime />
    </Product>
    <Product>
      <PriceUpdateDate>2018/11/09 07:37</PriceUpdateDate>
      <ItemCode>7290108355130</ItemCode>
      <ItemType>1</ItemType>
      <ItemName>בייבי כיף שמן גוף לפני השינה 500 מל</ItemName>
      <ManufactureName>החברה הדרומית לשיווק בעמ</ManufactureName>
      <ManufactureCountry />
      <ManufactureItemDescription />
      <UnitQty>יח`</UnitQty>
      <Quantity>5</Quantity>
      <UnitMeasure>100 מ"ל</UnitMeasure>
      <BisWeighted>0</BisWeighted>
      <QtyInPackage>1</QtyInPackage>
      <ItemPrice>24.90</ItemPrice>
      <UnitOfMeasurePrice>4.98</UnitOfMeasurePrice>
      <AllowDiscount>0</AllowDiscount>
      <itemStatus>1</itemStatus>
      <LastUpdateDate />
      <LastUpdateTime />
    </Product>
    <Product>
      <PriceUpdateDate>2018/07/09 16:58</PriceUpdateDate>
      <ItemCode>7290108355147</ItemCode>
      <ItemType>1</ItemType>
      <ItemName>תחליב רחצה שמנהי הזנה נקה  (7507 מל)</ItemName>
      <ManufactureName>החברה הדרומית לשיווק בעמ</ManufactureName>
      <ManufactureCountry />
      <ManufactureItemDescription />
      <UnitQty>יח`</UnitQty>
      <Quantity>7.50</Quantity>
      <UnitMeasure>100 מ"ל</UnitMeasure>
      <BisWeighted>0</BisWeighted>
      <QtyInPackage>1</QtyInPackage>
      <ItemPrice>11.90</ItemPrice>
      <UnitOfMeasurePrice>1.59</UnitOfMeasurePrice>
      <AllowDiscount>0</AllowDiscount>
      <itemStatus>1</itemStatus>
      <LastUpdateDate />
      <LastUpdateTime />
    </Product>
    <Product>
      <PriceUpdateDate>2019/04/08 19:30</PriceUpdateDate>
      <ItemCode>7290108355185</ItemCode>
      <ItemType>1</ItemType>
      <ItemName>מסכת קרטין אינטנס למניעת קשקשים</ItemName>
      <ManufactureName>החברה הדרומית לשיווק בעמ</ManufactureName>
      <ManufactureCountry />
      <ManufactureItemDescription />
      <UnitQty>יח`</UnitQty>
      <Quantity>3.50</Quantity>
      <UnitMeasure>100 מ"ל</UnitMeasure>
      <BisWeighted>0</BisWeighted>
      <QtyInPackage>1</QtyInPackage>
      <ItemPrice>39.90</ItemPrice>
      <UnitOfMeasurePrice>11.40</UnitOfMeasurePrice>
      <AllowDiscount>0</AllowDiscount>
      <itemStatus>1</itemStatus>
      <LastUpdateDate />
      <LastUpdateTime />
    </Product>
    <Product>
      <PriceUpdateDate>2018/04/24 13:12</PriceUpdateDate>
      <ItemCode>7290108355208</ItemCode>
      <ItemType>1</ItemType>
      <ItemName>שמפו קרטין אינטנס למניעת קשקשים(410מל)</ItemName>
      <ManufactureName>החברה הדרומית לשיווק בעמ</ManufactureName>
      <ManufactureCountry />
      <ManufactureItemDescription />
      <UnitQty>יח`</UnitQty>
      <Quantity>4.10</Quantity>
      <UnitMeasure>100 מ"ל</UnitMeasure>
      <BisWeighted>0</BisWeighted>
      <QtyInPackage>1</QtyInPackage>
      <ItemPrice>29.90</ItemPrice>
      <UnitOfMeasurePrice>7.29</UnitOfMeasurePrice>
      <AllowDiscount>0</AllowDiscount>
      <itemStatus>1</itemStatus>
      <LastUpdateDate />
      <LastUpdateTime />
    </Product>
    <Product>
      <PriceUpdateDate>2019/06/20 09:35</PriceUpdateDate>
      <ItemCode>7290108355307</ItemCode>
      <ItemType>1</ItemType>
      <ItemName>נקה 7 שמפו 750 מל סירוק קל</ItemName>
      <ManufactureName>החברה הדרומית לשיווק בעמ</ManufactureName>
      <ManufactureCountry />
      <ManufactureItemDescription />
      <UnitQty>יח`</UnitQty>
      <Quantity>7.50</Quantity>
      <UnitMeasure>100 מ"ל</UnitMeasure>
      <BisWeighted>0</BisWeighted>
      <QtyInPackage>1</QtyInPackage>
      <ItemPrice>12.90</ItemPrice>
      <UnitOfMeasurePrice>1.72</UnitOfMeasurePrice>
      <AllowDiscount>0</AllowDiscount>
      <itemStatus>1</itemStatus>
      <LastUpdateDate />
      <LastUpdateTime />
    </Product>
    <Product>
      <PriceUpdateDate>2019/07/19 09:02</PriceUpdateDate>
      <ItemCode>7290108355628</ItemCode>
      <ItemType>1</ItemType>
      <ItemName>קרליין פיור אסנס מרכך לשיקום שיער יבש ו</ItemName>
      <ManufactureName>החברה הדרומית לשיווק בעמ</ManufactureName>
      <ManufactureCountry />
      <ManufactureItemDescription />
      <UnitQty>יח`</UnitQty>
      <Quantity>6</Quantity>
      <UnitMeasure>100 מ"ל</UnitMeasure>
      <BisWeighted>0</BisWeighted>
      <QtyInPackage>1</QtyInPackage>
      <ItemPrice>14.90</ItemPrice>
      <UnitOfMeasurePrice>2.48</UnitOfMeasurePrice>
      <AllowDiscount>0</AllowDiscount>
      <itemStatus>1</itemStatus>
      <LastUpdateDate />
      <LastUpdateTime />
    </Product>
    <Product>
      <PriceUpdateDate>2019/07/19 09:02</PriceUpdateDate>
      <ItemCode>7290108355635</ItemCode>
      <ItemType>1</ItemType>
      <ItemName>קרליין פיור אסנס מסכה לשיער צבוע</ItemName>
      <ManufactureName>החברה הדרומית לשיווק בעמ</ManufactureName>
      <ManufactureCountry />
      <ManufactureItemDescription />
      <UnitQty>יח`</UnitQty>
      <Quantity>3</Quantity>
      <UnitMeasure>100 מ"ל</UnitMeasure>
      <BisWeighted>0</BisWeighted>
      <QtyInPackage>1</QtyInPackage>
      <ItemPrice>24.90</ItemPrice>
      <UnitOfMeasurePrice>8.30</UnitOfMeasurePrice>
      <AllowDiscount>0</AllowDiscount>
      <itemStatus>1</itemStatus>
      <LastUpdateDate />
      <LastUpdateTime />
    </Product>
    <Product>
      <PriceUpdateDate>2019/07/19 09:02</PriceUpdateDate>
      <ItemCode>7290108355642</ItemCode>
      <ItemType>1</ItemType>
      <ItemName>קרליין פיור אסנס שמפו לשיער צבוע</ItemName>
      <ManufactureName>החברה הדרומית לשיווק בעמ</ManufactureName>
      <ManufactureCountry />
      <ManufactureItemDescription />
      <UnitQty>יח`</UnitQty>
      <Quantity>6</Quantity>
      <UnitMeasure>100 מ"ל</UnitMeasure>
      <BisWeighted>0</BisWeighted>
      <QtyInPackage>1</QtyInPackage>
      <ItemPrice>14.90</ItemPrice>
      <UnitOfMeasurePrice>2.48</UnitOfMeasurePrice>
      <AllowDiscount>0</AllowDiscount>
      <itemStatus>1</itemStatus>
      <LastUpdateDate />
      <LastUpdateTime />
    </Product>
    <Product>
      <PriceUpdateDate>2018/12/07 09:02</PriceUpdateDate>
      <ItemCode>7290108356007</ItemCode>
      <ItemType>1</ItemType>
      <ItemName>תחליב רחצה כיף בניחוח גלידת מרשמלו 700</ItemName>
      <ManufactureName>החברה הדרומית לשיווק בעמ</ManufactureName>
      <ManufactureCountry />
      <ManufactureItemDescription />
      <UnitQty>יח`</UnitQty>
      <Quantity>7</Quantity>
      <UnitMeasure>100 מ"ל</UnitMeasure>
      <BisWeighted>0</BisWeighted>
      <QtyInPackage>1</QtyInPackage>
      <ItemPrice>12.90</ItemPrice>
      <UnitOfMeasurePrice>1.84</UnitOfMeasurePrice>
      <AllowDiscount>0</AllowDiscount>
      <itemStatus>1</itemStatus>
      <LastUpdateDate />
      <LastUpdateTime />
    </Product>
    <Product>
      <PriceUpdateDate>2019/07/23 10:35</PriceUpdateDate>
      <ItemCode>7290108356014</ItemCode>
      <ItemType>1</ItemType>
      <ItemName>תחליב רחצה כיף מסקרפונה ופירות 700</ItemName>
      <ManufactureName>החברה הדרומית לשיווק בעמ</ManufactureName>
      <ManufactureCountry />
      <ManufactureItemDescription />
      <UnitQty>יח`</UnitQty>
      <Quantity>7</Quantity>
      <UnitMeasure>100 מ"ל</UnitMeasure>
      <BisWeighted>0</BisWeighted>
      <QtyInPackage>1</QtyInPackage>
      <ItemPrice>12.90</ItemPrice>
      <UnitOfMeasurePrice>1.84</UnitOfMeasurePrice>
      <AllowDiscount>0</AllowDiscount>
      <itemStatus>1</itemStatus>
      <LastUpdateDate />
      <LastUpdateTime />
    </Product>
    <Product>
      <PriceUpdateDate>2018/12/07 09:02</PriceUpdateDate>
      <ItemCode>7290108356021</ItemCode>
      <ItemType>1</ItemType>
      <ItemName>תחליב רחצה כיף בניחוח קרם עוגיות 700</ItemName>
      <ManufactureName>החברה הדרומית לשיווק בעמ</ManufactureName>
      <ManufactureCountry />
      <ManufactureItemDescription />
      <UnitQty>יח`</UnitQty>
      <Quantity>7</Quantity>
      <UnitMeasure>100 מ"ל</UnitMeasure>
      <BisWeighted>0</BisWeighted>
      <QtyInPackage>1</QtyInPackage>
      <ItemPrice>12.90</ItemPrice>
      <UnitOfMeasurePrice>1.84</UnitOfMeasurePrice>
      <AllowDiscount>0</AllowDiscount>
      <itemStatus>1</itemStatus>
      <LastUpdateDate />
      <LastUpdateTime />
    </Product>
    <Product>
      <PriceUpdateDate>2019/05/31 09:40</PriceUpdateDate>
      <ItemCode>7290108356052</ItemCode>
      <ItemType>1</ItemType>
      <ItemName>תחליב רחצה כיף בניחוח מנטה קפואה 700</ItemName>
      <ManufactureName>החברה הדרומית לשיווק בעמ</ManufactureName>
      <ManufactureCountry />
      <ManufactureItemDescription />
      <UnitQty>יח`</UnitQty>
      <Quantity>7</Quantity>
      <UnitMeasure>100 מ"ל</UnitMeasure>
      <BisWeighted>0</BisWeighted>
      <QtyInPackage>1</QtyInPackage>
      <ItemPrice>12.90</ItemPrice>
      <UnitOfMeasurePrice>1.84</UnitOfMeasurePrice>
      <AllowDiscount>0</AllowDiscount>
      <itemStatus>1</itemStatus>
      <LastUpdateDate />
      <LastUpdateTime />
    </Product>
    <Product>
      <PriceUpdateDate>2019/05/31 09:40</PriceUpdateDate>
      <ItemCode>7290108356083</ItemCode>
      <ItemType>1</ItemType>
      <ItemName>תחליב רחצה כיף בניחוח סורבה מנגו 700</ItemName>
      <ManufactureName>החברה הדרומית לשיווק בעמ</ManufactureName>
      <ManufactureCountry />
      <ManufactureItemDescription />
      <UnitQty>יח`</UnitQty>
      <Quantity>7</Quantity>
      <UnitMeasure>100 מ"ל</UnitMeasure>
      <BisWeighted>0</BisWeighted>
      <QtyInPackage>1</QtyInPackage>
      <ItemPrice>12.90</ItemPrice>
      <UnitOfMeasurePrice>1.84</UnitOfMeasurePrice>
      <AllowDiscount>0</AllowDiscount>
      <itemStatus>1</itemStatus>
      <LastUpdateDate />
      <LastUpdateTime />
    </Product>
    <Product>
      <PriceUpdateDate>2018/12/07 09:02</PriceUpdateDate>
      <ItemCode>7290108356106</ItemCode>
      <ItemType>1</ItemType>
      <ItemName>תחליב רחצה כיף ניחוח שקד 700 מל</ItemName>
      <ManufactureName>החברה הדרומית לשיווק בעמ</ManufactureName>
      <ManufactureCountry />
      <ManufactureItemDescription />
      <UnitQty>יח`</UnitQty>
      <Quantity>7</Quantity>
      <UnitMeasure>100 מ"ל</UnitMeasure>
      <BisWeighted>0</BisWeighted>
      <QtyInPackage>1</QtyInPackage>
      <ItemPrice>12.90</ItemPrice>
      <UnitOfMeasurePrice>1.84</UnitOfMeasurePrice>
      <AllowDiscount>1</AllowDiscount>
      <itemStatus>1</itemStatus>
      <LastUpdateDate />
      <LastUpdateTime />
    </Product>
    <Product>
      <PriceUpdateDate>2018/12/07 09:02</PriceUpdateDate>
      <ItemCode>7290108356113</ItemCode>
      <ItemType>1</ItemType>
      <ItemName>תחליב רחצה כיף ניחוח דבש 700 מל</ItemName>
      <ManufactureName>החברה הדרומית לשיווק בעמ</ManufactureName>
      <ManufactureCountry />
      <ManufactureItemDescription />
      <UnitQty>יח`</UnitQty>
      <Quantity>7</Quantity>
      <UnitMeasure>100 מ"ל</UnitMeasure>
      <BisWeighted>0</BisWeighted>
      <QtyInPackage>1</QtyInPackage>
      <ItemPrice>12.90</ItemPrice>
      <UnitOfMeasurePrice>1.84</UnitOfMeasurePrice>
      <AllowDiscount>1</AllowDiscount>
      <itemStatus>1</itemStatus>
      <LastUpdateDate />
      <LastUpdateTime />
    </Product>
    <Product>
      <PriceUpdateDate>2018/12/07 09:02</PriceUpdateDate>
      <ItemCode>7290108356120</ItemCode>
      <ItemType>1</ItemType>
      <ItemName>תחליב רחצה כיף ניחוח קוקוס וניל 700 מל</ItemName>
      <ManufactureName>החברה הדרומית לשיווק בעמ</ManufactureName>
      <ManufactureCountry />
      <ManufactureItemDescription />
      <UnitQty>יח`</UnitQty>
      <Quantity>7</Quantity>
      <UnitMeasure>100 מ"ל</UnitMeasure>
      <BisWeighted>0</BisWeighted>
      <QtyInPackage>1</QtyInPackage>
      <ItemPrice>12.90</ItemPrice>
      <UnitOfMeasurePrice>1.84</UnitOfMeasurePrice>
      <AllowDiscount>1</AllowDiscount>
      <itemStatus>1</itemStatus>
      <LastUpdateDate />
      <LastUpdateTime />
    </Product>
    <Product>
      <PriceUpdateDate>2020/05/01 10:50</PriceUpdateDate>
      <ItemCode>7290108356144</ItemCode>
      <ItemType>1</ItemType>
      <ItemName>תחליב רחצה כיף בניחוח שמן אמבר וגרדניה 7</ItemName>
      <ManufactureName>החברה הדרומית לשיווק בעמ</ManufactureName>
      <ManufactureCountry />
      <ManufactureItemDescription />
      <UnitQty>יח`</UnitQty>
      <Quantity>7</Quantity>
      <UnitMeasure>100 מ"ל</UnitMeasure>
      <BisWeighted>0</BisWeighted>
      <QtyInPackage>1</QtyInPackage>
      <ItemPrice>12.90</ItemPrice>
      <UnitOfMeasurePrice>1.84</UnitOfMeasurePrice>
      <AllowDiscount>0</AllowDiscount>
      <itemStatus>1</itemStatus>
      <LastUpdateDate />
      <LastUpdateTime />
    </Product>
    <Product>
      <PriceUpdateDate>2018/12/07 09:02</PriceUpdateDate>
      <ItemCode>7290108356151</ItemCode>
      <ItemType>1</ItemType>
      <ItemName>תחליב רחצה כיף ניחוח מאסק יסמין 700 מל</ItemName>
      <ManufactureName>החברה הדרומית לשיווק בעמ</ManufactureName>
      <ManufactureCountry />
      <ManufactureItemDescription />
      <UnitQty>יח`</UnitQty>
      <Quantity>7</Quantity>
      <UnitMeasure>100 מ"ל</UnitMeasure>
      <BisWeighted>0</BisWeighted>
      <QtyInPackage>1</QtyInPackage>
      <ItemPrice>12.90</ItemPrice>
      <UnitOfMeasurePrice>1.84</UnitOfMeasurePrice>
      <AllowDiscount>1</AllowDiscount>
      <itemStatus>1</itemStatus>
      <LastUpdateDate />
      <LastUpdateTime />
    </Product>
    <Product>
      <PriceUpdateDate>2018/12/07 09:02</PriceUpdateDate>
      <ItemCode>7290108356168</ItemCode>
      <ItemType>1</ItemType>
      <ItemName>תחליב רחצה כיף ניחוח אוקיינס 700 מל</ItemName>
      <ManufactureName>החברה הדרומית לשיווק בעמ</ManufactureName>
      <ManufactureCountry />
      <ManufactureItemDescription />
      <UnitQty>יח`</UnitQty>
      <Quantity>7</Quantity>
      <UnitMeasure>100 מ"ל</UnitMeasure>
      <BisWeighted>0</BisWeighted>
      <QtyInPackage>1</QtyInPackage>
      <ItemPrice>12.90</ItemPrice>
      <UnitOfMeasurePrice>1.84</UnitOfMeasurePrice>
      <AllowDiscount>1</AllowDiscount>
      <itemStatus>1</itemStatus>
      <LastUpdateDate />
      <LastUpdateTime />
    </Product>
    <Product>
      <PriceUpdateDate>2020/05/01 10:50</PriceUpdateDate>
      <ItemCode>7290108356281</ItemCode>
      <ItemType>1</ItemType>
      <ItemName>תחליב רחצה כיף בניחוח אננס וקוקס 700</ItemName>
      <ManufactureName>החברה הדרומית לשיווק בעמ</ManufactureName>
      <ManufactureCountry />
      <ManufactureItemDescription />
      <UnitQty>יח`</UnitQty>
      <Quantity>7</Quantity>
      <UnitMeasure>100 מ"ל</UnitMeasure>
      <BisWeighted>0</BisWeighted>
      <QtyInPackage>1</QtyInPackage>
      <ItemPrice>12.90</ItemPrice>
      <UnitOfMeasurePrice>1.84</UnitOfMeasurePrice>
      <AllowDiscount>0</AllowDiscount>
      <itemStatus>1</itemStatus>
      <LastUpdateDate />
      <LastUpdateTime />
    </Product>
    <Product>
      <PriceUpdateDate>2020/05/01 10:50</PriceUpdateDate>
      <ItemCode>7290108356304</ItemCode>
      <ItemType>1</ItemType>
      <ItemName>תחליב רחצה בניחוח וטיבר ומלח ים 700</ItemName>
      <ManufactureName>החברה הדרומית לשיווק בעמ</ManufactureName>
      <ManufactureCountry />
      <ManufactureItemDescription />
      <UnitQty>יח`</UnitQty>
      <Quantity>7</Quantity>
      <UnitMeasure>100 מ"ל</UnitMeasure>
      <BisWeighted>0</BisWeighted>
      <QtyInPackage>1</QtyInPackage>
      <ItemPrice>12.90</ItemPrice>
      <UnitOfMeasurePrice>1.84</UnitOfMeasurePrice>
      <AllowDiscount>0</AllowDiscount>
      <itemStatus>1</itemStatus>
      <LastUpdateDate />
      <LastUpdateTime />
    </Product>
    <Product>
      <PriceUpdateDate>2020/05/01 10:50</PriceUpdateDate>
      <ItemCode>7290108356328</ItemCode>
      <ItemType>1</ItemType>
      <ItemName>תחליב רחצה כיף בניחוח ברגמוט ונרולי 700</ItemName>
      <ManufactureName>החברה הדרומית לשיווק בעמ</ManufactureName>
      <ManufactureCountry />
      <ManufactureItemDescription />
      <UnitQty>יח`</UnitQty>
      <Quantity>7</Quantity>
      <UnitMeasure>100 מ"ל</UnitMeasure>
      <BisWeighted>0</BisWeighted>
      <QtyInPackage>1</QtyInPackage>
      <ItemPrice>12.90</ItemPrice>
      <UnitOfMeasurePrice>1.84</UnitOfMeasurePrice>
      <AllowDiscount>0</AllowDiscount>
      <itemStatus>1</itemStatus>
      <LastUpdateDate />
      <LastUpdateTime />
    </Product>
    <Product>
      <PriceUpdateDate>2019/12/16 09:15</PriceUpdateDate>
      <ItemCode>7290108357011</ItemCode>
      <ItemType>1</ItemType>
      <ItemName>כיף מרכך ורד ושמן קוקוי 700</ItemName>
      <ManufactureName>החברה הדרומית לשיווק בעמ</ManufactureName>
      <ManufactureCountry />
      <ManufactureItemDescription />
      <UnitQty>יח`</UnitQty>
      <Quantity>7</Quantity>
      <UnitMeasure>100 מ"ל</UnitMeasure>
      <BisWeighted>0</BisWeighted>
      <QtyInPackage>1</QtyInPackage>
      <ItemPrice>12.90</ItemPrice>
      <UnitOfMeasurePrice>1.84</UnitOfMeasurePrice>
      <AllowDiscount>0</AllowDiscount>
      <itemStatus>1</itemStatus>
      <LastUpdateDate />
      <LastUpdateTime />
    </Product>
    <Product>
      <PriceUpdateDate>2019/12/16 09:15</PriceUpdateDate>
      <ItemCode>7290108357028</ItemCode>
      <ItemType>1</ItemType>
      <ItemName>כיף תחליב רחצה ורד ושמן קוקוי 700</ItemName>
      <ManufactureName>החברה הדרומית לשיווק בעמ</ManufactureName>
      <ManufactureCountry />
      <ManufactureItemDescription />
      <UnitQty>יח`</UnitQty>
      <Quantity>7</Quantity>
      <UnitMeasure>100 מ"ל</UnitMeasure>
      <BisWeighted>0</BisWeighted>
      <QtyInPackage>1</QtyInPackage>
      <ItemPrice>12.90</ItemPrice>
      <UnitOfMeasurePrice>1.84</UnitOfMeasurePrice>
      <AllowDiscount>0</AllowDiscount>
      <itemStatus>1</itemStatus>
      <LastUpdateDate />
      <LastUpdateTime />
    </Product>
    <Product>
      <PriceUpdateDate>2020/01/21 07:10</PriceUpdateDate>
      <ItemCode>7290108357189</ItemCode>
      <ItemType>1</ItemType>
      <ItemName>סנו מקסימה למייבש 750 מל</ItemName>
      <ManufactureName>החברה הדרומית לשיווק בעמ</ManufactureName>
      <ManufactureCountry />
      <ManufactureItemDescription />
      <UnitQty>יח`</UnitQty>
      <Quantity>7.50</Quantity>
      <UnitMeasure>100 מ"ל</UnitMeasure>
      <BisWeighted>0</BisWeighted>
      <QtyInPackage>1</QtyInPackage>
      <ItemPrice>19.90</ItemPrice>
      <UnitOfMeasurePrice>2.65</UnitOfMeasurePrice>
      <AllowDiscount>0</AllowDiscount>
      <itemStatus>1</itemStatus>
      <LastUpdateDate />
      <LastUpdateTime />
    </Product>
    <Product>
      <PriceUpdateDate>2019/02/18 11:15</PriceUpdateDate>
      <ItemCode>7290108357776</ItemCode>
      <ItemType>1</ItemType>
      <ItemName>כיף מרכך לשיער רגיל יבש רימונים ושמן ארג</ItemName>
      <ManufactureName>החברה הדרומית לשיווק בעמ</ManufactureName>
      <ManufactureCountry />
      <ManufactureItemDescription />
      <UnitQty>יח`</UnitQty>
      <Quantity>7</Quantity>
      <UnitMeasure>100 מ"ל</UnitMeasure>
      <BisWeighted>0</BisWeighted>
      <QtyInPackage>1</QtyInPackage>
      <ItemPrice>12.90</ItemPrice>
      <UnitOfMeasurePrice>1.84</UnitOfMeasurePrice>
      <AllowDiscount>1</AllowDiscount>
      <itemStatus>1</itemStatus>
      <LastUpdateDate />
      <LastUpdateTime />
    </Product>
    <Product>
      <PriceUpdateDate>2019/02/18 11:15</PriceUpdateDate>
      <ItemCode>7290108357783</ItemCode>
      <ItemType>1</ItemType>
      <ItemName>כיף מרכך לשיער דק ושביר 700</ItemName>
      <ManufactureName>החברה הדרומית לשיווק בעמ</ManufactureName>
      <ManufactureCountry />
      <ManufactureItemDescription />
      <UnitQty>יח`</UnitQty>
      <Quantity>7</Quantity>
      <UnitMeasure>100 מ"ל</UnitMeasure>
      <BisWeighted>0</BisWeighted>
      <QtyInPackage>1</QtyInPackage>
      <ItemPrice>12.90</ItemPrice>
      <UnitOfMeasurePrice>1.84</UnitOfMeasurePrice>
      <AllowDiscount>1</AllowDiscount>
      <itemStatus>1</itemStatus>
      <LastUpdateDate />
      <LastUpdateTime />
    </Product>
    <Product>
      <PriceUpdateDate>2019/02/18 11:15</PriceUpdateDate>
      <ItemCode>7290108357806</ItemCode>
      <ItemType>1</ItemType>
      <ItemName>כיף מרכך לשיער מעוצב קרטין וחמאת שיאה 70</ItemName>
      <ManufactureName>החברה הדרומית לשיווק בעמ</ManufactureName>
      <ManufactureCountry />
      <ManufactureItemDescription />
      <UnitQty>יח`</UnitQty>
      <Quantity>7</Quantity>
      <UnitMeasure>100 מ"ל</UnitMeasure>
      <BisWeighted>0</BisWeighted>
      <QtyInPackage>1</QtyInPackage>
      <ItemPrice>12.90</ItemPrice>
      <UnitOfMeasurePrice>1.84</UnitOfMeasurePrice>
      <AllowDiscount>1</AllowDiscount>
      <itemStatus>1</itemStatus>
      <LastUpdateDate />
      <LastUpdateTime />
    </Product>
    <Product>
      <PriceUpdateDate>2018/12/16 13:00</PriceUpdateDate>
      <ItemCode>7290108359831</ItemCode>
      <ItemType>1</ItemType>
      <ItemName>בייבי שמן לתינוק לעור עדין כיף (500 מל)</ItemName>
      <ManufactureName>החברה הדרומית לשיווק בעמ</ManufactureName>
      <ManufactureCountry />
      <ManufactureItemDescription />
      <UnitQty>יח`</UnitQty>
      <Quantity>5</Quantity>
      <UnitMeasure>100 מ"ל</UnitMeasure>
      <BisWeighted>0</BisWeighted>
      <QtyInPackage>1</QtyInPackage>
      <ItemPrice>24.90</ItemPrice>
      <UnitOfMeasurePrice>4.98</UnitOfMeasurePrice>
      <AllowDiscount>0</AllowDiscount>
      <itemStatus>1</itemStatus>
      <LastUpdateDate />
      <LastUpdateTime />
    </Product>
    <Product>
      <PriceUpdateDate>2018/12/05 11:11</PriceUpdateDate>
      <ItemCode>7290108359886</ItemCode>
      <ItemType>1</ItemType>
      <ItemName>בייבי כיף תחליב רחצה 1 ליטר</ItemName>
      <ManufactureName>החברה הדרומית לשיווק בעמ</ManufactureName>
      <ManufactureCountry />
      <ManufactureItemDescription />
      <UnitQty>יח`</UnitQty>
      <Quantity>1</Quantity>
      <UnitMeasure>1 ליטר</UnitMeasure>
      <BisWeighted>0</BisWeighted>
      <QtyInPackage>1</QtyInPackage>
      <ItemPrice>22.90</ItemPrice>
      <UnitOfMeasurePrice>22.90</UnitOfMeasurePrice>
      <AllowDiscount>0</AllowDiscount>
      <itemStatus>1</itemStatus>
      <LastUpdateDate />
      <LastUpdateTime />
    </Product>
    <Product>
      <PriceUpdateDate>2018/12/16 13:00</PriceUpdateDate>
      <ItemCode>7290108359893</ItemCode>
      <ItemType>1</ItemType>
      <ItemName>בייבי כיף תחליב רחצה 750 מל</ItemName>
      <ManufactureName>החברה הדרומית לשיווק בעמ</ManufactureName>
      <ManufactureCountry />
      <ManufactureItemDescription />
      <UnitQty>יח`</UnitQty>
      <Quantity>7.50</Quantity>
      <UnitMeasure>100 מ"ל</UnitMeasure>
      <BisWeighted>0</BisWeighted>
      <QtyInPackage>1</QtyInPackage>
      <ItemPrice>17.90</ItemPrice>
      <UnitOfMeasurePrice>2.39</UnitOfMeasurePrice>
      <AllowDiscount>0</AllowDiscount>
      <itemStatus>1</itemStatus>
      <LastUpdateDate />
      <LastUpdateTime />
    </Product>
    <Product>
      <PriceUpdateDate>2019/12/15 17:43</PriceUpdateDate>
      <ItemCode>7290108359961</ItemCode>
      <ItemType>1</ItemType>
      <ItemName>שלישיית משחת שיניים 145  גר`אורביטול pro</ItemName>
      <ManufactureName>החברה הדרומית לשיווק בעמ</ManufactureName>
      <ManufactureCountry />
      <ManufactureItemDescription />
      <UnitQty>יח`</UnitQty>
      <Quantity>1.45</Quantity>
      <UnitMeasure>100 גרם</UnitMeasure>
      <BisWeighted>0</BisWeighted>
      <QtyInPackage>1</QtyInPackage>
      <ItemPrice>21.90</ItemPrice>
      <UnitOfMeasurePrice>15.10</UnitOfMeasurePrice>
      <AllowDiscount>0</AllowDiscount>
      <itemStatus>1</itemStatus>
      <LastUpdateDate />
      <LastUpdateTime />
    </Product>
    <Product>
      <PriceUpdateDate>2018/04/24 13:05</PriceUpdateDate>
      <ItemCode>7290108501346</ItemCode>
      <ItemType>1</ItemType>
      <ItemName>גבינת גאודה מגורדת 500 גר` 28% שומן הולנ</ItemName>
      <ManufactureName>ג.וילי-פוד אינטרנשיונל בעמ</ManufactureName>
      <ManufactureCountry />
      <ManufactureItemDescription />
      <UnitQty>יח`</UnitQty>
      <Quantity>5</Quantity>
      <UnitMeasure>100 גרם</UnitMeasure>
      <BisWeighted>0</BisWeighted>
      <QtyInPackage>1</QtyInPackage>
      <ItemPrice>26.90</ItemPrice>
      <UnitOfMeasurePrice>5.38</UnitOfMeasurePrice>
      <AllowDiscount>1</AllowDiscount>
      <itemStatus>1</itemStatus>
      <LastUpdateDate />
      <LastUpdateTime />
    </Product>
    <Product>
      <PriceUpdateDate>2018/04/24 13:15</PriceUpdateDate>
      <ItemCode>7290108501353</ItemCode>
      <ItemType>1</ItemType>
      <ItemName>אנשובי ארוך אמיתי בשמן 45  גר`וילי פוד</ItemName>
      <ManufactureName>ג.וילי-פוד אינטרנשיונל בעמ</ManufactureName>
      <ManufactureCountry />
      <ManufactureItemDescription />
      <UnitQty>יח`</UnitQty>
      <Quantity>0</Quantity>
      <UnitMeasure>100 גרם</UnitMeasure>
      <BisWeighted>0</BisWeighted>
      <QtyInPackage>1</QtyInPackage>
      <ItemPrice>6.90</ItemPrice>
      <UnitOfMeasurePrice>6.90</UnitOfMeasurePrice>
      <AllowDiscount>0</AllowDiscount>
      <itemStatus>1</itemStatus>
      <LastUpdateDate />
      <LastUpdateTime />
    </Product>
    <Product>
      <PriceUpdateDate>2018/08/13 09:39</PriceUpdateDate>
      <ItemCode>7290108501407</ItemCode>
      <ItemType>1</ItemType>
      <ItemName>גבינת צ`דר מיושנת 200  גר`VINTAGE</ItemName>
      <ManufactureName>ג.וילי-פוד אינטרנשיונל בעמ</ManufactureName>
      <ManufactureCountry />
      <ManufactureItemDescription />
      <UnitQty>יח`</UnitQty>
      <Quantity>2</Quantity>
      <UnitMeasure>100 גרם</UnitMeasure>
      <BisWeighted>0</BisWeighted>
      <QtyInPackage>1</QtyInPackage>
      <ItemPrice>19.90</ItemPrice>
      <UnitOfMeasurePrice>9.95</UnitOfMeasurePrice>
      <AllowDiscount>0</AllowDiscount>
      <itemStatus>1</itemStatus>
      <LastUpdateDate />
      <LastUpdateTime />
    </Product>
    <Product>
      <PriceUpdateDate>2018/04/24 13:18</PriceUpdateDate>
      <ItemCode>7290108501506</ItemCode>
      <ItemType>1</ItemType>
      <ItemName>גבינת חלומי 200 גר` SAY CHEESE וילי פוד</ItemName>
      <ManufactureName>ג.וילי-פוד אינטרנשיונל בעמ</ManufactureName>
      <ManufactureCountry />
      <ManufactureItemDescription />
      <UnitQty>יח`</UnitQty>
      <Quantity>2</Quantity>
      <UnitMeasure>100 גרם</UnitMeasure>
      <BisWeighted>0</BisWeighted>
      <QtyInPackage>1</QtyInPackage>
      <ItemPrice>24.90</ItemPrice>
      <UnitOfMeasurePrice>12.45</UnitOfMeasurePrice>
      <AllowDiscount>1</AllowDiscount>
      <itemStatus>1</itemStatus>
      <LastUpdateDate />
      <LastUpdateTime />
    </Product>
    <Product>
      <PriceUpdateDate>2019/09/02 10:53</PriceUpdateDate>
      <ItemCode>7290108501766</ItemCode>
      <ItemType>1</ItemType>
      <ItemName>ממרח חמאה 250 גר` ללא מלח Euro spread ו</ItemName>
      <ManufactureName>ג.וילי-פוד אינטרנשיונל בעמ</ManufactureName>
      <ManufactureCountry />
      <ManufactureItemDescription />
      <UnitQty>יח`</UnitQty>
      <Quantity>2.50</Quantity>
      <UnitMeasure>100 גרם</UnitMeasure>
      <BisWeighted>0</BisWeighted>
      <QtyInPackage>1</QtyInPackage>
      <ItemPrice>11.90</ItemPrice>
      <UnitOfMeasurePrice>4.76</UnitOfMeasurePrice>
      <AllowDiscount>1</AllowDiscount>
      <itemStatus>1</itemStatus>
      <LastUpdateDate />
      <LastUpdateTime />
    </Product>
    <Product>
      <PriceUpdateDate>2019/09/02 10:53</PriceUpdateDate>
      <ItemCode>7290108501773</ItemCode>
      <ItemType>1</ItemType>
      <ItemName>ממרח חמאה 250 גר` במליחות עדינה Euro spr</ItemName>
      <ManufactureName>ג.וילי-פוד אינטרנשיונל בעמ</ManufactureName>
      <ManufactureCountry />
      <ManufactureItemDescription />
      <UnitQty>יח`</UnitQty>
      <Quantity>2.50</Quantity>
      <UnitMeasure>100 גרם</UnitMeasure>
      <BisWeighted>0</BisWeighted>
      <QtyInPackage>1</QtyInPackage>
      <ItemPrice>11.90</ItemPrice>
      <UnitOfMeasurePrice>4.76</UnitOfMeasurePrice>
      <AllowDiscount>1</AllowDiscount>
      <itemStatus>1</itemStatus>
      <LastUpdateDate />
      <LastUpdateTime />
    </Product>
    <Product>
      <PriceUpdateDate>2019/09/02 10:53</PriceUpdateDate>
      <ItemCode>7290108501810</ItemCode>
      <ItemType>1</ItemType>
      <ItemName>ממרח חמאה 250 גר` לייט במליחות עדינה Eur</ItemName>
      <ManufactureName>ג.וילי-פוד אינטרנשיונל בעמ</ManufactureName>
      <ManufactureCountry />
      <ManufactureItemDescription />
      <UnitQty>יח`</UnitQty>
      <Quantity>2.50</Quantity>
      <UnitMeasure>100 גרם</UnitMeasure>
      <BisWeighted>0</BisWeighted>
      <QtyInPackage>1</QtyInPackage>
      <ItemPrice>11.90</ItemPrice>
      <UnitOfMeasurePrice>4.76</UnitOfMeasurePrice>
      <AllowDiscount>1</AllowDiscount>
      <itemStatus>1</itemStatus>
      <LastUpdateDate />
      <LastUpdateTime />
    </Product>
    <Product>
      <PriceUpdateDate>2018/10/23 07:51</PriceUpdateDate>
      <ItemCode>7290108501896</ItemCode>
      <ItemType>1</ItemType>
      <ItemName>פסטה פוזילי 500  גר`PRO וילי פוד</ItemName>
      <ManufactureName>ג.וילי-פוד אינטרנשיונל בעמ</ManufactureName>
      <ManufactureCountry />
      <ManufactureItemDescription />
      <UnitQty>יח`</UnitQty>
      <Quantity>5</Quantity>
      <UnitMeasure>100 גרם</UnitMeasure>
      <BisWeighted>0</BisWeighted>
      <QtyInPackage>1</QtyInPackage>
      <ItemPrice>6.90</ItemPrice>
      <UnitOfMeasurePrice>1.38</UnitOfMeasurePrice>
      <AllowDiscount>0</AllowDiscount>
      <itemStatus>1</itemStatus>
      <LastUpdateDate />
      <LastUpdateTime />
    </Product>
    <Product>
      <PriceUpdateDate>2018/12/03 08:42</PriceUpdateDate>
      <ItemCode>7290108501964</ItemCode>
      <ItemType>1</ItemType>
      <ItemName>חטיף שקדים וצימוקים HAPPY NUTS וילי פוד</ItemName>
      <ManufactureName>ג.וילי-פוד אינטרנשיונל בעמ</ManufactureName>
      <ManufactureCountry />
      <ManufactureItemDescription />
      <UnitQty>יח`</UnitQty>
      <Quantity>1.40</Quantity>
      <UnitMeasure>100 גרם</UnitMeasure>
      <BisWeighted>0</BisWeighted>
      <QtyInPackage>1</QtyInPackage>
      <ItemPrice>14.90</ItemPrice>
      <UnitOfMeasurePrice>10.64</UnitOfMeasurePrice>
      <AllowDiscount>1</AllowDiscount>
      <itemStatus>1</itemStatus>
      <LastUpdateDate />
      <LastUpdateTime />
    </Product>
    <Product>
      <PriceUpdateDate>2018/12/03 08:42</PriceUpdateDate>
      <ItemCode>7290108501988</ItemCode>
      <ItemType>1</ItemType>
      <ItemName>חטיף שקדים וחמוציות HAPPY NUTS וילי פוד</ItemName>
      <ManufactureName>ג.וילי-פוד אינטרנשיונל בעמ</ManufactureName>
      <ManufactureCountry />
      <ManufactureItemDescription />
      <UnitQty>יח`</UnitQty>
      <Quantity>1.40</Quantity>
      <UnitMeasure>100 גרם</UnitMeasure>
      <BisWeighted>0</BisWeighted>
      <QtyInPackage>1</QtyInPackage>
      <ItemPrice>14.90</ItemPrice>
      <UnitOfMeasurePrice>10.64</UnitOfMeasurePrice>
      <AllowDiscount>1</AllowDiscount>
      <itemStatus>1</itemStatus>
      <LastUpdateDate />
      <LastUpdateTime />
    </Product>
    <Product>
      <PriceUpdateDate>2018/10/18 15:44</PriceUpdateDate>
      <ItemCode>7290108502237</ItemCode>
      <ItemType>1</ItemType>
      <ItemName>גבינת עיזים רכה בציפוי תפוזים 29% שומן (</ItemName>
      <ManufactureName>ג.וילי-פוד אינטרנשיונל בעמ</ManufactureName>
      <ManufactureCountry />
      <ManufactureItemDescription />
      <UnitQty>יח`</UnitQty>
      <Quantity>1.10</Quantity>
      <UnitMeasure>100 גרם</UnitMeasure>
      <BisWeighted>0</BisWeighted>
      <QtyInPackage>1</QtyInPackage>
      <ItemPrice>14.90</ItemPrice>
      <UnitOfMeasurePrice>13.55</UnitOfMeasurePrice>
      <AllowDiscount>1</AllowDiscount>
      <itemStatus>1</itemStatus>
      <LastUpdateDate />
      <LastUpdateTime />
    </Product>
    <Product>
      <PriceUpdateDate>2018/11/27 08:03</PriceUpdateDate>
      <ItemCode>7290108502381</ItemCode>
      <ItemType>1</ItemType>
      <ItemName>4 יח תחתיות לפיצה וילי פוד</ItemName>
      <ManufactureName>ג.וילי-פוד אינטרנשיונל בעמ</ManufactureName>
      <ManufactureCountry />
      <ManufactureItemDescription />
      <UnitQty>יח`</UnitQty>
      <Quantity>4.80</Quantity>
      <UnitMeasure>100 גרם</UnitMeasure>
      <BisWeighted>0</BisWeighted>
      <QtyInPackage>1</QtyInPackage>
      <ItemPrice>13.90</ItemPrice>
      <UnitOfMeasurePrice>2.90</UnitOfMeasurePrice>
      <AllowDiscount>1</AllowDiscount>
      <itemStatus>1</itemStatus>
      <LastUpdateDate />
      <LastUpdateTime />
    </Product>
    <Product>
      <PriceUpdateDate>2018/09/04 13:32</PriceUpdateDate>
      <ItemCode>7290108502541</ItemCode>
      <ItemType>1</ItemType>
      <ItemName>גבינת שמנת טבעי 200 גר` EURO CHEESE</ItemName>
      <ManufactureName>ג.וילי-פוד אינטרנשיונל בעמ</ManufactureName>
      <ManufactureCountry />
      <ManufactureItemDescription />
      <UnitQty>יח`</UnitQty>
      <Quantity>2</Quantity>
      <UnitMeasure>100 גרם</UnitMeasure>
      <BisWeighted>0</BisWeighted>
      <QtyInPackage>1</QtyInPackage>
      <ItemPrice>12.90</ItemPrice>
      <UnitOfMeasurePrice>6.45</UnitOfMeasurePrice>
      <AllowDiscount>1</AllowDiscount>
      <itemStatus>1</itemStatus>
      <LastUpdateDate />
      <LastUpdateTime />
    </Product>
    <Product>
      <PriceUpdateDate>2018/09/04 13:32</PriceUpdateDate>
      <ItemCode>7290108502565</ItemCode>
      <ItemType>1</ItemType>
      <ItemName>גבינת שמנת עשבי תיבול 200 גר` EURO CHEES</ItemName>
      <ManufactureName>ג.וילי-פוד אינטרנשיונל בעמ</ManufactureName>
      <ManufactureCountry />
      <ManufactureItemDescription />
      <UnitQty>יח`</UnitQty>
      <Quantity>2</Quantity>
      <UnitMeasure>100 גרם</UnitMeasure>
      <BisWeighted>0</BisWeighted>
      <QtyInPackage>1</QtyInPackage>
      <ItemPrice>12.90</ItemPrice>
      <UnitOfMeasurePrice>6.45</UnitOfMeasurePrice>
      <AllowDiscount>1</AllowDiscount>
      <itemStatus>1</itemStatus>
      <LastUpdateDate />
      <LastUpdateTime />
    </Product>
    <Product>
      <PriceUpdateDate>2018/09/05 11:58</PriceUpdateDate>
      <ItemCode>7290108502589</ItemCode>
      <ItemType>1</ItemType>
      <ItemName>גבינת שמנת שום 200 גר` EURO CHEESE</ItemName>
      <ManufactureName>ג.וילי-פוד אינטרנשיונל בעמ</ManufactureName>
      <ManufactureCountry />
      <ManufactureItemDescription />
      <UnitQty>יח`</UnitQty>
      <Quantity>2</Quantity>
      <UnitMeasure>100 גרם</UnitMeasure>
      <BisWeighted>0</BisWeighted>
      <QtyInPackage>1</QtyInPackage>
      <ItemPrice>12.90</ItemPrice>
      <UnitOfMeasurePrice>6.45</UnitOfMeasurePrice>
      <AllowDiscount>1</AllowDiscount>
      <itemStatus>1</itemStatus>
      <LastUpdateDate />
      <LastUpdateTime />
    </Product>
    <Product>
      <PriceUpdateDate>2018/07/23 10:23</PriceUpdateDate>
      <ItemCode>7290108502626</ItemCode>
      <ItemType>1</ItemType>
      <ItemName>גבינת אדם מותכת 6יח *20גר` (120  גר`)23%</ItemName>
      <ManufactureName>ג.וילי-פוד אינטרנשיונל בעמ</ManufactureName>
      <ManufactureCountry />
      <ManufactureItemDescription />
      <UnitQty>יח`</UnitQty>
      <Quantity>1.20</Quantity>
      <UnitMeasure>100 גרם</UnitMeasure>
      <BisWeighted>0</BisWeighted>
      <QtyInPackage>1</QtyInPackage>
      <ItemPrice>14.90</ItemPrice>
      <UnitOfMeasurePrice>12.42</UnitOfMeasurePrice>
      <AllowDiscount>0</AllowDiscount>
      <itemStatus>1</itemStatus>
      <LastUpdateDate />
      <LastUpdateTime />
    </Product>
    <Product>
      <PriceUpdateDate>2018/07/23 10:23</PriceUpdateDate>
      <ItemCode>7290108502633</ItemCode>
      <ItemType>1</ItemType>
      <ItemName>גבינת צ`דר 6יח*20גר` (120  גר)26% שומן</ItemName>
      <ManufactureName>ג.וילי-פוד אינטרנשיונל בעמ</ManufactureName>
      <ManufactureCountry />
      <ManufactureItemDescription />
      <UnitQty>יח`</UnitQty>
      <Quantity>1.20</Quantity>
      <UnitMeasure>100 גרם</UnitMeasure>
      <BisWeighted>0</BisWeighted>
      <QtyInPackage>1</QtyInPackage>
      <ItemPrice>14.90</ItemPrice>
      <UnitOfMeasurePrice>12.42</UnitOfMeasurePrice>
      <AllowDiscount>0</AllowDiscount>
      <itemStatus>1</itemStatus>
      <LastUpdateDate />
      <LastUpdateTime />
    </Product>
    <Product>
      <PriceUpdateDate>2018/07/23 10:23</PriceUpdateDate>
      <ItemCode>7290108502640</ItemCode>
      <ItemType>1</ItemType>
      <ItemName>גבינת צהובה מותכת 6 יח *20 גר`( 120 גר`)</ItemName>
      <ManufactureName>ג.וילי-פוד אינטרנשיונל בעמ</ManufactureName>
      <ManufactureCountry />
      <ManufactureItemDescription />
      <UnitQty>יח`</UnitQty>
      <Quantity>1.20</Quantity>
      <UnitMeasure>100 גרם</UnitMeasure>
      <BisWeighted>0</BisWeighted>
      <QtyInPackage>1</QtyInPackage>
      <ItemPrice>14.90</ItemPrice>
      <UnitOfMeasurePrice>12.42</UnitOfMeasurePrice>
      <AllowDiscount>0</AllowDiscount>
      <itemStatus>1</itemStatus>
      <LastUpdateDate />
      <LastUpdateTime />
    </Product>
    <Product>
      <PriceUpdateDate>2018/08/13 09:39</PriceUpdateDate>
      <ItemCode>7290108502725</ItemCode>
      <ItemType>1</ItemType>
      <ItemName>גבינת גאודה פרוסות 400 גר` וילי פוד</ItemName>
      <ManufactureName>ג.וילי-פוד אינטרנשיונל בעמ</ManufactureName>
      <ManufactureCountry />
      <ManufactureItemDescription />
      <UnitQty>יח`</UnitQty>
      <Quantity>4</Quantity>
      <UnitMeasure>100 גרם</UnitMeasure>
      <BisWeighted>0</BisWeighted>
      <QtyInPackage>1</QtyInPackage>
      <ItemPrice>19.90</ItemPrice>
      <UnitOfMeasurePrice>4.98</UnitOfMeasurePrice>
      <AllowDiscount>1</AllowDiscount>
      <itemStatus>1</itemStatus>
      <LastUpdateDate />
      <LastUpdateTime />
    </Product>
    <Product>
      <PriceUpdateDate>2018/11/16 08:47</PriceUpdateDate>
      <ItemCode>7290108502879</ItemCode>
      <ItemType>1</ItemType>
      <ItemName>מלפפונים כבושים במלח 18-25 קטנים מאוד (8</ItemName>
      <ManufactureName>ג.וילי-פוד אינטרנשיונל בעמ</ManufactureName>
      <ManufactureCountry />
      <ManufactureItemDescription />
      <UnitQty>יח`</UnitQty>
      <Quantity>8</Quantity>
      <UnitMeasure>100 גרם</UnitMeasure>
      <BisWeighted>0</BisWeighted>
      <QtyInPackage>1</QtyInPackage>
      <ItemPrice>14.90</ItemPrice>
      <UnitOfMeasurePrice>1.86</UnitOfMeasurePrice>
      <AllowDiscount>1</AllowDiscount>
      <itemStatus>1</itemStatus>
      <LastUpdateDate />
      <LastUpdateTime />
    </Product>
    <Product>
      <PriceUpdateDate>2018/11/16 08:47</PriceUpdateDate>
      <ItemCode>7290108503159</ItemCode>
      <ItemType>1</ItemType>
      <ItemName>גבינה כחולה עם עובש 31% שומן (100 גר`)</ItemName>
      <ManufactureName>ג.וילי-פוד אינטרנשיונל בעמ</ManufactureName>
      <ManufactureCountry />
      <ManufactureItemDescription />
      <UnitQty>יח`</UnitQty>
      <Quantity>1</Quantity>
      <UnitMeasure>100 גרם</UnitMeasure>
      <BisWeighted>0</BisWeighted>
      <QtyInPackage>1</QtyInPackage>
      <ItemPrice>15.90</ItemPrice>
      <UnitOfMeasurePrice>15.90</UnitOfMeasurePrice>
      <AllowDiscount>0</AllowDiscount>
      <itemStatus>1</itemStatus>
      <LastUpdateDate />
      <LastUpdateTime />
    </Product>
    <Product>
      <PriceUpdateDate>2019/05/27 16:17</PriceUpdateDate>
      <ItemCode>7290108503166</ItemCode>
      <ItemType>1</ItemType>
      <ItemName>צנימים עם שומשום 100 גר` melba toast</ItemName>
      <ManufactureName>ג.וילי-פוד אינטרנשיונל בעמ</ManufactureName>
      <ManufactureCountry />
      <ManufactureItemDescription />
      <UnitQty>יח`</UnitQty>
      <Quantity>1</Quantity>
      <UnitMeasure>100 גרם</UnitMeasure>
      <BisWeighted>0</BisWeighted>
      <QtyInPackage>1</QtyInPackage>
      <ItemPrice>7.90</ItemPrice>
      <UnitOfMeasurePrice>7.90</UnitOfMeasurePrice>
      <AllowDiscount>1</AllowDiscount>
      <itemStatus>1</itemStatus>
      <LastUpdateDate />
      <LastUpdateTime />
    </Product>
    <Product>
      <PriceUpdateDate>2019/05/27 16:17</PriceUpdateDate>
      <ItemCode>7290108503173</ItemCode>
      <ItemType>1</ItemType>
      <ItemName>צנימים עם קמח חיטה מלא 100  גר`melba toa</ItemName>
      <ManufactureName>ג.וילי-פוד אינטרנשיונל בעמ</ManufactureName>
      <ManufactureCountry />
      <ManufactureItemDescription />
      <UnitQty>יח`</UnitQty>
      <Quantity>1</Quantity>
      <UnitMeasure>100 גרם</UnitMeasure>
      <BisWeighted>0</BisWeighted>
      <QtyInPackage>1</QtyInPackage>
      <ItemPrice>7.90</ItemPrice>
      <UnitOfMeasurePrice>7.90</UnitOfMeasurePrice>
      <AllowDiscount>0</AllowDiscount>
      <itemStatus>1</itemStatus>
      <LastUpdateDate />
      <LastUpdateTime />
    </Product>
    <Product>
      <PriceUpdateDate>2019/11/04 08:05</PriceUpdateDate>
      <ItemCode>7290108503296</ItemCode>
      <ItemType>1</ItemType>
      <ItemName>ממרח חמאה 250 גר` valio</ItemName>
      <ManufactureName>ג.וילי-פוד אינטרנשיונל בעמ</ManufactureName>
      <ManufactureCountry />
      <ManufactureItemDescription />
      <UnitQty>יח`</UnitQty>
      <Quantity>2.50</Quantity>
      <UnitMeasure>100 גרם</UnitMeasure>
      <BisWeighted>0</BisWeighted>
      <QtyInPackage>1</QtyInPackage>
      <ItemPrice>16.90</ItemPrice>
      <UnitOfMeasurePrice>6.76</UnitOfMeasurePrice>
      <AllowDiscount>1</AllowDiscount>
      <itemStatus>1</itemStatus>
      <LastUpdateDate />
      <LastUpdateTime />
    </Product>
    <Product>
      <PriceUpdateDate>2019/11/04 08:05</PriceUpdateDate>
      <ItemCode>7290108503333</ItemCode>
      <ItemType>1</ItemType>
      <ItemName>יוגורט יוני 150 גר` ( 10% שומן) וילי פוד</ItemName>
      <ManufactureName>ג.וילי-פוד אינטרנשיונל בעמ</ManufactureName>
      <ManufactureCountry />
      <ManufactureItemDescription />
      <UnitQty>יח`</UnitQty>
      <Quantity>1.50</Quantity>
      <UnitMeasure>100 גרם</UnitMeasure>
      <BisWeighted>0</BisWeighted>
      <QtyInPackage>1</QtyInPackage>
      <ItemPrice>5.90</ItemPrice>
      <UnitOfMeasurePrice>3.93</UnitOfMeasurePrice>
      <AllowDiscount>1</AllowDiscount>
      <itemStatus>1</itemStatus>
      <LastUpdateDate />
      <LastUpdateTime />
    </Product>
    <Product>
      <PriceUpdateDate>2019/11/04 08:05</PriceUpdateDate>
      <ItemCode>7290108503364</ItemCode>
      <ItemType>1</ItemType>
      <ItemName>יוגורט יווני עם לימון 150 גר` 0.9% שומן</ItemName>
      <ManufactureName>ג.וילי-פוד אינטרנשיונל בעמ</ManufactureName>
      <ManufactureCountry />
      <ManufactureItemDescription />
      <UnitQty>יח`</UnitQty>
      <Quantity>1.50</Quantity>
      <UnitMeasure>100 גרם</UnitMeasure>
      <BisWeighted>0</BisWeighted>
      <QtyInPackage>1</QtyInPackage>
      <ItemPrice>5.90</ItemPrice>
      <UnitOfMeasurePrice>3.93</UnitOfMeasurePrice>
      <AllowDiscount>1</AllowDiscount>
      <itemStatus>1</itemStatus>
      <LastUpdateDate />
      <LastUpdateTime />
    </Product>
    <Product>
      <PriceUpdateDate>2019/11/04 08:05</PriceUpdateDate>
      <ItemCode>7290108503371</ItemCode>
      <ItemType>1</ItemType>
      <ItemName>יוגורט יווני עם אפרסק 150 גר` 0.90% שומן</ItemName>
      <ManufactureName>ג.וילי-פוד אינטרנשיונל בעמ</ManufactureName>
      <ManufactureCountry />
      <ManufactureItemDescription />
      <UnitQty>יח`</UnitQty>
      <Quantity>1.50</Quantity>
      <UnitMeasure>100 גרם</UnitMeasure>
      <BisWeighted>0</BisWeighted>
      <QtyInPackage>1</QtyInPackage>
      <ItemPrice>5.90</ItemPrice>
      <UnitOfMeasurePrice>3.93</UnitOfMeasurePrice>
      <AllowDiscount>1</AllowDiscount>
      <itemStatus>1</itemStatus>
      <LastUpdateDate />
      <LastUpdateTime />
    </Product>
    <Product>
      <PriceUpdateDate>2019/11/12 10:23</PriceUpdateDate>
      <ItemCode>7290108503388</ItemCode>
      <ItemType>1</ItemType>
      <ItemName>יוגורט יווני עם דבש 150 גר` ( 8.40% שו</ItemName>
      <ManufactureName>ג.וילי-פוד אינטרנשיונל בעמ</ManufactureName>
      <ManufactureCountry />
      <ManufactureItemDescription />
      <UnitQty>יח`</UnitQty>
      <Quantity>1.50</Quantity>
      <UnitMeasure>100 גרם</UnitMeasure>
      <BisWeighted>0</BisWeighted>
      <QtyInPackage>1</QtyInPackage>
      <ItemPrice>5.90</ItemPrice>
      <UnitOfMeasurePrice>3.93</UnitOfMeasurePrice>
      <AllowDiscount>1</AllowDiscount>
      <itemStatus>1</itemStatus>
      <LastUpdateDate />
      <LastUpdateTime />
    </Product>
    <Product>
      <PriceUpdateDate>2019/11/12 10:23</PriceUpdateDate>
      <ItemCode>7290108503395</ItemCode>
      <ItemType>1</ItemType>
      <ItemName>יוגורט יווני עם תות שדה 150 גר` ( 0.90%</ItemName>
      <ManufactureName>ג.וילי-פוד אינטרנשיונל בעמ</ManufactureName>
      <ManufactureCountry />
      <ManufactureItemDescription />
      <UnitQty>יח`</UnitQty>
      <Quantity>1.50</Quantity>
      <UnitMeasure>100 גרם</UnitMeasure>
      <BisWeighted>0</BisWeighted>
      <QtyInPackage>1</QtyInPackage>
      <ItemPrice>5.90</ItemPrice>
      <UnitOfMeasurePrice>3.93</UnitOfMeasurePrice>
      <AllowDiscount>1</AllowDiscount>
      <itemStatus>1</itemStatus>
      <LastUpdateDate />
      <LastUpdateTime />
    </Product>
    <Product>
      <PriceUpdateDate>2019/05/07 13:55</PriceUpdateDate>
      <ItemCode>7290108503456</ItemCode>
      <ItemType>1</ItemType>
      <ItemName>קוביות גבינת פטה 5%  שונמן( 200  גר`) וי</ItemName>
      <ManufactureName>ג.וילי-פוד אינטרנשיונל בעמ</ManufactureName>
      <ManufactureCountry />
      <ManufactureItemDescription />
      <UnitQty>יח`</UnitQty>
      <Quantity>2</Quantity>
      <UnitMeasure>100 גרם</UnitMeasure>
      <BisWeighted>0</BisWeighted>
      <QtyInPackage>1</QtyInPackage>
      <ItemPrice>16.90</ItemPrice>
      <UnitOfMeasurePrice>8.45</UnitOfMeasurePrice>
      <AllowDiscount>0</AllowDiscount>
      <itemStatus>1</itemStatus>
      <LastUpdateDate />
      <LastUpdateTime />
    </Product>
    <Product>
      <PriceUpdateDate>2019/05/27 16:17</PriceUpdateDate>
      <ItemCode>7290108503708</ItemCode>
      <ItemType>1</ItemType>
      <ItemName>פיצה עם פטריות 390 גר` וילי פוד</ItemName>
      <ManufactureName>ג.וילי-פוד אינטרנשיונל בעמ</ManufactureName>
      <ManufactureCountry />
      <ManufactureItemDescription />
      <UnitQty>יח`</UnitQty>
      <Quantity>3.90</Quantity>
      <UnitMeasure>100 גרם</UnitMeasure>
      <BisWeighted>0</BisWeighted>
      <QtyInPackage>1</QtyInPackage>
      <ItemPrice>13.90</ItemPrice>
      <UnitOfMeasurePrice>3.56</UnitOfMeasurePrice>
      <AllowDiscount>1</AllowDiscount>
      <itemStatus>1</itemStatus>
      <LastUpdateDate />
      <LastUpdateTime />
    </Product>
    <Product>
      <PriceUpdateDate>2019/03/18 14:57</PriceUpdateDate>
      <ItemCode>7290108503722</ItemCode>
      <ItemType>1</ItemType>
      <ItemName>חמאה אורגנית ללא תוספת מלח 200  גר`BIO</ItemName>
      <ManufactureName>ג.וילי-פוד אינטרנשיונל בעמ</ManufactureName>
      <ManufactureCountry />
      <ManufactureItemDescription />
      <UnitQty>יח`</UnitQty>
      <Quantity>2</Quantity>
      <UnitMeasure>100 גרם</UnitMeasure>
      <BisWeighted>0</BisWeighted>
      <QtyInPackage>1</QtyInPackage>
      <ItemPrice>14.90</ItemPrice>
      <UnitOfMeasurePrice>7.45</UnitOfMeasurePrice>
      <AllowDiscount>0</AllowDiscount>
      <itemStatus>1</itemStatus>
      <LastUpdateDate />
      <LastUpdateTime />
    </Product>
    <Product>
      <PriceUpdateDate>2019/03/18 14:57</PriceUpdateDate>
      <ItemCode>7290108503739</ItemCode>
      <ItemType>1</ItemType>
      <ItemName>חמאה מחלב עיזים 125  גר`וילי פוד</ItemName>
      <ManufactureName>ג.וילי-פוד אינטרנשיונל בעמ</ManufactureName>
      <ManufactureCountry />
      <ManufactureItemDescription />
      <UnitQty>יח`</UnitQty>
      <Quantity>1.25</Quantity>
      <UnitMeasure>100 גרם</UnitMeasure>
      <BisWeighted>0</BisWeighted>
      <QtyInPackage>1</QtyInPackage>
      <ItemPrice>11.90</ItemPrice>
      <UnitOfMeasurePrice>9.52</UnitOfMeasurePrice>
      <AllowDiscount>0</AllowDiscount>
      <itemStatus>1</itemStatus>
      <LastUpdateDate />
      <LastUpdateTime />
    </Product>
    <Product>
      <PriceUpdateDate>2019/03/18 14:57</PriceUpdateDate>
      <ItemCode>7290108503746</ItemCode>
      <ItemType>1</ItemType>
      <ItemName>חמאה מלוחה 200 גר` וילי פוד</ItemName>
      <ManufactureName>ג.וילי-פוד אינטרנשיונל בעמ</ManufactureName>
      <ManufactureCountry />
      <ManufactureItemDescription />
      <UnitQty>יח`</UnitQty>
      <Quantity>2</Quantity>
      <UnitMeasure>100 גרם</UnitMeasure>
      <BisWeighted>0</BisWeighted>
      <QtyInPackage>1</QtyInPackage>
      <ItemPrice>12.90</ItemPrice>
      <UnitOfMeasurePrice>6.45</UnitOfMeasurePrice>
      <AllowDiscount>0</AllowDiscount>
      <itemStatus>1</itemStatus>
      <LastUpdateDate />
      <LastUpdateTime />
    </Product>
    <Product>
      <PriceUpdateDate>2019/04/08 11:46</PriceUpdateDate>
      <ItemCode>7290108503777</ItemCode>
      <ItemType>1</ItemType>
      <ItemName>חלב כחוש מרוכז וממותק מופחת שומן 397 גר`</ItemName>
      <ManufactureName>ג.וילי-פוד אינטרנשיונל בעמ</ManufactureName>
      <ManufactureCountry />
      <ManufactureItemDescription />
      <UnitQty>יח`</UnitQty>
      <Quantity>3.97</Quantity>
      <UnitMeasure>100 גרם</UnitMeasure>
      <BisWeighted>0</BisWeighted>
      <QtyInPackage>1</QtyInPackage>
      <ItemPrice>9.90</ItemPrice>
      <UnitOfMeasurePrice>2.49</UnitOfMeasurePrice>
      <AllowDiscount>0</AllowDiscount>
      <itemStatus>1</itemStatus>
      <LastUpdateDate />
      <LastUpdateTime />
    </Product>
    <Product>
      <PriceUpdateDate>2019/11/04 08:05</PriceUpdateDate>
      <ItemCode>7290108504064</ItemCode>
      <ItemType>1</ItemType>
      <ItemName>יוגורט ייוני 1  קג( 10%  שומן) וילי פוד</ItemName>
      <ManufactureName>ג.וילי-פוד אינטרנשיונל בעמ</ManufactureName>
      <ManufactureCountry />
      <ManufactureItemDescription />
      <UnitQty>יח`</UnitQty>
      <Quantity>1</Quantity>
      <UnitMeasure>100 גרם</UnitMeasure>
      <BisWeighted>0</BisWeighted>
      <QtyInPackage>1</QtyInPackage>
      <ItemPrice>24.90</ItemPrice>
      <UnitOfMeasurePrice>24.90</UnitOfMeasurePrice>
      <AllowDiscount>0</AllowDiscount>
      <itemStatus>1</itemStatus>
      <LastUpdateDate />
      <LastUpdateTime />
    </Product>
    <Product>
      <PriceUpdateDate>2019/11/04 08:05</PriceUpdateDate>
      <ItemCode>7290108504088</ItemCode>
      <ItemType>1</ItemType>
      <ItemName>יוגורט יווני זוג  (10% 2יח *150 גר`)וילי</ItemName>
      <ManufactureName>ג.וילי-פוד אינטרנשיונל בעמ</ManufactureName>
      <ManufactureCountry />
      <ManufactureItemDescription />
      <UnitQty>יח`</UnitQty>
      <Quantity>3</Quantity>
      <UnitMeasure>100 גרם</UnitMeasure>
      <BisWeighted>0</BisWeighted>
      <QtyInPackage>1</QtyInPackage>
      <ItemPrice>10</ItemPrice>
      <UnitOfMeasurePrice>3.33</UnitOfMeasurePrice>
      <AllowDiscount>0</AllowDiscount>
      <itemStatus>1</itemStatus>
      <LastUpdateDate />
      <LastUpdateTime />
    </Product>
    <Product>
      <PriceUpdateDate>2019/11/12 10:23</PriceUpdateDate>
      <ItemCode>7290108504347</ItemCode>
      <ItemType>1</ItemType>
      <ItemName>עלי גפן ממולאים באורז פיקנטי 400 גר`</ItemName>
      <ManufactureName>ג.וילי-פוד אינטרנשיונל בעמ</ManufactureName>
      <ManufactureCountry />
      <ManufactureItemDescription />
      <UnitQty>יח`</UnitQty>
      <Quantity>4</Quantity>
      <UnitMeasure>100 גרם</UnitMeasure>
      <BisWeighted>0</BisWeighted>
      <QtyInPackage>1</QtyInPackage>
      <ItemPrice>8.90</ItemPrice>
      <UnitOfMeasurePrice>2.23</UnitOfMeasurePrice>
      <AllowDiscount>0</AllowDiscount>
      <itemStatus>1</itemStatus>
      <LastUpdateDate />
      <LastUpdateTime />
    </Product>
    <Product>
      <PriceUpdateDate>2019/12/25 08:27</PriceUpdateDate>
      <ItemCode>7290108504378</ItemCode>
      <ItemType>1</ItemType>
      <ItemName>גבינת שמנת עם זיתים 200 גר` EURO CHEESE</ItemName>
      <ManufactureName>ג.וילי-פוד אינטרנשיונל בעמ</ManufactureName>
      <ManufactureCountry />
      <ManufactureItemDescription />
      <UnitQty>יח`</UnitQty>
      <Quantity>2</Quantity>
      <UnitMeasure>100 גרם</UnitMeasure>
      <BisWeighted>0</BisWeighted>
      <QtyInPackage>1</QtyInPackage>
      <ItemPrice>12.90</ItemPrice>
      <UnitOfMeasurePrice>6.45</UnitOfMeasurePrice>
      <AllowDiscount>1</AllowDiscount>
      <itemStatus>1</itemStatus>
      <LastUpdateDate />
      <LastUpdateTime />
    </Product>
    <Product>
      <PriceUpdateDate>2019/12/25 08:27</PriceUpdateDate>
      <ItemCode>7290108504392</ItemCode>
      <ItemType>1</ItemType>
      <ItemName>גבינת שמנת לייט עם זיתים 200 גר` EURO CH</ItemName>
      <ManufactureName>ג.וילי-פוד אינטרנשיונל בעמ</ManufactureName>
      <ManufactureCountry />
      <ManufactureItemDescription />
      <UnitQty>יח`</UnitQty>
      <Quantity>2</Quantity>
      <UnitMeasure>100 גרם</UnitMeasure>
      <BisWeighted>0</BisWeighted>
      <QtyInPackage>1</QtyInPackage>
      <ItemPrice>12.90</ItemPrice>
      <UnitOfMeasurePrice>6.45</UnitOfMeasurePrice>
      <AllowDiscount>1</AllowDiscount>
      <itemStatus>1</itemStatus>
      <LastUpdateDate />
      <LastUpdateTime />
    </Product>
    <Product>
      <PriceUpdateDate>2020/01/29 12:46</PriceUpdateDate>
      <ItemCode>7290108504590</ItemCode>
      <ItemType>1</ItemType>
      <ItemName>תפוחונים-תפוחי  עץ מיובשים  (10010*10 גר</ItemName>
      <ManufactureName>ג.וילי-פוד אינטרנשיונל בעמ</ManufactureName>
      <ManufactureCountry />
      <ManufactureItemDescription />
      <UnitQty>יח`</UnitQty>
      <Quantity>1</Quantity>
      <UnitMeasure>100 גרם</UnitMeasure>
      <BisWeighted>0</BisWeighted>
      <QtyInPackage>1</QtyInPackage>
      <ItemPrice>18.90</ItemPrice>
      <UnitOfMeasurePrice>18.90</UnitOfMeasurePrice>
      <AllowDiscount>0</AllowDiscount>
      <itemStatus>1</itemStatus>
      <LastUpdateDate />
      <LastUpdateTime />
    </Product>
    <Product>
      <PriceUpdateDate>2019/12/12 14:13</PriceUpdateDate>
      <ItemCode>7290108505689</ItemCode>
      <ItemType>1</ItemType>
      <ItemName>גבינת גרנה פדנו מגורדת 100 גר` וילי פוד</ItemName>
      <ManufactureName>ג.וילי-פוד אינטרנשיונל בעמ</ManufactureName>
      <ManufactureCountry />
      <ManufactureItemDescription />
      <UnitQty>יח`</UnitQty>
      <Quantity>1</Quantity>
      <UnitMeasure>100 גרם</UnitMeasure>
      <BisWeighted>0</BisWeighted>
      <QtyInPackage>1</QtyInPackage>
      <ItemPrice>13.90</ItemPrice>
      <UnitOfMeasurePrice>13.90</UnitOfMeasurePrice>
      <AllowDiscount>0</AllowDiscount>
      <itemStatus>1</itemStatus>
      <LastUpdateDate />
      <LastUpdateTime />
    </Product>
    <Product>
      <PriceUpdateDate>2020/03/12 16:27</PriceUpdateDate>
      <ItemCode>7290108505955</ItemCode>
      <ItemType>1</ItemType>
      <ItemName>טונה בשמן רביעייה 160 גר - וילי פוד העדה</ItemName>
      <ManufactureName>ג.וילי-פוד אינטרנשיונל בעמ</ManufactureName>
      <ManufactureCountry />
      <ManufactureItemDescription />
      <UnitQty>יח`</UnitQty>
      <Quantity>6.40</Quantity>
      <UnitMeasure>100 גרם</UnitMeasure>
      <BisWeighted>0</BisWeighted>
      <QtyInPackage>1</QtyInPackage>
      <ItemPrice>21.90</ItemPrice>
      <UnitOfMeasurePrice>3.42</UnitOfMeasurePrice>
      <AllowDiscount>0</AllowDiscount>
      <itemStatus>1</itemStatus>
      <LastUpdateDate />
      <LastUpdateTime />
    </Product>
    <Product>
      <PriceUpdateDate>2020/02/20 15:35</PriceUpdateDate>
      <ItemCode>7290108506167</ItemCode>
      <ItemType>1</ItemType>
      <ItemName>גבינה צהובה פרוסות(אריזה   רכה)400  גר`פ</ItemName>
      <ManufactureName>ג.וילי-פוד אינטרנשיונל בעמ</ManufactureName>
      <ManufactureCountry />
      <ManufactureItemDescription />
      <UnitQty>יח`</UnitQty>
      <Quantity>4</Quantity>
      <UnitMeasure>100 גרם</UnitMeasure>
      <BisWeighted>0</BisWeighted>
      <QtyInPackage>1</QtyInPackage>
      <ItemPrice>13.60</ItemPrice>
      <UnitOfMeasurePrice>3.40</UnitOfMeasurePrice>
      <AllowDiscount>0</AllowDiscount>
      <itemStatus>1</itemStatus>
      <LastUpdateDate />
      <LastUpdateTime />
    </Product>
    <Product>
      <PriceUpdateDate>2020/03/19 17:53</PriceUpdateDate>
      <ItemCode>7290108506327</ItemCode>
      <ItemType>1</ItemType>
      <ItemName>שוקולד מריר עם אגוזי לוז 70% קקאו 250 גר</ItemName>
      <ManufactureName>ג.וילי-פוד אינטרנשיונל בעמ</ManufactureName>
      <ManufactureCountry />
      <ManufactureItemDescription />
      <UnitQty>יח`</UnitQty>
      <Quantity>2.50</Quantity>
      <UnitMeasure>100 גרם</UnitMeasure>
      <BisWeighted>0</BisWeighted>
      <QtyInPackage>1</QtyInPackage>
      <ItemPrice>15.90</ItemPrice>
      <UnitOfMeasurePrice>6.36</UnitOfMeasurePrice>
      <AllowDiscount>0</AllowDiscount>
      <itemStatus>1</itemStatus>
      <LastUpdateDate />
      <LastUpdateTime />
    </Product>
    <Product>
      <PriceUpdateDate>2020/02/20 15:35</PriceUpdateDate>
      <ItemCode>7290108506419</ItemCode>
      <ItemType>1</ItemType>
      <ItemName>גבינה צהובה מגורדת 400 גר`-פיקוח </ItemName>
      <ManufactureName>ג.וילי-פוד אינטרנשיונל בעמ</ManufactureName>
      <ManufactureCountry />
      <ManufactureItemDescription />
      <UnitQty>יח`</UnitQty>
      <Quantity>4</Quantity>
      <UnitMeasure>100 גרם</UnitMeasure>
      <BisWeighted>0</BisWeighted>
      <QtyInPackage>1</QtyInPackage>
      <ItemPrice>13.60</ItemPrice>
      <UnitOfMeasurePrice>3.40</UnitOfMeasurePrice>
      <AllowDiscount>0</AllowDiscount>
      <itemStatus>1</itemStatus>
      <LastUpdateDate />
      <LastUpdateTime />
    </Product>
    <Product>
      <PriceUpdateDate>2018/04/24 12:35</PriceUpdateDate>
      <ItemCode>7290109350882</ItemCode>
      <ItemType>1</ItemType>
      <ItemName>חטיפי פריכיות עם זעתר 23גר - אסם</ItemName>
      <ManufactureName>קבוצת אסם סחר שות. מוגבלת</ManufactureName>
      <ManufactureCountry />
      <ManufactureItemDescription />
      <UnitQty>יח`</UnitQty>
      <Quantity>0.23</Quantity>
      <UnitMeasure>100 גרם</UnitMeasure>
      <BisWeighted>0</BisWeighted>
      <QtyInPackage>1</QtyInPackage>
      <ItemPrice>4.90</ItemPrice>
      <UnitOfMeasurePrice>21.30</UnitOfMeasurePrice>
      <AllowDiscount>0</AllowDiscount>
      <itemStatus>1</itemStatus>
      <LastUpdateDate />
      <LastUpdateTime />
    </Product>
    <Product>
      <PriceUpdateDate>2018/04/24 12:56</PriceUpdateDate>
      <ItemCode>7290109351957</ItemCode>
      <ItemType>1</ItemType>
      <ItemName>פיטנס פריכיות גדולות שוקולד 100 גרם</ItemName>
      <ManufactureName>קבוצת אסם סחר שות. מוגבלת</ManufactureName>
      <ManufactureCountry />
      <ManufactureItemDescription />
      <UnitQty>יח`</UnitQty>
      <Quantity>1</Quantity>
      <UnitMeasure>100 גרם</UnitMeasure>
      <BisWeighted>0</BisWeighted>
      <QtyInPackage>1</QtyInPackage>
      <ItemPrice>7.90</ItemPrice>
      <UnitOfMeasurePrice>7.90</UnitOfMeasurePrice>
      <AllowDiscount>0</AllowDiscount>
      <itemStatus>1</itemStatus>
      <LastUpdateDate />
      <LastUpdateTime />
    </Product>
    <Product>
      <PriceUpdateDate>2019/04/08 14:54</PriceUpdateDate>
      <ItemCode>7290109351971</ItemCode>
      <ItemType>1</ItemType>
      <ItemName>פיטנס בר פריכיות שוקולד חלב 84 גרם</ItemName>
      <ManufactureName>קבוצת אסם סחר שות. מוגבלת</ManufactureName>
      <ManufactureCountry />
      <ManufactureItemDescription />
      <UnitQty>יח`</UnitQty>
      <Quantity>0.84</Quantity>
      <UnitMeasure>100 גרם</UnitMeasure>
      <BisWeighted>0</BisWeighted>
      <QtyInPackage>1</QtyInPackage>
      <ItemPrice>14.90</ItemPrice>
      <UnitOfMeasurePrice>17.74</UnitOfMeasurePrice>
      <AllowDiscount>0</AllowDiscount>
      <itemStatus>1</itemStatus>
      <LastUpdateDate />
      <LastUpdateTime />
    </Product>
    <Product>
      <PriceUpdateDate>2019/02/06 09:26</PriceUpdateDate>
      <ItemCode>7290109353272</ItemCode>
      <ItemType>1</ItemType>
      <ItemName>פרפקטו ספגטי 500 גר עתיר בסיבים</ItemName>
      <ManufactureName>קבוצת אסם סחר שות. מוגבלת</ManufactureName>
      <ManufactureCountry />
      <ManufactureItemDescription />
      <UnitQty>יח`</UnitQty>
      <Quantity>5</Quantity>
      <UnitMeasure>100 גרם</UnitMeasure>
      <BisWeighted>0</BisWeighted>
      <QtyInPackage>1</QtyInPackage>
      <ItemPrice>6.90</ItemPrice>
      <UnitOfMeasurePrice>1.38</UnitOfMeasurePrice>
      <AllowDiscount>1</AllowDiscount>
      <itemStatus>1</itemStatus>
      <LastUpdateDate />
      <LastUpdateTime />
    </Product>
    <Product>
      <PriceUpdateDate>2019/01/07 10:57</PriceUpdateDate>
      <ItemCode>7290109353494</ItemCode>
      <ItemType>1</ItemType>
      <ItemName>פסטה פארפאלה אסם פרפקטו (500 גרם)</ItemName>
      <ManufactureName>קבוצת אסם סחר שות. מוגבלת</ManufactureName>
      <ManufactureCountry />
      <ManufactureItemDescription />
      <UnitQty>יח`</UnitQty>
      <Quantity>5</Quantity>
      <UnitMeasure>100 גרם</UnitMeasure>
      <BisWeighted>0</BisWeighted>
      <QtyInPackage>1</QtyInPackage>
      <ItemPrice>7.90</ItemPrice>
      <UnitOfMeasurePrice>1.58</UnitOfMeasurePrice>
      <AllowDiscount>1</AllowDiscount>
      <itemStatus>1</itemStatus>
      <LastUpdateDate />
      <LastUpdateTime />
    </Product>
    <Product>
      <PriceUpdateDate>2018/04/24 12:32</PriceUpdateDate>
      <ItemCode>7290109353517</ItemCode>
      <ItemType>1</ItemType>
      <ItemName>פסטה פאפארדלה אסם פרפקטו (500 גרם)</ItemName>
      <ManufactureName>קבוצת אסם סחר שות. מוגבלת</ManufactureName>
      <ManufactureCountry />
      <ManufactureItemDescription />
      <UnitQty>יח`</UnitQty>
      <Quantity>5</Quantity>
      <UnitMeasure>100 גרם</UnitMeasure>
      <BisWeighted>0</BisWeighted>
      <QtyInPackage>1</QtyInPackage>
      <ItemPrice>7.90</ItemPrice>
      <UnitOfMeasurePrice>1.58</UnitOfMeasurePrice>
      <AllowDiscount>1</AllowDiscount>
      <itemStatus>1</itemStatus>
      <LastUpdateDate />
      <LastUpdateTime />
    </Product>
    <Product>
      <PriceUpdateDate>2018/04/24 13:14</PriceUpdateDate>
      <ItemCode>7290109354330</ItemCode>
      <ItemType>1</ItemType>
      <ItemName>צבר אריסה 180 גר`</ItemName>
      <ManufactureName>קבוצת אסם סחר שות. מוגבלת</ManufactureName>
      <ManufactureCountry />
      <ManufactureItemDescription />
      <UnitQty>יח`</UnitQty>
      <Quantity>1.80</Quantity>
      <UnitMeasure>100 גרם</UnitMeasure>
      <BisWeighted>0</BisWeighted>
      <QtyInPackage>1</QtyInPackage>
      <ItemPrice>10.90</ItemPrice>
      <UnitOfMeasurePrice>6.06</UnitOfMeasurePrice>
      <AllowDiscount>0</AllowDiscount>
      <itemStatus>1</itemStatus>
      <LastUpdateDate />
      <LastUpdateTime />
    </Product>
    <Product>
      <PriceUpdateDate>2018/04/24 13:14</PriceUpdateDate>
      <ItemCode>7290109354422</ItemCode>
      <ItemType>1</ItemType>
      <ItemName>צבר סחוג אדום 180 גר`</ItemName>
      <ManufactureName>קבוצת אסם סחר שות. מוגבלת</ManufactureName>
      <ManufactureCountry />
      <ManufactureItemDescription />
      <UnitQty>יח`</UnitQty>
      <Quantity>1.80</Quantity>
      <UnitMeasure>100 גרם</UnitMeasure>
      <BisWeighted>0</BisWeighted>
      <QtyInPackage>1</QtyInPackage>
      <ItemPrice>10.90</ItemPrice>
      <UnitOfMeasurePrice>6.06</UnitOfMeasurePrice>
      <AllowDiscount>0</AllowDiscount>
      <itemStatus>1</itemStatus>
      <LastUpdateDate />
      <LastUpdateTime />
    </Product>
    <Product>
      <PriceUpdateDate>2018/04/24 13:07</PriceUpdateDate>
      <ItemCode>7290109358284</ItemCode>
      <ItemType>1</ItemType>
      <ItemName>טבעול-שניצל תירס עם חלבון 664 גר`</ItemName>
      <ManufactureName>קבוצת אסם סחר שות. מוגבלת</ManufactureName>
      <ManufactureCountry />
      <ManufactureItemDescription />
      <UnitQty>יח`</UnitQty>
      <Quantity>6.64</Quantity>
      <UnitMeasure>100 גרם</UnitMeasure>
      <BisWeighted>0</BisWeighted>
      <QtyInPackage>1</QtyInPackage>
      <ItemPrice>24.90</ItemPrice>
      <UnitOfMeasurePrice>3.75</UnitOfMeasurePrice>
      <AllowDiscount>0</AllowDiscount>
      <itemStatus>1</itemStatus>
      <LastUpdateDate />
      <LastUpdateTime />
    </Product>
    <Product>
      <PriceUpdateDate>2019/01/17 14:10</PriceUpdateDate>
      <ItemCode>7290109358482</ItemCode>
      <ItemType>1</ItemType>
      <ItemName>קרמוגית במילוי חלווה 200 גר` אסם</ItemName>
      <ManufactureName>קבוצת אסם סחר שות. מוגבלת</ManufactureName>
      <ManufactureCountry />
      <ManufactureItemDescription />
      <UnitQty>יח`</UnitQty>
      <Quantity>2</Quantity>
      <UnitMeasure>100 גרם</UnitMeasure>
      <BisWeighted>0</BisWeighted>
      <QtyInPackage>1</QtyInPackage>
      <ItemPrice>11.90</ItemPrice>
      <UnitOfMeasurePrice>5.95</UnitOfMeasurePrice>
      <AllowDiscount>0</AllowDiscount>
      <itemStatus>1</itemStatus>
      <LastUpdateDate />
      <LastUpdateTime />
    </Product>
    <Product>
      <PriceUpdateDate>2018/08/05 11:28</PriceUpdateDate>
      <ItemCode>7290109358734</ItemCode>
      <ItemType>1</ItemType>
      <ItemName>קטשופ מופחת סוכר אסם (710 גרם)</ItemName>
      <ManufactureName>קבוצת אסם סחר שות. מוגבלת</ManufactureName>
      <ManufactureCountry />
      <ManufactureItemDescription />
      <UnitQty>יח`</UnitQty>
      <Quantity>7.50</Quantity>
      <UnitMeasure>100 גרם</UnitMeasure>
      <BisWeighted>0</BisWeighted>
      <QtyInPackage>1</QtyInPackage>
      <ItemPrice>11.90</ItemPrice>
      <UnitOfMeasurePrice>1.59</UnitOfMeasurePrice>
      <AllowDiscount>0</AllowDiscount>
      <itemStatus>1</itemStatus>
      <LastUpdateDate />
      <LastUpdateTime />
    </Product>
    <Product>
      <PriceUpdateDate>2018/08/05 11:28</PriceUpdateDate>
      <ItemCode>7290109358765</ItemCode>
      <ItemType>1</ItemType>
      <ItemName>קראנץ` רולס 450 גר דגני בוקר</ItemName>
      <ManufactureName>קבוצת אסם סחר שות. מוגבלת</ManufactureName>
      <ManufactureCountry />
      <ManufactureItemDescription />
      <UnitQty>יח`</UnitQty>
      <Quantity>4.50</Quantity>
      <UnitMeasure>100 גרם</UnitMeasure>
      <BisWeighted>0</BisWeighted>
      <QtyInPackage>1</QtyInPackage>
      <ItemPrice>26.90</ItemPrice>
      <UnitOfMeasurePrice>5.98</UnitOfMeasurePrice>
      <AllowDiscount>1</AllowDiscount>
      <itemStatus>1</itemStatus>
      <LastUpdateDate />
      <LastUpdateTime />
    </Product>
    <Product>
      <PriceUpdateDate>2020/04/01 10:17</PriceUpdateDate>
      <ItemCode>7290109580005</ItemCode>
      <ItemType>1</ItemType>
      <ItemName>המבורגר אנטריקוט בתוספת פטריות יער 360 ג</ItemName>
      <ManufactureName>זוגלובק שיווק בעמ</ManufactureName>
      <ManufactureCountry />
      <ManufactureItemDescription />
      <UnitQty>יח`</UnitQty>
      <Quantity>3.60</Quantity>
      <UnitMeasure>100 גרם</UnitMeasure>
      <BisWeighted>0</BisWeighted>
      <QtyInPackage>1</QtyInPackage>
      <ItemPrice>23.90</ItemPrice>
      <UnitOfMeasurePrice>6.64</UnitOfMeasurePrice>
      <AllowDiscount>0</AllowDiscount>
      <itemStatus>1</itemStatus>
      <LastUpdateDate />
      <LastUpdateTime />
    </Product>
    <Product>
      <PriceUpdateDate>2020/04/01 10:17</PriceUpdateDate>
      <ItemCode>7290109580012</ItemCode>
      <ItemType>1</ItemType>
      <ItemName>המבורגר אנטריקוט קלאסי 360 גר` זוגלובק</ItemName>
      <ManufactureName>זוגלובק שיווק בעמ</ManufactureName>
      <ManufactureCountry />
      <ManufactureItemDescription />
      <UnitQty>יח`</UnitQty>
      <Quantity>3.60</Quantity>
      <UnitMeasure>100 גרם</UnitMeasure>
      <BisWeighted>0</BisWeighted>
      <QtyInPackage>1</QtyInPackage>
      <ItemPrice>23.90</ItemPrice>
      <UnitOfMeasurePrice>6.64</UnitOfMeasurePrice>
      <AllowDiscount>0</AllowDiscount>
      <itemStatus>1</itemStatus>
      <LastUpdateDate />
      <LastUpdateTime />
    </Product>
    <Product>
      <PriceUpdateDate>2020/04/01 10:17</PriceUpdateDate>
      <ItemCode>7290109580029</ItemCode>
      <ItemType>1</ItemType>
      <ItemName>בורגר אנטיקוט ספייסי 360 גר` זוגלובק</ItemName>
      <ManufactureName>זוגלובק שיווק בעמ</ManufactureName>
      <ManufactureCountry />
      <ManufactureItemDescription />
      <UnitQty>יח`</UnitQty>
      <Quantity>3.60</Quantity>
      <UnitMeasure>100 גרם</UnitMeasure>
      <BisWeighted>0</BisWeighted>
      <QtyInPackage>1</QtyInPackage>
      <ItemPrice>23.90</ItemPrice>
      <UnitOfMeasurePrice>6.64</UnitOfMeasurePrice>
      <AllowDiscount>0</AllowDiscount>
      <itemStatus>1</itemStatus>
      <LastUpdateDate />
      <LastUpdateTime />
    </Product>
    <Product>
      <PriceUpdateDate>2018/04/24 13:14</PriceUpdateDate>
      <ItemCode>7290109920320</ItemCode>
      <ItemType>1</ItemType>
      <ItemName>אסטוניש מרסס משמיד עובש</ItemName>
      <ManufactureName>יעקב יעקבי ובניו בעמ</ManufactureName>
      <ManufactureCountry />
      <ManufactureItemDescription />
      <UnitQty>יח`</UnitQty>
      <Quantity>7.50</Quantity>
      <UnitMeasure>100 מ"ל</UnitMeasure>
      <BisWeighted>0</BisWeighted>
      <QtyInPackage>1</QtyInPackage>
      <ItemPrice>11.90</ItemPrice>
      <UnitOfMeasurePrice>1.59</UnitOfMeasurePrice>
      <AllowDiscount>0</AllowDiscount>
      <itemStatus>1</itemStatus>
      <LastUpdateDate />
      <LastUpdateTime />
    </Product>
    <Product>
      <PriceUpdateDate>2018/04/24 13:14</PriceUpdateDate>
      <ItemCode>7290109920580</ItemCode>
      <ItemType>1</ItemType>
      <ItemName>אסטוניש מרסס עם אקונומיקה</ItemName>
      <ManufactureName>יעקב יעקבי ובניו בעמ</ManufactureName>
      <ManufactureCountry />
      <ManufactureItemDescription />
      <UnitQty>יח`</UnitQty>
      <Quantity>7.50</Quantity>
      <UnitMeasure>100 מ"ל</UnitMeasure>
      <BisWeighted>0</BisWeighted>
      <QtyInPackage>1</QtyInPackage>
      <ItemPrice>11.90</ItemPrice>
      <UnitOfMeasurePrice>1.59</UnitOfMeasurePrice>
      <AllowDiscount>0</AllowDiscount>
      <itemStatus>1</itemStatus>
      <LastUpdateDate />
      <LastUpdateTime />
    </Product>
    <Product>
      <PriceUpdateDate>2018/04/24 13:14</PriceUpdateDate>
      <ItemCode>7290109920597</ItemCode>
      <ItemType>1</ItemType>
      <ItemName>אסטוניש מרסס למקלחון</ItemName>
      <ManufactureName>יעקב יעקבי ובניו בעמ</ManufactureName>
      <ManufactureCountry />
      <ManufactureItemDescription />
      <UnitQty>יח`</UnitQty>
      <Quantity>7.50</Quantity>
      <UnitMeasure>100 מ"ל</UnitMeasure>
      <BisWeighted>0</BisWeighted>
      <QtyInPackage>1</QtyInPackage>
      <ItemPrice>11.90</ItemPrice>
      <UnitOfMeasurePrice>1.59</UnitOfMeasurePrice>
      <AllowDiscount>0</AllowDiscount>
      <itemStatus>1</itemStatus>
      <LastUpdateDate />
      <LastUpdateTime />
    </Product>
    <Product>
      <PriceUpdateDate>2018/04/24 13:15</PriceUpdateDate>
      <ItemCode>7290109920603</ItemCode>
      <ItemType>1</ItemType>
      <ItemName>אסטוניש קרם מטבח 500 מל</ItemName>
      <ManufactureName>יעקב יעקבי ובניו בעמ</ManufactureName>
      <ManufactureCountry />
      <ManufactureItemDescription />
      <UnitQty>יח`</UnitQty>
      <Quantity>5</Quantity>
      <UnitMeasure>100 מ"ל</UnitMeasure>
      <BisWeighted>0</BisWeighted>
      <QtyInPackage>1</QtyInPackage>
      <ItemPrice>17.90</ItemPrice>
      <UnitOfMeasurePrice>3.58</UnitOfMeasurePrice>
      <AllowDiscount>0</AllowDiscount>
      <itemStatus>1</itemStatus>
      <LastUpdateDate />
      <LastUpdateTime />
    </Product>
    <Product>
      <PriceUpdateDate>2018/04/24 13:14</PriceUpdateDate>
      <ItemCode>7290109920849</ItemCode>
      <ItemType>1</ItemType>
      <ItemName>אסטוניש מרסס תפוז לניקוי רב תכליתי יעקוב</ItemName>
      <ManufactureName>יעקב יעקבי ובניו בעמ</ManufactureName>
      <ManufactureCountry />
      <ManufactureItemDescription />
      <UnitQty>יח`</UnitQty>
      <Quantity>7.50</Quantity>
      <UnitMeasure>100 מ"ל</UnitMeasure>
      <BisWeighted>0</BisWeighted>
      <QtyInPackage>1</QtyInPackage>
      <ItemPrice>11.90</ItemPrice>
      <UnitOfMeasurePrice>1.59</UnitOfMeasurePrice>
      <AllowDiscount>0</AllowDiscount>
      <itemStatus>1</itemStatus>
      <LastUpdateDate />
      <LastUpdateTime />
    </Product>
    <Product>
      <PriceUpdateDate>2019/04/10 14:42</PriceUpdateDate>
      <ItemCode>7290109921372</ItemCode>
      <ItemType>1</ItemType>
      <ItemName>אסטוניש משחה לתנורים+ספוג  250 גר`</ItemName>
      <ManufactureName>יעקב יעקבי ובניו בעמ</ManufactureName>
      <ManufactureCountry />
      <ManufactureItemDescription />
      <UnitQty>יח`</UnitQty>
      <Quantity>2.50</Quantity>
      <UnitMeasure>100 מ"ל</UnitMeasure>
      <BisWeighted>0</BisWeighted>
      <QtyInPackage>1</QtyInPackage>
      <ItemPrice>17.90</ItemPrice>
      <UnitOfMeasurePrice>7.16</UnitOfMeasurePrice>
      <AllowDiscount>0</AllowDiscount>
      <itemStatus>1</itemStatus>
      <LastUpdateDate />
      <LastUpdateTime />
    </Product>
    <Product>
      <PriceUpdateDate>2019/10/07 13:50</PriceUpdateDate>
      <ItemCode>7290109921488</ItemCode>
      <ItemType>1</ItemType>
      <ItemName>דורגול מסיר אבנית מכונת כביסה 500 מל</ItemName>
      <ManufactureName>יעקב יעקבי ובניו בעמ</ManufactureName>
      <ManufactureCountry />
      <ManufactureItemDescription />
      <UnitQty>יח`</UnitQty>
      <Quantity>5</Quantity>
      <UnitMeasure>100 מ"ל</UnitMeasure>
      <BisWeighted>0</BisWeighted>
      <QtyInPackage>1</QtyInPackage>
      <ItemPrice>29.90</ItemPrice>
      <UnitOfMeasurePrice>5.98</UnitOfMeasurePrice>
      <AllowDiscount>0</AllowDiscount>
      <itemStatus>1</itemStatus>
      <LastUpdateDate />
      <LastUpdateTime />
    </Product>
    <Product>
      <PriceUpdateDate>2019/10/10 09:50</PriceUpdateDate>
      <ItemCode>7290109921563</ItemCode>
      <ItemType>1</ItemType>
      <ItemName>יעקובי רצפות שיש 1.25 ליטר</ItemName>
      <ManufactureName>יעקב יעקבי ובניו בעמ</ManufactureName>
      <ManufactureCountry />
      <ManufactureItemDescription />
      <UnitQty>יח`</UnitQty>
      <Quantity>0.0130</Quantity>
      <UnitMeasure>100 מ"ל</UnitMeasure>
      <BisWeighted>0</BisWeighted>
      <QtyInPackage>1</QtyInPackage>
      <ItemPrice>14.90</ItemPrice>
      <UnitOfMeasurePrice>1146.15</UnitOfMeasurePrice>
      <AllowDiscount>0</AllowDiscount>
      <itemStatus>1</itemStatus>
      <LastUpdateDate />
      <LastUpdateTime />
    </Product>
    <Product>
      <PriceUpdateDate>2018/04/24 10:36</PriceUpdateDate>
      <ItemCode>7290110110277</ItemCode>
      <ItemType>1</ItemType>
      <ItemName>סיידר סומרסבי רביעייה 330 מל</ItemName>
      <ManufactureName>החברה המרכזית להפצת משקאות בעמ</ManufactureName>
      <ManufactureCountry />
      <ManufactureItemDescription />
      <UnitQty>יח`</UnitQty>
      <Quantity>13.20</Quantity>
      <UnitMeasure>100 מ"ל</UnitMeasure>
      <BisWeighted>0</BisWeighted>
      <QtyInPackage>1</QtyInPackage>
      <ItemPrice>35.90</ItemPrice>
      <UnitOfMeasurePrice>2.63</UnitOfMeasurePrice>
      <AllowDiscount>0</AllowDiscount>
      <itemStatus>1</itemStatus>
      <LastUpdateDate />
      <LastUpdateTime />
    </Product>
    <Product>
      <PriceUpdateDate>2018/11/12 07:49</PriceUpdateDate>
      <ItemCode>7290110110413</ItemCode>
      <ItemType>1</ItemType>
      <ItemName>פריגת צלול בטעם ענבים 1.5 ליטר</ItemName>
      <ManufactureName>החברה המרכזית להפצת משקאות בעמ</ManufactureName>
      <ManufactureCountry />
      <ManufactureItemDescription />
      <UnitQty>יח`</UnitQty>
      <Quantity>15</Quantity>
      <UnitMeasure>100 מ"ל</UnitMeasure>
      <BisWeighted>0</BisWeighted>
      <QtyInPackage>1</QtyInPackage>
      <ItemPrice>7.20</ItemPrice>
      <UnitOfMeasurePrice>0.48</UnitOfMeasurePrice>
      <AllowDiscount>1</AllowDiscount>
      <itemStatus>1</itemStatus>
      <LastUpdateDate />
      <LastUpdateTime />
    </Product>
    <Product>
      <PriceUpdateDate>2018/11/12 07:49</PriceUpdateDate>
      <ItemCode>7290110110581</ItemCode>
      <ItemType>1</ItemType>
      <ItemName>בקבוק קוקה-קולהז זירו נטול (1.5 ליטר)</ItemName>
      <ManufactureName>החברה המרכזית להפצת משקאות בעמ</ManufactureName>
      <ManufactureCountry />
      <ManufactureItemDescription />
      <UnitQty>יח`</UnitQty>
      <Quantity>15</Quantity>
      <UnitMeasure>100 מ"ל</UnitMeasure>
      <BisWeighted>0</BisWeighted>
      <QtyInPackage>1</QtyInPackage>
      <ItemPrice>6.90</ItemPrice>
      <UnitOfMeasurePrice>0.46</UnitOfMeasurePrice>
      <AllowDiscount>0</AllowDiscount>
      <itemStatus>1</itemStatus>
      <LastUpdateDate />
      <LastUpdateTime />
    </Product>
    <Product>
      <PriceUpdateDate>2018/11/12 07:49</PriceUpdateDate>
      <ItemCode>7290110110598</ItemCode>
      <ItemType>1</ItemType>
      <ItemName>בקבוק קוקה-קולה זירו לימון 1.5 ליטר</ItemName>
      <ManufactureName>החברה המרכזית להפצת משקאות בעמ</ManufactureName>
      <ManufactureCountry />
      <ManufactureItemDescription />
      <UnitQty>יח`</UnitQty>
      <Quantity>15</Quantity>
      <UnitMeasure>100 מ"ל</UnitMeasure>
      <BisWeighted>0</BisWeighted>
      <QtyInPackage>1</QtyInPackage>
      <ItemPrice>6.90</ItemPrice>
      <UnitOfMeasurePrice>0.46</UnitOfMeasurePrice>
      <AllowDiscount>0</AllowDiscount>
      <itemStatus>1</itemStatus>
      <LastUpdateDate />
      <LastUpdateTime />
    </Product>
    <Product>
      <PriceUpdateDate>2019/01/07 10:57</PriceUpdateDate>
      <ItemCode>7290110110611</ItemCode>
      <ItemType>1</ItemType>
      <ItemName>ספרייט ליים 1.5 ליטר</ItemName>
      <ManufactureName>החברה המרכזית להפצת משקאות בעמ</ManufactureName>
      <ManufactureCountry />
      <ManufactureItemDescription />
      <UnitQty>יח`</UnitQty>
      <Quantity>1.50</Quantity>
      <UnitMeasure>1 ליטר</UnitMeasure>
      <BisWeighted>0</BisWeighted>
      <QtyInPackage>1</QtyInPackage>
      <ItemPrice>6.90</ItemPrice>
      <UnitOfMeasurePrice>4.60</UnitOfMeasurePrice>
      <AllowDiscount>0</AllowDiscount>
      <itemStatus>1</itemStatus>
      <LastUpdateDate />
      <LastUpdateTime />
    </Product>
    <Product>
      <PriceUpdateDate>2018/04/26 19:00</PriceUpdateDate>
      <ItemCode>7290110110659</ItemCode>
      <ItemType>1</ItemType>
      <ItemName>פחית ספרייט ליים 330 מל סליק</ItemName>
      <ManufactureName>החברה המרכזית להפצת משקאות בעמ</ManufactureName>
      <ManufactureCountry />
      <ManufactureItemDescription />
      <UnitQty>יח`</UnitQty>
      <Quantity>3.30</Quantity>
      <UnitMeasure>100 מ"ל</UnitMeasure>
      <BisWeighted>0</BisWeighted>
      <QtyInPackage>1</QtyInPackage>
      <ItemPrice>4.50</ItemPrice>
      <UnitOfMeasurePrice>1.27</UnitOfMeasurePrice>
      <AllowDiscount>1</AllowDiscount>
      <itemStatus>1</itemStatus>
      <LastUpdateDate />
      <LastUpdateTime />
    </Product>
    <Product>
      <PriceUpdateDate>2018/11/12 07:49</PriceUpdateDate>
      <ItemCode>7290110110758</ItemCode>
      <ItemType>1</ItemType>
      <ItemName>פיוז טי לימון נענע 1.5 ליטר</ItemName>
      <ManufactureName>החברה המרכזית להפצת משקאות בעמ</ManufactureName>
      <ManufactureCountry />
      <ManufactureItemDescription />
      <UnitQty>יח`</UnitQty>
      <Quantity>15</Quantity>
      <UnitMeasure>100 מ"ל</UnitMeasure>
      <BisWeighted>0</BisWeighted>
      <QtyInPackage>1</QtyInPackage>
      <ItemPrice>7.20</ItemPrice>
      <UnitOfMeasurePrice>0.48</UnitOfMeasurePrice>
      <AllowDiscount>0</AllowDiscount>
      <itemStatus>1</itemStatus>
      <LastUpdateDate />
      <LastUpdateTime />
    </Product>
    <Product>
      <PriceUpdateDate>2019/08/07 10:33</PriceUpdateDate>
      <ItemCode>7290110111687</ItemCode>
      <ItemType>1</ItemType>
      <ItemName>פריגת צלול בטעם מנגו 1.5 ליטר</ItemName>
      <ManufactureName>החברה המרכזית להפצת משקאות בעמ</ManufactureName>
      <ManufactureCountry />
      <ManufactureItemDescription />
      <UnitQty>יח`</UnitQty>
      <Quantity>15</Quantity>
      <UnitMeasure>100 מ"ל</UnitMeasure>
      <BisWeighted>0</BisWeighted>
      <QtyInPackage>1</QtyInPackage>
      <ItemPrice>7.20</ItemPrice>
      <UnitOfMeasurePrice>0.48</UnitOfMeasurePrice>
      <AllowDiscount>0</AllowDiscount>
      <itemStatus>1</itemStatus>
      <LastUpdateDate />
      <LastUpdateTime />
    </Product>
    <Product>
      <PriceUpdateDate>2019/05/15 15:05</PriceUpdateDate>
      <ItemCode>7290110111694</ItemCode>
      <ItemType>1</ItemType>
      <ItemName>פריגת צלול בטעם לימוענע 1.5 ליטר</ItemName>
      <ManufactureName>החברה המרכזית להפצת משקאות בעמ</ManufactureName>
      <ManufactureCountry />
      <ManufactureItemDescription />
      <UnitQty>יח`</UnitQty>
      <Quantity>15</Quantity>
      <UnitMeasure>100 מ"ל</UnitMeasure>
      <BisWeighted>0</BisWeighted>
      <QtyInPackage>1</QtyInPackage>
      <ItemPrice>7.20</ItemPrice>
      <UnitOfMeasurePrice>0.48</UnitOfMeasurePrice>
      <AllowDiscount>1</AllowDiscount>
      <itemStatus>1</itemStatus>
      <LastUpdateDate />
      <LastUpdateTime />
    </Product>
    <Product>
      <PriceUpdateDate>2019/06/06 09:28</PriceUpdateDate>
      <ItemCode>7290110111724</ItemCode>
      <ItemType>1</ItemType>
      <ItemName>בירה מאלטי 3 דגנים 1.5 ליטר</ItemName>
      <ManufactureName>החברה המרכזית להפצת משקאות בעמ</ManufactureName>
      <ManufactureCountry />
      <ManufactureItemDescription />
      <UnitQty>יח`</UnitQty>
      <Quantity>1</Quantity>
      <UnitMeasure />
      <BisWeighted>0</BisWeighted>
      <QtyInPackage>1</QtyInPackage>
      <ItemPrice>7.90</ItemPrice>
      <UnitOfMeasurePrice>7.90</UnitOfMeasurePrice>
      <AllowDiscount>0</AllowDiscount>
      <itemStatus>1</itemStatus>
      <LastUpdateDate />
      <LastUpdateTime />
    </Product>
    <Product>
      <PriceUpdateDate>2019/05/15 15:05</PriceUpdateDate>
      <ItemCode>7290110111809</ItemCode>
      <ItemType>1</ItemType>
      <ItemName>פאנטה שישית פחיות פרידג`פק</ItemName>
      <ManufactureName>החברה המרכזית להפצת משקאות בעמ</ManufactureName>
      <ManufactureCountry />
      <ManufactureItemDescription />
      <UnitQty>יח`</UnitQty>
      <Quantity>1.98</Quantity>
      <UnitMeasure>1 ליטר</UnitMeasure>
      <BisWeighted>0</BisWeighted>
      <QtyInPackage>1</QtyInPackage>
      <ItemPrice>19.90</ItemPrice>
      <UnitOfMeasurePrice>9.14</UnitOfMeasurePrice>
      <AllowDiscount>1</AllowDiscount>
      <itemStatus>1</itemStatus>
      <LastUpdateDate />
      <LastUpdateTime />
    </Product>
    <Product>
      <PriceUpdateDate>2019/03/07 15:11</PriceUpdateDate>
      <ItemCode>7290110112134</ItemCode>
      <ItemType>1</ItemType>
      <ItemName>פיוז תה גרין פירות יער 1.5 ליטר</ItemName>
      <ManufactureName>החברה המרכזית להפצת משקאות בעמ</ManufactureName>
      <ManufactureCountry />
      <ManufactureItemDescription />
      <UnitQty>יח`</UnitQty>
      <Quantity>1</Quantity>
      <UnitMeasure />
      <BisWeighted>0</BisWeighted>
      <QtyInPackage>1</QtyInPackage>
      <ItemPrice>7.20</ItemPrice>
      <UnitOfMeasurePrice>7.20</UnitOfMeasurePrice>
      <AllowDiscount>0</AllowDiscount>
      <itemStatus>1</itemStatus>
      <LastUpdateDate />
      <LastUpdateTime />
    </Product>
    <Product>
      <PriceUpdateDate>2019/07/15 09:28</PriceUpdateDate>
      <ItemCode>7290110112257</ItemCode>
      <ItemType>1</ItemType>
      <ItemName>פחית קוקה קולה 250 מל+קפה </ItemName>
      <ManufactureName>החברה המרכזית להפצת משקאות בעמ</ManufactureName>
      <ManufactureCountry />
      <ManufactureItemDescription />
      <UnitQty>יח`</UnitQty>
      <Quantity>2.50</Quantity>
      <UnitMeasure>100 מ"ל</UnitMeasure>
      <BisWeighted>0</BisWeighted>
      <QtyInPackage>1</QtyInPackage>
      <ItemPrice>3.90</ItemPrice>
      <UnitOfMeasurePrice>1.44</UnitOfMeasurePrice>
      <AllowDiscount>0</AllowDiscount>
      <itemStatus>1</itemStatus>
      <LastUpdateDate />
      <LastUpdateTime />
    </Product>
    <Product>
      <PriceUpdateDate>2019/11/21 08:20</PriceUpdateDate>
      <ItemCode>7290110113308</ItemCode>
      <ItemType>1</ItemType>
      <ItemName>פריגת צלול בטעם תפוזים 1.5 ליטר</ItemName>
      <ManufactureName>החברה המרכזית להפצת משקאות בעמ</ManufactureName>
      <ManufactureCountry />
      <ManufactureItemDescription />
      <UnitQty>יח`</UnitQty>
      <Quantity>15</Quantity>
      <UnitMeasure>100 מ"ל</UnitMeasure>
      <BisWeighted>0</BisWeighted>
      <QtyInPackage>1</QtyInPackage>
      <ItemPrice>7.20</ItemPrice>
      <UnitOfMeasurePrice>0.48</UnitOfMeasurePrice>
      <AllowDiscount>1</AllowDiscount>
      <itemStatus>1</itemStatus>
      <LastUpdateDate />
      <LastUpdateTime />
    </Product>
    <Product>
      <PriceUpdateDate>2018/08/08 12:35</PriceUpdateDate>
      <ItemCode>7290110320591</ItemCode>
      <ItemType>1</ItemType>
      <ItemName>בולגרית 16% במרקם מעודן 250 גר</ItemName>
      <ManufactureName>תנובה - חלב</ManufactureName>
      <ManufactureCountry />
      <ManufactureItemDescription />
      <UnitQty>יח`</UnitQty>
      <Quantity>2.50</Quantity>
      <UnitMeasure>100 גרם</UnitMeasure>
      <BisWeighted>0</BisWeighted>
      <QtyInPackage>1</QtyInPackage>
      <ItemPrice>21.90</ItemPrice>
      <UnitOfMeasurePrice>8.76</UnitOfMeasurePrice>
      <AllowDiscount>0</AllowDiscount>
      <itemStatus>1</itemStatus>
      <LastUpdateDate />
      <LastUpdateTime />
    </Product>
    <Product>
      <PriceUpdateDate>2018/08/08 12:35</PriceUpdateDate>
      <ItemCode>7290110320775</ItemCode>
      <ItemType>1</ItemType>
      <ItemName>משקה יופלה בטעם קלאסי שמינייה תנובה</ItemName>
      <ManufactureName>תנובה - חלב</ManufactureName>
      <ManufactureCountry />
      <ManufactureItemDescription />
      <UnitQty>יח`</UnitQty>
      <Quantity>0.0090</Quantity>
      <UnitMeasure>100 גרם</UnitMeasure>
      <BisWeighted>0</BisWeighted>
      <QtyInPackage>1</QtyInPackage>
      <ItemPrice>17.50</ItemPrice>
      <UnitOfMeasurePrice>1944.44</UnitOfMeasurePrice>
      <AllowDiscount>1</AllowDiscount>
      <itemStatus>1</itemStatus>
      <LastUpdateDate />
      <LastUpdateTime />
    </Product>
    <Product>
      <PriceUpdateDate>2018/04/24 13:01</PriceUpdateDate>
      <ItemCode>7290110320850</ItemCode>
      <ItemType>1</ItemType>
      <ItemName>פתיתי עמק 200 גר</ItemName>
      <ManufactureName>תנובה - חלב</ManufactureName>
      <ManufactureCountry />
      <ManufactureItemDescription />
      <UnitQty>יח`</UnitQty>
      <Quantity>2</Quantity>
      <UnitMeasure>100 גרם</UnitMeasure>
      <BisWeighted>0</BisWeighted>
      <QtyInPackage>1</QtyInPackage>
      <ItemPrice>14.90</ItemPrice>
      <UnitOfMeasurePrice>7.45</UnitOfMeasurePrice>
      <AllowDiscount>0</AllowDiscount>
      <itemStatus>1</itemStatus>
      <LastUpdateDate />
      <LastUpdateTime />
    </Product>
    <Product>
      <PriceUpdateDate>2018/08/05 11:28</PriceUpdateDate>
      <ItemCode>7290110320867</ItemCode>
      <ItemType>1</ItemType>
      <ItemName>פתיתי עמק למאפים 28% 500 גר</ItemName>
      <ManufactureName>תנובה - חלב</ManufactureName>
      <ManufactureCountry />
      <ManufactureItemDescription />
      <UnitQty>יח`</UnitQty>
      <Quantity>5</Quantity>
      <UnitMeasure>100 גרם</UnitMeasure>
      <BisWeighted>0</BisWeighted>
      <QtyInPackage>1</QtyInPackage>
      <ItemPrice>34.90</ItemPrice>
      <UnitOfMeasurePrice>6.98</UnitOfMeasurePrice>
      <AllowDiscount>0</AllowDiscount>
      <itemStatus>1</itemStatus>
      <LastUpdateDate />
      <LastUpdateTime />
    </Product>
    <Product>
      <PriceUpdateDate>2018/08/08 12:35</PriceUpdateDate>
      <ItemCode>7290110320935</ItemCode>
      <ItemType>1</ItemType>
      <ItemName>פרוסות מוצרלה 150 גר` תנובה</ItemName>
      <ManufactureName>תנובה - חלב</ManufactureName>
      <ManufactureCountry />
      <ManufactureItemDescription />
      <UnitQty>יח`</UnitQty>
      <Quantity>1.50</Quantity>
      <UnitMeasure>100 גרם</UnitMeasure>
      <BisWeighted>0</BisWeighted>
      <QtyInPackage>1</QtyInPackage>
      <ItemPrice>16.90</ItemPrice>
      <UnitOfMeasurePrice>11.27</UnitOfMeasurePrice>
      <AllowDiscount>0</AllowDiscount>
      <itemStatus>1</itemStatus>
      <LastUpdateDate />
      <LastUpdateTime />
    </Product>
    <Product>
      <PriceUpdateDate>2018/04/24 13:08</PriceUpdateDate>
      <ItemCode>7290110321031</ItemCode>
      <ItemType>1</ItemType>
      <ItemName>GO יופלה 200 מל תנובה</ItemName>
      <ManufactureName>תנובה - חלב</ManufactureName>
      <ManufactureCountry />
      <ManufactureItemDescription />
      <UnitQty>יח`</UnitQty>
      <Quantity>2</Quantity>
      <UnitMeasure>100 מ"ל</UnitMeasure>
      <BisWeighted>0</BisWeighted>
      <QtyInPackage>1</QtyInPackage>
      <ItemPrice>5.30</ItemPrice>
      <UnitOfMeasurePrice>2.65</UnitOfMeasurePrice>
      <AllowDiscount>1</AllowDiscount>
      <itemStatus>1</itemStatus>
      <LastUpdateDate />
      <LastUpdateTime />
    </Product>
    <Product>
      <PriceUpdateDate>2018/04/24 13:08</PriceUpdateDate>
      <ItemCode>7290110321048</ItemCode>
      <ItemType>1</ItemType>
      <ItemName>GO יופלה במתיקות מעודנת 200</ItemName>
      <ManufactureName>תנובה - חלב</ManufactureName>
      <ManufactureCountry />
      <ManufactureItemDescription />
      <UnitQty>יח`</UnitQty>
      <Quantity>2</Quantity>
      <UnitMeasure>100 מ"ל</UnitMeasure>
      <BisWeighted>0</BisWeighted>
      <QtyInPackage>1</QtyInPackage>
      <ItemPrice>5.30</ItemPrice>
      <UnitOfMeasurePrice>2.65</UnitOfMeasurePrice>
      <AllowDiscount>1</AllowDiscount>
      <itemStatus>1</itemStatus>
      <LastUpdateDate />
      <LastUpdateTime />
    </Product>
    <Product>
      <PriceUpdateDate>2018/08/08 12:35</PriceUpdateDate>
      <ItemCode>7290110321239</ItemCode>
      <ItemType>1</ItemType>
      <ItemName>מעדן יולו שכבות שוקולד לבן וחלב בטעם קרמ</ItemName>
      <ManufactureName>תנובה - חלב</ManufactureName>
      <ManufactureCountry />
      <ManufactureItemDescription />
      <UnitQty>יח`</UnitQty>
      <Quantity>1.22</Quantity>
      <UnitMeasure>100 גרם</UnitMeasure>
      <BisWeighted>0</BisWeighted>
      <QtyInPackage>1</QtyInPackage>
      <ItemPrice>4.50</ItemPrice>
      <UnitOfMeasurePrice>3.69</UnitOfMeasurePrice>
      <AllowDiscount>1</AllowDiscount>
      <itemStatus>1</itemStatus>
      <LastUpdateDate />
      <LastUpdateTime />
    </Product>
    <Product>
      <PriceUpdateDate>2018/04/24 13:08</PriceUpdateDate>
      <ItemCode>7290110321277</ItemCode>
      <ItemType>1</ItemType>
      <ItemName>קוטג בקטנה 5% מהדרין 100  גר`תנובה</ItemName>
      <ManufactureName>תנובה - חלב</ManufactureName>
      <ManufactureCountry />
      <ManufactureItemDescription />
      <UnitQty>יח`</UnitQty>
      <Quantity>1</Quantity>
      <UnitMeasure>100 גרם</UnitMeasure>
      <BisWeighted>0</BisWeighted>
      <QtyInPackage>1</QtyInPackage>
      <ItemPrice>2.30</ItemPrice>
      <UnitOfMeasurePrice>2.30</UnitOfMeasurePrice>
      <AllowDiscount>0</AllowDiscount>
      <itemStatus>1</itemStatus>
      <LastUpdateDate />
      <LastUpdateTime />
    </Product>
    <Product>
      <PriceUpdateDate>2018/04/24 13:08</PriceUpdateDate>
      <ItemCode>7290110321284</ItemCode>
      <ItemType>1</ItemType>
      <ItemName>קוטג בקטנה 9% מהדרין 100  גר`תנובה</ItemName>
      <ManufactureName>תנובה - חלב</ManufactureName>
      <ManufactureCountry />
      <ManufactureItemDescription />
      <UnitQty>יח`</UnitQty>
      <Quantity>1</Quantity>
      <UnitMeasure>100 גרם</UnitMeasure>
      <BisWeighted>0</BisWeighted>
      <QtyInPackage>1</QtyInPackage>
      <ItemPrice>2.30</ItemPrice>
      <UnitOfMeasurePrice>2.30</UnitOfMeasurePrice>
      <AllowDiscount>0</AllowDiscount>
      <itemStatus>1</itemStatus>
      <LastUpdateDate />
      <LastUpdateTime />
    </Product>
    <Product>
      <PriceUpdateDate>2018/05/17 10:38</PriceUpdateDate>
      <ItemCode>7290110321505</ItemCode>
      <ItemType>1</ItemType>
      <ItemName>יופלה דיאט קוקוס 150 מל תנובה</ItemName>
      <ManufactureName>תנובה - חלב</ManufactureName>
      <ManufactureCountry />
      <ManufactureItemDescription />
      <UnitQty>יח`</UnitQty>
      <Quantity>1.50</Quantity>
      <UnitMeasure>100 מ"ל</UnitMeasure>
      <BisWeighted>0</BisWeighted>
      <QtyInPackage>1</QtyInPackage>
      <ItemPrice>4.90</ItemPrice>
      <UnitOfMeasurePrice>3.27</UnitOfMeasurePrice>
      <AllowDiscount>1</AllowDiscount>
      <itemStatus>1</itemStatus>
      <LastUpdateDate />
      <LastUpdateTime />
    </Product>
    <Product>
      <PriceUpdateDate>2018/08/08 12:35</PriceUpdateDate>
      <ItemCode>7290110321604</ItemCode>
      <ItemType>1</ItemType>
      <ItemName>גבינה בולגרית מעודנת 5% שומן+תערובת  גרע</ItemName>
      <ManufactureName>תנובה - חלב</ManufactureName>
      <ManufactureCountry />
      <ManufactureItemDescription />
      <UnitQty>יח`</UnitQty>
      <Quantity>2</Quantity>
      <UnitMeasure>100 גרם</UnitMeasure>
      <BisWeighted>0</BisWeighted>
      <QtyInPackage>1</QtyInPackage>
      <ItemPrice>20.90</ItemPrice>
      <UnitOfMeasurePrice>10.45</UnitOfMeasurePrice>
      <AllowDiscount>0</AllowDiscount>
      <itemStatus>1</itemStatus>
      <LastUpdateDate />
      <LastUpdateTime />
    </Product>
    <Product>
      <PriceUpdateDate>2018/04/24 13:02</PriceUpdateDate>
      <ItemCode>7290110321680</ItemCode>
      <ItemType>1</ItemType>
      <ItemName>יופלה תות GO 200 מל</ItemName>
      <ManufactureName>תנובה - חלב</ManufactureName>
      <ManufactureCountry />
      <ManufactureItemDescription />
      <UnitQty>יח`</UnitQty>
      <Quantity>2</Quantity>
      <UnitMeasure>100 מ"ל</UnitMeasure>
      <BisWeighted>0</BisWeighted>
      <QtyInPackage>1</QtyInPackage>
      <ItemPrice>5.60</ItemPrice>
      <UnitOfMeasurePrice>2.80</UnitOfMeasurePrice>
      <AllowDiscount>1</AllowDiscount>
      <itemStatus>1</itemStatus>
      <LastUpdateDate />
      <LastUpdateTime />
    </Product>
    <Product>
      <PriceUpdateDate>2018/04/24 13:02</PriceUpdateDate>
      <ItemCode>7290110321697</ItemCode>
      <ItemType>1</ItemType>
      <ItemName>יופלה אפרסק GO 200 מל</ItemName>
      <ManufactureName>תנובה - חלב</ManufactureName>
      <ManufactureCountry />
      <ManufactureItemDescription />
      <UnitQty>יח`</UnitQty>
      <Quantity>2</Quantity>
      <UnitMeasure>100 מ"ל</UnitMeasure>
      <BisWeighted>0</BisWeighted>
      <QtyInPackage>1</QtyInPackage>
      <ItemPrice>5.60</ItemPrice>
      <UnitOfMeasurePrice>2.80</UnitOfMeasurePrice>
      <AllowDiscount>1</AllowDiscount>
      <itemStatus>1</itemStatus>
      <LastUpdateDate />
      <LastUpdateTime />
    </Product>
    <Product>
      <PriceUpdateDate>2019/04/08 14:54</PriceUpdateDate>
      <ItemCode>7290110321703</ItemCode>
      <ItemType>1</ItemType>
      <ItemName>יופלה פירות יער 200 מל GO תנובה</ItemName>
      <ManufactureName>תנובה - חלב</ManufactureName>
      <ManufactureCountry />
      <ManufactureItemDescription />
      <UnitQty>יח`</UnitQty>
      <Quantity>2</Quantity>
      <UnitMeasure>100 מ"ל</UnitMeasure>
      <BisWeighted>0</BisWeighted>
      <QtyInPackage>1</QtyInPackage>
      <ItemPrice>5.60</ItemPrice>
      <UnitOfMeasurePrice>2.80</UnitOfMeasurePrice>
      <AllowDiscount>1</AllowDiscount>
      <itemStatus>1</itemStatus>
      <LastUpdateDate />
      <LastUpdateTime />
    </Product>
    <Product>
      <PriceUpdateDate>2019/05/07 09:24</PriceUpdateDate>
      <ItemCode>7290110321789</ItemCode>
      <ItemType>1</ItemType>
      <ItemName>גבינת מסקרפונה 38% שומן 250  גר`השף הלבן</ItemName>
      <ManufactureName>תנובה - חלב</ManufactureName>
      <ManufactureCountry />
      <ManufactureItemDescription />
      <UnitQty>יח`</UnitQty>
      <Quantity>2.50</Quantity>
      <UnitMeasure>100 גרם</UnitMeasure>
      <BisWeighted>0</BisWeighted>
      <QtyInPackage>1</QtyInPackage>
      <ItemPrice>19.90</ItemPrice>
      <UnitOfMeasurePrice>7.96</UnitOfMeasurePrice>
      <AllowDiscount>0</AllowDiscount>
      <itemStatus>1</itemStatus>
      <LastUpdateDate />
      <LastUpdateTime />
    </Product>
    <Product>
      <PriceUpdateDate>2018/05/17 10:38</PriceUpdateDate>
      <ItemCode>7290110322014</ItemCode>
      <ItemType>1</ItemType>
      <ItemName>טופו בטעם טבעי 300  גר`תנובה</ItemName>
      <ManufactureName>תנובה - חלב</ManufactureName>
      <ManufactureCountry />
      <ManufactureItemDescription />
      <UnitQty>יח`</UnitQty>
      <Quantity>3</Quantity>
      <UnitMeasure>100 גרם</UnitMeasure>
      <BisWeighted>0</BisWeighted>
      <QtyInPackage>1</QtyInPackage>
      <ItemPrice>11.90</ItemPrice>
      <UnitOfMeasurePrice>3.97</UnitOfMeasurePrice>
      <AllowDiscount>0</AllowDiscount>
      <itemStatus>1</itemStatus>
      <LastUpdateDate />
      <LastUpdateTime />
    </Product>
    <Product>
      <PriceUpdateDate>2018/05/17 10:38</PriceUpdateDate>
      <ItemCode>7290110322021</ItemCode>
      <ItemType>1</ItemType>
      <ItemName>טופו בטעם בזיליקום 300  גר`תנובה</ItemName>
      <ManufactureName>תנובה - חלב</ManufactureName>
      <ManufactureCountry />
      <ManufactureItemDescription />
      <UnitQty>יח`</UnitQty>
      <Quantity>3</Quantity>
      <UnitMeasure>100 גרם</UnitMeasure>
      <BisWeighted>0</BisWeighted>
      <QtyInPackage>1</QtyInPackage>
      <ItemPrice>11.90</ItemPrice>
      <UnitOfMeasurePrice>3.97</UnitOfMeasurePrice>
      <AllowDiscount>0</AllowDiscount>
      <itemStatus>1</itemStatus>
      <LastUpdateDate />
      <LastUpdateTime />
    </Product>
    <Product>
      <PriceUpdateDate>2018/10/26 13:04</PriceUpdateDate>
      <ItemCode>7290110322946</ItemCode>
      <ItemType>1</ItemType>
      <ItemName>יופלה טיוב במרקם חלק בטעם תות בננה 348 ג</ItemName>
      <ManufactureName>תנובה - חלב</ManufactureName>
      <ManufactureCountry />
      <ManufactureItemDescription />
      <UnitQty>יח`</UnitQty>
      <Quantity>3.48</Quantity>
      <UnitMeasure>100 גרם</UnitMeasure>
      <BisWeighted>0</BisWeighted>
      <QtyInPackage>1</QtyInPackage>
      <ItemPrice>11.90</ItemPrice>
      <UnitOfMeasurePrice>3.42</UnitOfMeasurePrice>
      <AllowDiscount>0</AllowDiscount>
      <itemStatus>1</itemStatus>
      <LastUpdateDate />
      <LastUpdateTime />
    </Product>
    <Product>
      <PriceUpdateDate>2019/04/08 14:54</PriceUpdateDate>
      <ItemCode>7290110323066</ItemCode>
      <ItemType>1</ItemType>
      <ItemName>יופלה משקה יוגורט מועשר בחלבון עם בננה ו</ItemName>
      <ManufactureName>תנובה - חלב</ManufactureName>
      <ManufactureCountry />
      <ManufactureItemDescription />
      <UnitQty>יח`</UnitQty>
      <Quantity>1</Quantity>
      <UnitMeasure />
      <BisWeighted>0</BisWeighted>
      <QtyInPackage>1</QtyInPackage>
      <ItemPrice>6.10</ItemPrice>
      <UnitOfMeasurePrice>6.10</UnitOfMeasurePrice>
      <AllowDiscount>1</AllowDiscount>
      <itemStatus>1</itemStatus>
      <LastUpdateDate />
      <LastUpdateTime />
    </Product>
    <Product>
      <PriceUpdateDate>2018/09/06 11:24</PriceUpdateDate>
      <ItemCode>7290110323073</ItemCode>
      <ItemType>1</ItemType>
      <ItemName>יופלה משקה יוגורט מועשר בחלבון עם תות ופ</ItemName>
      <ManufactureName>תנובה - חלב</ManufactureName>
      <ManufactureCountry />
      <ManufactureItemDescription />
      <UnitQty>יח`</UnitQty>
      <Quantity>1</Quantity>
      <UnitMeasure />
      <BisWeighted>0</BisWeighted>
      <QtyInPackage>1</QtyInPackage>
      <ItemPrice>6.10</ItemPrice>
      <UnitOfMeasurePrice>6.10</UnitOfMeasurePrice>
      <AllowDiscount>1</AllowDiscount>
      <itemStatus>1</itemStatus>
      <LastUpdateDate />
      <LastUpdateTime />
    </Product>
    <Product>
      <PriceUpdateDate>2019/05/13 10:57</PriceUpdateDate>
      <ItemCode>7290110323202</ItemCode>
      <ItemType>1</ItemType>
      <ItemName>יופלה בטעם אננס 200 גר` GO</ItemName>
      <ManufactureName>תנובה - חלב</ManufactureName>
      <ManufactureCountry />
      <ManufactureItemDescription />
      <UnitQty>יח`</UnitQty>
      <Quantity>2</Quantity>
      <UnitMeasure>100 מ"ל</UnitMeasure>
      <BisWeighted>0</BisWeighted>
      <QtyInPackage>1</QtyInPackage>
      <ItemPrice>5.60</ItemPrice>
      <UnitOfMeasurePrice>2.80</UnitOfMeasurePrice>
      <AllowDiscount>1</AllowDiscount>
      <itemStatus>1</itemStatus>
      <LastUpdateDate />
      <LastUpdateTime />
    </Product>
    <Product>
      <PriceUpdateDate>2018/12/23 11:36</PriceUpdateDate>
      <ItemCode>7290110323585</ItemCode>
      <ItemType>1</ItemType>
      <ItemName>יוגורט GO עם דובדבן מופחת קולריות 200 ג</ItemName>
      <ManufactureName>תנובה - חלב</ManufactureName>
      <ManufactureCountry />
      <ManufactureItemDescription />
      <UnitQty>יח`</UnitQty>
      <Quantity>2</Quantity>
      <UnitMeasure>100 גרם</UnitMeasure>
      <BisWeighted>0</BisWeighted>
      <QtyInPackage>1</QtyInPackage>
      <ItemPrice>5.50</ItemPrice>
      <UnitOfMeasurePrice>2.75</UnitOfMeasurePrice>
      <AllowDiscount>1</AllowDiscount>
      <itemStatus>1</itemStatus>
      <LastUpdateDate />
      <LastUpdateTime />
    </Product>
    <Product>
      <PriceUpdateDate>2018/12/23 11:36</PriceUpdateDate>
      <ItemCode>7290110323592</ItemCode>
      <ItemType>1</ItemType>
      <ItemName>יוגורט GO עם אפרסק מופחת קלוריות 200 גר</ItemName>
      <ManufactureName>תנובה - חלב</ManufactureName>
      <ManufactureCountry />
      <ManufactureItemDescription />
      <UnitQty>יח`</UnitQty>
      <Quantity>2</Quantity>
      <UnitMeasure>100 גרם</UnitMeasure>
      <BisWeighted>0</BisWeighted>
      <QtyInPackage>1</QtyInPackage>
      <ItemPrice>5.50</ItemPrice>
      <UnitOfMeasurePrice>2.75</UnitOfMeasurePrice>
      <AllowDiscount>1</AllowDiscount>
      <itemStatus>1</itemStatus>
      <LastUpdateDate />
      <LastUpdateTime />
    </Product>
    <Product>
      <PriceUpdateDate>2018/12/23 11:36</PriceUpdateDate>
      <ItemCode>7290110323608</ItemCode>
      <ItemType>1</ItemType>
      <ItemName>יוגורט GO עם פירות יער מופחת קולריות 20</ItemName>
      <ManufactureName>תנובה - חלב</ManufactureName>
      <ManufactureCountry />
      <ManufactureItemDescription />
      <UnitQty>יח`</UnitQty>
      <Quantity>2</Quantity>
      <UnitMeasure>100 גרם</UnitMeasure>
      <BisWeighted>0</BisWeighted>
      <QtyInPackage>1</QtyInPackage>
      <ItemPrice>5.50</ItemPrice>
      <UnitOfMeasurePrice>2.75</UnitOfMeasurePrice>
      <AllowDiscount>1</AllowDiscount>
      <itemStatus>1</itemStatus>
      <LastUpdateDate />
      <LastUpdateTime />
    </Product>
    <Product>
      <PriceUpdateDate>2019/01/24 08:32</PriceUpdateDate>
      <ItemCode>7290110323714</ItemCode>
      <ItemType>1</ItemType>
      <ItemName>משקה קוקוס שקדים 1 ליטר תנובה</ItemName>
      <ManufactureName>תנובה - חלב</ManufactureName>
      <ManufactureCountry />
      <ManufactureItemDescription />
      <UnitQty>יח`</UnitQty>
      <Quantity>10</Quantity>
      <UnitMeasure>100 מ"ל</UnitMeasure>
      <BisWeighted>0</BisWeighted>
      <QtyInPackage>1</QtyInPackage>
      <ItemPrice>11.90</ItemPrice>
      <UnitOfMeasurePrice>1.19</UnitOfMeasurePrice>
      <AllowDiscount>1</AllowDiscount>
      <itemStatus>1</itemStatus>
      <LastUpdateDate />
      <LastUpdateTime />
    </Product>
    <Product>
      <PriceUpdateDate>2019/03/08 07:33</PriceUpdateDate>
      <ItemCode>7290110323783</ItemCode>
      <ItemType>1</ItemType>
      <ItemName>יולו שוקולד חלב עם קצפת 42% מוצקי קקאו(1</ItemName>
      <ManufactureName>תנובה - חלב</ManufactureName>
      <ManufactureCountry />
      <ManufactureItemDescription />
      <UnitQty>יח`</UnitQty>
      <Quantity>1.20</Quantity>
      <UnitMeasure>100 גרם</UnitMeasure>
      <BisWeighted>0</BisWeighted>
      <QtyInPackage>1</QtyInPackage>
      <ItemPrice>3.70</ItemPrice>
      <UnitOfMeasurePrice>3.08</UnitOfMeasurePrice>
      <AllowDiscount>1</AllowDiscount>
      <itemStatus>1</itemStatus>
      <LastUpdateDate />
      <LastUpdateTime />
    </Product>
    <Product>
      <PriceUpdateDate>2019/03/08 07:33</PriceUpdateDate>
      <ItemCode>7290110323806</ItemCode>
      <ItemType>1</ItemType>
      <ItemName>יולו שוקולד עם קצפת 36% מוצקי קקאו 120 ג</ItemName>
      <ManufactureName>תנובה - חלב</ManufactureName>
      <ManufactureCountry />
      <ManufactureItemDescription />
      <UnitQty>יח`</UnitQty>
      <Quantity>1.20</Quantity>
      <UnitMeasure>100 גרם</UnitMeasure>
      <BisWeighted>0</BisWeighted>
      <QtyInPackage>1</QtyInPackage>
      <ItemPrice>3.70</ItemPrice>
      <UnitOfMeasurePrice>3.08</UnitOfMeasurePrice>
      <AllowDiscount>1</AllowDiscount>
      <itemStatus>1</itemStatus>
      <LastUpdateDate />
      <LastUpdateTime />
    </Product>
    <Product>
      <PriceUpdateDate>2019/05/13 10:57</PriceUpdateDate>
      <ItemCode>7290110324353</ItemCode>
      <ItemType>1</ItemType>
      <ItemName>יופלה לייט בטעם אננס 200 גר` GO</ItemName>
      <ManufactureName>תנובה - חלב</ManufactureName>
      <ManufactureCountry />
      <ManufactureItemDescription />
      <UnitQty>יח`</UnitQty>
      <Quantity>2</Quantity>
      <UnitMeasure>100 מ"ל</UnitMeasure>
      <BisWeighted>0</BisWeighted>
      <QtyInPackage>1</QtyInPackage>
      <ItemPrice>5.60</ItemPrice>
      <UnitOfMeasurePrice>2.80</UnitOfMeasurePrice>
      <AllowDiscount>1</AllowDiscount>
      <itemStatus>1</itemStatus>
      <LastUpdateDate />
      <LastUpdateTime />
    </Product>
    <Product>
      <PriceUpdateDate>2020/01/13 09:47</PriceUpdateDate>
      <ItemCode>7290110324407</ItemCode>
      <ItemType>1</ItemType>
      <ItemName>עמק בנגיעות טוסקנה 200 גר`</ItemName>
      <ManufactureName>תנובה - חלב</ManufactureName>
      <ManufactureCountry />
      <ManufactureItemDescription />
      <UnitQty>יח`</UnitQty>
      <Quantity>2</Quantity>
      <UnitMeasure>100 גרם</UnitMeasure>
      <BisWeighted>0</BisWeighted>
      <QtyInPackage>1</QtyInPackage>
      <ItemPrice>17.90</ItemPrice>
      <UnitOfMeasurePrice>8.95</UnitOfMeasurePrice>
      <AllowDiscount>0</AllowDiscount>
      <itemStatus>1</itemStatus>
      <LastUpdateDate />
      <LastUpdateTime />
    </Product>
    <Product>
      <PriceUpdateDate>2019/04/14 11:38</PriceUpdateDate>
      <ItemCode>7290110324551</ItemCode>
      <ItemType>1</ItemType>
      <ItemName>יופלה טיוב במרקם חלק בטעם תות 348 גר` מה</ItemName>
      <ManufactureName>תנובה - חלב</ManufactureName>
      <ManufactureCountry />
      <ManufactureItemDescription />
      <UnitQty>יח`</UnitQty>
      <Quantity>3.48</Quantity>
      <UnitMeasure>100 גרם</UnitMeasure>
      <BisWeighted>0</BisWeighted>
      <QtyInPackage>1</QtyInPackage>
      <ItemPrice>11.90</ItemPrice>
      <UnitOfMeasurePrice>3.42</UnitOfMeasurePrice>
      <AllowDiscount>0</AllowDiscount>
      <itemStatus>1</itemStatus>
      <LastUpdateDate />
      <LastUpdateTime />
    </Product>
    <Product>
      <PriceUpdateDate>2019/09/05 12:07</PriceUpdateDate>
      <ItemCode>7290110324605</ItemCode>
      <ItemType>1</ItemType>
      <ItemName>יופלה יוגורט בכוס עם קשית בטעם עוגיות אח</ItemName>
      <ManufactureName>תנובה - חלב</ManufactureName>
      <ManufactureCountry />
      <ManufactureItemDescription />
      <UnitQty>יח`</UnitQty>
      <Quantity>2</Quantity>
      <UnitMeasure>100 מ"ל</UnitMeasure>
      <BisWeighted>0</BisWeighted>
      <QtyInPackage>1</QtyInPackage>
      <ItemPrice>5.90</ItemPrice>
      <UnitOfMeasurePrice>2.95</UnitOfMeasurePrice>
      <AllowDiscount>0</AllowDiscount>
      <itemStatus>1</itemStatus>
      <LastUpdateDate />
      <LastUpdateTime />
    </Product>
    <Product>
      <PriceUpdateDate>2019/09/05 12:07</PriceUpdateDate>
      <ItemCode>7290110324612</ItemCode>
      <ItemType>1</ItemType>
      <ItemName>יופלה יוגורט בכוס עם קשית בטעם תותים בשמ</ItemName>
      <ManufactureName>תנובה - חלב</ManufactureName>
      <ManufactureCountry />
      <ManufactureItemDescription />
      <UnitQty>יח`</UnitQty>
      <Quantity>2</Quantity>
      <UnitMeasure>100 מ"ל</UnitMeasure>
      <BisWeighted>0</BisWeighted>
      <QtyInPackage>1</QtyInPackage>
      <ItemPrice>5.90</ItemPrice>
      <UnitOfMeasurePrice>2.95</UnitOfMeasurePrice>
      <AllowDiscount>0</AllowDiscount>
      <itemStatus>1</itemStatus>
      <LastUpdateDate />
      <LastUpdateTime />
    </Product>
    <Product>
      <PriceUpdateDate>2019/09/05 12:07</PriceUpdateDate>
      <ItemCode>7290110324636</ItemCode>
      <ItemType>1</ItemType>
      <ItemName>יופלה יוגורט בכוס עם קשית בטעם פירות יער</ItemName>
      <ManufactureName>תנובה - חלב</ManufactureName>
      <ManufactureCountry />
      <ManufactureItemDescription />
      <UnitQty>יח`</UnitQty>
      <Quantity>2</Quantity>
      <UnitMeasure>100 מ"ל</UnitMeasure>
      <BisWeighted>0</BisWeighted>
      <QtyInPackage>1</QtyInPackage>
      <ItemPrice>5.90</ItemPrice>
      <UnitOfMeasurePrice>2.95</UnitOfMeasurePrice>
      <AllowDiscount>0</AllowDiscount>
      <itemStatus>1</itemStatus>
      <LastUpdateDate />
      <LastUpdateTime />
    </Product>
    <Product>
      <PriceUpdateDate>2019/06/21 07:03</PriceUpdateDate>
      <ItemCode>7290110324704</ItemCode>
      <ItemType>1</ItemType>
      <ItemName>טופו בטעם מתובל בסגנון פרוברס 300  גר`תנ</ItemName>
      <ManufactureName>תנובה - חלב</ManufactureName>
      <ManufactureCountry />
      <ManufactureItemDescription />
      <UnitQty>יח`</UnitQty>
      <Quantity>3</Quantity>
      <UnitMeasure>100 גרם</UnitMeasure>
      <BisWeighted>0</BisWeighted>
      <QtyInPackage>1</QtyInPackage>
      <ItemPrice>11.90</ItemPrice>
      <UnitOfMeasurePrice>3.97</UnitOfMeasurePrice>
      <AllowDiscount>0</AllowDiscount>
      <itemStatus>1</itemStatus>
      <LastUpdateDate />
      <LastUpdateTime />
    </Product>
    <Product>
      <PriceUpdateDate>2019/06/17 17:23</PriceUpdateDate>
      <ItemCode>7290110324711</ItemCode>
      <ItemType>1</ItemType>
      <ItemName>ממרח סויה 9% בטעם טבעי 250  גר`תנובה</ItemName>
      <ManufactureName>תנובה - חלב</ManufactureName>
      <ManufactureCountry />
      <ManufactureItemDescription />
      <UnitQty>יח`</UnitQty>
      <Quantity>2.50</Quantity>
      <UnitMeasure>100 גרם</UnitMeasure>
      <BisWeighted>0</BisWeighted>
      <QtyInPackage>1</QtyInPackage>
      <ItemPrice>7.90</ItemPrice>
      <UnitOfMeasurePrice>3.16</UnitOfMeasurePrice>
      <AllowDiscount>0</AllowDiscount>
      <itemStatus>1</itemStatus>
      <LastUpdateDate />
      <LastUpdateTime />
    </Product>
    <Product>
      <PriceUpdateDate>2019/06/20 09:35</PriceUpdateDate>
      <ItemCode>7290110324773</ItemCode>
      <ItemType>1</ItemType>
      <ItemName>משקה חלב בטעם וניל 340 גר` 27 גר` חלבון</ItemName>
      <ManufactureName>תנובה - חלב</ManufactureName>
      <ManufactureCountry />
      <ManufactureItemDescription />
      <UnitQty>יח`</UnitQty>
      <Quantity>3.40</Quantity>
      <UnitMeasure>100 גרם</UnitMeasure>
      <BisWeighted>0</BisWeighted>
      <QtyInPackage>1</QtyInPackage>
      <ItemPrice>7.90</ItemPrice>
      <UnitOfMeasurePrice>2.32</UnitOfMeasurePrice>
      <AllowDiscount>1</AllowDiscount>
      <itemStatus>1</itemStatus>
      <LastUpdateDate />
      <LastUpdateTime />
    </Product>
    <Product>
      <PriceUpdateDate>2019/11/21 08:20</PriceUpdateDate>
      <ItemCode>7290110324841</ItemCode>
      <ItemType>1</ItemType>
      <ItemName>מעדן שקדים עם שוקולד מריר 125 גר`</ItemName>
      <ManufactureName>תנובה - חלב</ManufactureName>
      <ManufactureCountry />
      <ManufactureItemDescription />
      <UnitQty>יח`</UnitQty>
      <Quantity>1.25</Quantity>
      <UnitMeasure>100 גרם</UnitMeasure>
      <BisWeighted>0</BisWeighted>
      <QtyInPackage>1</QtyInPackage>
      <ItemPrice>3.90</ItemPrice>
      <UnitOfMeasurePrice>3.12</UnitOfMeasurePrice>
      <AllowDiscount>0</AllowDiscount>
      <itemStatus>1</itemStatus>
      <LastUpdateDate />
      <LastUpdateTime />
    </Product>
    <Product>
      <PriceUpdateDate>2019/11/21 08:20</PriceUpdateDate>
      <ItemCode>7290110324858</ItemCode>
      <ItemType>1</ItemType>
      <ItemName>מעדן שקדים בטעם אגוזי 125 גר`</ItemName>
      <ManufactureName>תנובה - חלב</ManufactureName>
      <ManufactureCountry />
      <ManufactureItemDescription />
      <UnitQty>יח`</UnitQty>
      <Quantity>1.25</Quantity>
      <UnitMeasure>100 גרם</UnitMeasure>
      <BisWeighted>0</BisWeighted>
      <QtyInPackage>1</QtyInPackage>
      <ItemPrice>3.90</ItemPrice>
      <UnitOfMeasurePrice>3.12</UnitOfMeasurePrice>
      <AllowDiscount>0</AllowDiscount>
      <itemStatus>1</itemStatus>
      <LastUpdateDate />
      <LastUpdateTime />
    </Product>
    <Product>
      <PriceUpdateDate>2019/12/16 09:15</PriceUpdateDate>
      <ItemCode>7290110324872</ItemCode>
      <ItemType>1</ItemType>
      <ItemName>גבינה צהובה גלבוע  (5% 200  גר`)תנובה</ItemName>
      <ManufactureName>תנובה - חלב</ManufactureName>
      <ManufactureCountry />
      <ManufactureItemDescription />
      <UnitQty>יח`</UnitQty>
      <Quantity>2</Quantity>
      <UnitMeasure>100 גרם</UnitMeasure>
      <BisWeighted>0</BisWeighted>
      <QtyInPackage>1</QtyInPackage>
      <ItemPrice>17.90</ItemPrice>
      <UnitOfMeasurePrice>8.95</UnitOfMeasurePrice>
      <AllowDiscount>0</AllowDiscount>
      <itemStatus>1</itemStatus>
      <LastUpdateDate />
      <LastUpdateTime />
    </Product>
    <Product>
      <PriceUpdateDate>2019/11/10 14:29</PriceUpdateDate>
      <ItemCode>7290110324926</ItemCode>
      <ItemType>1</ItemType>
      <ItemName>משקה סויה 1 ליטר ללא תוספת סוכר</ItemName>
      <ManufactureName>תנובה - חלב</ManufactureName>
      <ManufactureCountry />
      <ManufactureItemDescription />
      <UnitQty>יח`</UnitQty>
      <Quantity>1</Quantity>
      <UnitMeasure />
      <BisWeighted>0</BisWeighted>
      <QtyInPackage>1</QtyInPackage>
      <ItemPrice>9.90</ItemPrice>
      <UnitOfMeasurePrice>9.90</UnitOfMeasurePrice>
      <AllowDiscount>0</AllowDiscount>
      <itemStatus>1</itemStatus>
      <LastUpdateDate />
      <LastUpdateTime />
    </Product>
    <Product>
      <PriceUpdateDate>2019/08/08 13:43</PriceUpdateDate>
      <ItemCode>7290110325114</ItemCode>
      <ItemType>1</ItemType>
      <ItemName>משקה יוגורט גו לייט תות בננה 250 מל</ItemName>
      <ManufactureName>תנובה - חלב</ManufactureName>
      <ManufactureCountry />
      <ManufactureItemDescription />
      <UnitQty>יח`</UnitQty>
      <Quantity>1</Quantity>
      <UnitMeasure />
      <BisWeighted>0</BisWeighted>
      <QtyInPackage>1</QtyInPackage>
      <ItemPrice>6.10</ItemPrice>
      <UnitOfMeasurePrice>6.10</UnitOfMeasurePrice>
      <AllowDiscount>1</AllowDiscount>
      <itemStatus>1</itemStatus>
      <LastUpdateDate />
      <LastUpdateTime />
    </Product>
    <Product>
      <PriceUpdateDate>2019/08/08 13:43</PriceUpdateDate>
      <ItemCode>7290110325121</ItemCode>
      <ItemType>1</ItemType>
      <ItemName>משקה יוגורט גו לייט מנגו אננס 250 מל</ItemName>
      <ManufactureName>תנובה - חלב</ManufactureName>
      <ManufactureCountry />
      <ManufactureItemDescription />
      <UnitQty>יח`</UnitQty>
      <Quantity>1</Quantity>
      <UnitMeasure />
      <BisWeighted>0</BisWeighted>
      <QtyInPackage>1</QtyInPackage>
      <ItemPrice>6.10</ItemPrice>
      <UnitOfMeasurePrice>6.10</UnitOfMeasurePrice>
      <AllowDiscount>1</AllowDiscount>
      <itemStatus>1</itemStatus>
      <LastUpdateDate />
      <LastUpdateTime />
    </Product>
    <Product>
      <PriceUpdateDate>2020/04/08 12:07</PriceUpdateDate>
      <ItemCode>7290110325169</ItemCode>
      <ItemType>1</ItemType>
      <ItemName>פרוסות גאודה 170  גר`תנובה</ItemName>
      <ManufactureName>תנובה - חלב</ManufactureName>
      <ManufactureCountry />
      <ManufactureItemDescription />
      <UnitQty>יח`</UnitQty>
      <Quantity>1.70</Quantity>
      <UnitMeasure>100 גרם</UnitMeasure>
      <BisWeighted>0</BisWeighted>
      <QtyInPackage>1</QtyInPackage>
      <ItemPrice>19.90</ItemPrice>
      <UnitOfMeasurePrice>11.71</UnitOfMeasurePrice>
      <AllowDiscount>0</AllowDiscount>
      <itemStatus>1</itemStatus>
      <LastUpdateDate />
      <LastUpdateTime />
    </Product>
    <Product>
      <PriceUpdateDate>2019/11/18 09:48</PriceUpdateDate>
      <ItemCode>7290110325312</ItemCode>
      <ItemType>1</ItemType>
      <ItemName>מעדן סויה גו 20 גר` חלבון בטעם תות ( 200</ItemName>
      <ManufactureName>תנובה - חלב</ManufactureName>
      <ManufactureCountry />
      <ManufactureItemDescription />
      <UnitQty>יח`</UnitQty>
      <Quantity>2</Quantity>
      <UnitMeasure>100 מ"ל</UnitMeasure>
      <BisWeighted>0</BisWeighted>
      <QtyInPackage>1</QtyInPackage>
      <ItemPrice>5.60</ItemPrice>
      <UnitOfMeasurePrice>2.80</UnitOfMeasurePrice>
      <AllowDiscount>0</AllowDiscount>
      <itemStatus>1</itemStatus>
      <LastUpdateDate />
      <LastUpdateTime />
    </Product>
    <Product>
      <PriceUpdateDate>2020/01/09 07:57</PriceUpdateDate>
      <ItemCode>7290110325473</ItemCode>
      <ItemType>1</ItemType>
      <ItemName>גבינה בולגרית 5% חלפיניו ( 250 גר`) פירא</ItemName>
      <ManufactureName>תנובה - חלב</ManufactureName>
      <ManufactureCountry />
      <ManufactureItemDescription />
      <UnitQty>יח`</UnitQty>
      <Quantity>2.50</Quantity>
      <UnitMeasure>100 גרם</UnitMeasure>
      <BisWeighted>0</BisWeighted>
      <QtyInPackage>1</QtyInPackage>
      <ItemPrice>21.90</ItemPrice>
      <UnitOfMeasurePrice>8.76</UnitOfMeasurePrice>
      <AllowDiscount>0</AllowDiscount>
      <itemStatus>1</itemStatus>
      <LastUpdateDate />
      <LastUpdateTime />
    </Product>
    <Product>
      <PriceUpdateDate>2020/01/09 07:57</PriceUpdateDate>
      <ItemCode>7290110325527</ItemCode>
      <ItemType>1</ItemType>
      <ItemName>פיראוס בולגרית למריחה חלפיניו 5% ( 200</ItemName>
      <ManufactureName>תנובה - חלב</ManufactureName>
      <ManufactureCountry />
      <ManufactureItemDescription />
      <UnitQty>יח`</UnitQty>
      <Quantity>2</Quantity>
      <UnitMeasure>100 גרם</UnitMeasure>
      <BisWeighted>0</BisWeighted>
      <QtyInPackage>1</QtyInPackage>
      <ItemPrice>13.90</ItemPrice>
      <UnitOfMeasurePrice>6.95</UnitOfMeasurePrice>
      <AllowDiscount>0</AllowDiscount>
      <itemStatus>1</itemStatus>
      <LastUpdateDate />
      <LastUpdateTime />
    </Product>
    <Product>
      <PriceUpdateDate>2020/01/09 07:57</PriceUpdateDate>
      <ItemCode>7290110325619</ItemCode>
      <ItemType>1</ItemType>
      <ItemName>משקה שיבולת שועל 1 ליטר תנובה</ItemName>
      <ManufactureName>תנובה - חלב</ManufactureName>
      <ManufactureCountry />
      <ManufactureItemDescription />
      <UnitQty>יח`</UnitQty>
      <Quantity>10</Quantity>
      <UnitMeasure>100 מ"ל</UnitMeasure>
      <BisWeighted>0</BisWeighted>
      <QtyInPackage>1</QtyInPackage>
      <ItemPrice>11.90</ItemPrice>
      <UnitOfMeasurePrice>1.19</UnitOfMeasurePrice>
      <AllowDiscount>1</AllowDiscount>
      <itemStatus>1</itemStatus>
      <LastUpdateDate />
      <LastUpdateTime />
    </Product>
    <Product>
      <PriceUpdateDate>2020/02/16 13:29</PriceUpdateDate>
      <ItemCode>7290110325688</ItemCode>
      <ItemType>1</ItemType>
      <ItemName>יופלה און טופ בתוספת נטיפים בטעם שוקולד</ItemName>
      <ManufactureName>תנובה - חלב</ManufactureName>
      <ManufactureCountry />
      <ManufactureItemDescription />
      <UnitQty>יח`</UnitQty>
      <Quantity>1.67</Quantity>
      <UnitMeasure>100 גרם</UnitMeasure>
      <BisWeighted>0</BisWeighted>
      <QtyInPackage>1</QtyInPackage>
      <ItemPrice>4.90</ItemPrice>
      <UnitOfMeasurePrice>2.93</UnitOfMeasurePrice>
      <AllowDiscount>0</AllowDiscount>
      <itemStatus>1</itemStatus>
      <LastUpdateDate />
      <LastUpdateTime />
    </Product>
    <Product>
      <PriceUpdateDate>2019/12/16 09:15</PriceUpdateDate>
      <ItemCode>7290110325695</ItemCode>
      <ItemType>1</ItemType>
      <ItemName>יופלה 200 גר` GO קינמון</ItemName>
      <ManufactureName>תנובה - חלב</ManufactureName>
      <ManufactureCountry />
      <ManufactureItemDescription />
      <UnitQty>יח`</UnitQty>
      <Quantity>2</Quantity>
      <UnitMeasure>100 מ"ל</UnitMeasure>
      <BisWeighted>0</BisWeighted>
      <QtyInPackage>1</QtyInPackage>
      <ItemPrice>5.60</ItemPrice>
      <UnitOfMeasurePrice>2.80</UnitOfMeasurePrice>
      <AllowDiscount>1</AllowDiscount>
      <itemStatus>1</itemStatus>
      <LastUpdateDate />
      <LastUpdateTime />
    </Product>
    <Product>
      <PriceUpdateDate>2020/02/16 13:29</PriceUpdateDate>
      <ItemCode>7290110325701</ItemCode>
      <ItemType>1</ItemType>
      <ItemName>פיראוס צזיקי יוני 9% שומן על בסיס יוגורט</ItemName>
      <ManufactureName>תנובה - חלב</ManufactureName>
      <ManufactureCountry />
      <ManufactureItemDescription />
      <UnitQty>יח`</UnitQty>
      <Quantity>2.50</Quantity>
      <UnitMeasure>100 גרם</UnitMeasure>
      <BisWeighted>0</BisWeighted>
      <QtyInPackage>1</QtyInPackage>
      <ItemPrice>11.90</ItemPrice>
      <UnitOfMeasurePrice>4.76</UnitOfMeasurePrice>
      <AllowDiscount>0</AllowDiscount>
      <itemStatus>1</itemStatus>
      <LastUpdateDate />
      <LastUpdateTime />
    </Product>
    <Product>
      <PriceUpdateDate>2020/01/17 09:28</PriceUpdateDate>
      <ItemCode>7290110325718</ItemCode>
      <ItemType>1</ItemType>
      <ItemName>יופלה GO טבעי 0.7% שומן ( 150 גר`) תנוב</ItemName>
      <ManufactureName>תנובה - חלב</ManufactureName>
      <ManufactureCountry />
      <ManufactureItemDescription />
      <UnitQty>יח`</UnitQty>
      <Quantity>1.50</Quantity>
      <UnitMeasure>100 גרם</UnitMeasure>
      <BisWeighted>0</BisWeighted>
      <QtyInPackage>1</QtyInPackage>
      <ItemPrice>4.90</ItemPrice>
      <UnitOfMeasurePrice>3.27</UnitOfMeasurePrice>
      <AllowDiscount>1</AllowDiscount>
      <itemStatus>1</itemStatus>
      <LastUpdateDate />
      <LastUpdateTime />
    </Product>
    <Product>
      <PriceUpdateDate>2020/01/17 09:28</PriceUpdateDate>
      <ItemCode>7290110325725</ItemCode>
      <ItemType>1</ItemType>
      <ItemName>יופלה GO לייט עם תות 150 גר תנובה</ItemName>
      <ManufactureName>תנובה - חלב</ManufactureName>
      <ManufactureCountry />
      <ManufactureItemDescription />
      <UnitQty>יח`</UnitQty>
      <Quantity>1.50</Quantity>
      <UnitMeasure>100 גרם</UnitMeasure>
      <BisWeighted>0</BisWeighted>
      <QtyInPackage>1</QtyInPackage>
      <ItemPrice>4.90</ItemPrice>
      <UnitOfMeasurePrice>3.27</UnitOfMeasurePrice>
      <AllowDiscount>1</AllowDiscount>
      <itemStatus>1</itemStatus>
      <LastUpdateDate />
      <LastUpdateTime />
    </Product>
    <Product>
      <PriceUpdateDate>2020/01/17 09:28</PriceUpdateDate>
      <ItemCode>7290110325732</ItemCode>
      <ItemType>1</ItemType>
      <ItemName>יופלה GO לייט עם קוקוס 150 גר תנובה</ItemName>
      <ManufactureName>תנובה - חלב</ManufactureName>
      <ManufactureCountry />
      <ManufactureItemDescription />
      <UnitQty>יח`</UnitQty>
      <Quantity>1.50</Quantity>
      <UnitMeasure>100 גרם</UnitMeasure>
      <BisWeighted>0</BisWeighted>
      <QtyInPackage>1</QtyInPackage>
      <ItemPrice>4.90</ItemPrice>
      <UnitOfMeasurePrice>3.27</UnitOfMeasurePrice>
      <AllowDiscount>1</AllowDiscount>
      <itemStatus>1</itemStatus>
      <LastUpdateDate />
      <LastUpdateTime />
    </Product>
    <Product>
      <PriceUpdateDate>2019/12/16 09:15</PriceUpdateDate>
      <ItemCode>7290110325770</ItemCode>
      <ItemType>1</ItemType>
      <ItemName>מעדן סויה ביו בטעם טבעי בתוספת גרנולה קש</ItemName>
      <ManufactureName>תנובה - חלב</ManufactureName>
      <ManufactureCountry />
      <ManufactureItemDescription />
      <UnitQty>יח`</UnitQty>
      <Quantity>1.70</Quantity>
      <UnitMeasure>100 גרם</UnitMeasure>
      <BisWeighted>0</BisWeighted>
      <QtyInPackage>1</QtyInPackage>
      <ItemPrice>5.90</ItemPrice>
      <UnitOfMeasurePrice>3.47</UnitOfMeasurePrice>
      <AllowDiscount>0</AllowDiscount>
      <itemStatus>1</itemStatus>
      <LastUpdateDate />
      <LastUpdateTime />
    </Product>
    <Product>
      <PriceUpdateDate>2019/12/16 09:15</PriceUpdateDate>
      <ItemCode>7290110325787</ItemCode>
      <ItemType>1</ItemType>
      <ItemName>מעדן סויה ביו בטעם טבעי בתוספת גרעינים ש</ItemName>
      <ManufactureName>תנובה - חלב</ManufactureName>
      <ManufactureCountry />
      <ManufactureItemDescription />
      <UnitQty>יח`</UnitQty>
      <Quantity>1.70</Quantity>
      <UnitMeasure>100 גרם</UnitMeasure>
      <BisWeighted>0</BisWeighted>
      <QtyInPackage>1</QtyInPackage>
      <ItemPrice>5.90</ItemPrice>
      <UnitOfMeasurePrice>3.47</UnitOfMeasurePrice>
      <AllowDiscount>0</AllowDiscount>
      <itemStatus>1</itemStatus>
      <LastUpdateDate />
      <LastUpdateTime />
    </Product>
    <Product>
      <PriceUpdateDate>2020/01/09 07:57</PriceUpdateDate>
      <ItemCode>7290110325886</ItemCode>
      <ItemType>1</ItemType>
      <ItemName>משקה תנובה GO אייס קפה 250 מל</ItemName>
      <ManufactureName>תנובה - חלב</ManufactureName>
      <ManufactureCountry />
      <ManufactureItemDescription />
      <UnitQty>יח`</UnitQty>
      <Quantity>2.50</Quantity>
      <UnitMeasure>100 גרם</UnitMeasure>
      <BisWeighted>0</BisWeighted>
      <QtyInPackage>1</QtyInPackage>
      <ItemPrice>5.90</ItemPrice>
      <UnitOfMeasurePrice>2.36</UnitOfMeasurePrice>
      <AllowDiscount>1</AllowDiscount>
      <itemStatus>1</itemStatus>
      <LastUpdateDate />
      <LastUpdateTime />
    </Product>
    <Product>
      <PriceUpdateDate>2020/01/09 07:57</PriceUpdateDate>
      <ItemCode>7290110325893</ItemCode>
      <ItemType>1</ItemType>
      <ItemName>משקה תנובה GO אייס קפה 340  גר`תנובה</ItemName>
      <ManufactureName>תנובה - חלב</ManufactureName>
      <ManufactureCountry />
      <ManufactureItemDescription />
      <UnitQty>יח`</UnitQty>
      <Quantity>3.40</Quantity>
      <UnitMeasure>100 גרם</UnitMeasure>
      <BisWeighted>0</BisWeighted>
      <QtyInPackage>1</QtyInPackage>
      <ItemPrice>7.90</ItemPrice>
      <UnitOfMeasurePrice>2.32</UnitOfMeasurePrice>
      <AllowDiscount>0</AllowDiscount>
      <itemStatus>1</itemStatus>
      <LastUpdateDate />
      <LastUpdateTime />
    </Product>
    <Product>
      <PriceUpdateDate>2018/12/17 07:22</PriceUpdateDate>
      <ItemCode>7290110560300</ItemCode>
      <ItemType>1</ItemType>
      <ItemName>פריכיות משולשות -פלפל שחור 30 גר` אנג`י</ItemName>
      <ManufactureName>שטראוס גרופ בעמ</ManufactureName>
      <ManufactureCountry />
      <ManufactureItemDescription />
      <UnitQty>יח`</UnitQty>
      <Quantity>0.30</Quantity>
      <UnitMeasure>100 גרם</UnitMeasure>
      <BisWeighted>0</BisWeighted>
      <QtyInPackage>1</QtyInPackage>
      <ItemPrice>5.90</ItemPrice>
      <UnitOfMeasurePrice>19.67</UnitOfMeasurePrice>
      <AllowDiscount>0</AllowDiscount>
      <itemStatus>1</itemStatus>
      <LastUpdateDate />
      <LastUpdateTime />
    </Product>
    <Product>
      <PriceUpdateDate>2018/12/17 07:22</PriceUpdateDate>
      <ItemCode>7290110560317</ItemCode>
      <ItemType>1</ItemType>
      <ItemName>פריכיות משולשות -מלח ים אנג`י</ItemName>
      <ManufactureName>שטראוס גרופ בעמ</ManufactureName>
      <ManufactureCountry />
      <ManufactureItemDescription />
      <UnitQty>יח`</UnitQty>
      <Quantity>0.30</Quantity>
      <UnitMeasure>100 גרם</UnitMeasure>
      <BisWeighted>0</BisWeighted>
      <QtyInPackage>1</QtyInPackage>
      <ItemPrice>5.90</ItemPrice>
      <UnitOfMeasurePrice>19.67</UnitOfMeasurePrice>
      <AllowDiscount>0</AllowDiscount>
      <itemStatus>1</itemStatus>
      <LastUpdateDate />
      <LastUpdateTime />
    </Product>
    <Product>
      <PriceUpdateDate>2018/05/18 09:20</PriceUpdateDate>
      <ItemCode>7290110561352</ItemCode>
      <ItemType>1</ItemType>
      <ItemName>דנונה דל לקטוז ביו 200 גר`</ItemName>
      <ManufactureName>שטראוס גרופ בעמ/מצונן</ManufactureName>
      <ManufactureCountry />
      <ManufactureItemDescription />
      <UnitQty>יח`</UnitQty>
      <Quantity>2</Quantity>
      <UnitMeasure>100 מ"ל</UnitMeasure>
      <BisWeighted>0</BisWeighted>
      <QtyInPackage>1</QtyInPackage>
      <ItemPrice>3.40</ItemPrice>
      <UnitOfMeasurePrice>1.70</UnitOfMeasurePrice>
      <AllowDiscount>0</AllowDiscount>
      <itemStatus>1</itemStatus>
      <LastUpdateDate />
      <LastUpdateTime />
    </Product>
    <Product>
      <PriceUpdateDate>2018/04/26 19:00</PriceUpdateDate>
      <ItemCode>7290110561543</ItemCode>
      <ItemType>1</ItemType>
      <ItemName>דנונה פרו טריפל זירו וניל 150 מל</ItemName>
      <ManufactureName>שטראוס גרופ בעמ/מצונן</ManufactureName>
      <ManufactureCountry />
      <ManufactureItemDescription />
      <UnitQty>יח`</UnitQty>
      <Quantity>1.50</Quantity>
      <UnitMeasure>100 גרם</UnitMeasure>
      <BisWeighted>0</BisWeighted>
      <QtyInPackage>1</QtyInPackage>
      <ItemPrice>4.60</ItemPrice>
      <UnitOfMeasurePrice>3.07</UnitOfMeasurePrice>
      <AllowDiscount>0</AllowDiscount>
      <itemStatus>1</itemStatus>
      <LastUpdateDate />
      <LastUpdateTime />
    </Product>
    <Product>
      <PriceUpdateDate>2018/04/24 13:16</PriceUpdateDate>
      <ItemCode>7290110561604</ItemCode>
      <ItemType>1</ItemType>
      <ItemName>מעדן בטעם תות בננה גמדים מעורבב (100x8 ג</ItemName>
      <ManufactureName>שטראוס גרופ בעמ/מצונן</ManufactureName>
      <ManufactureCountry />
      <ManufactureItemDescription />
      <UnitQty>יח`</UnitQty>
      <Quantity>8</Quantity>
      <UnitMeasure>100 מ"ל</UnitMeasure>
      <BisWeighted>0</BisWeighted>
      <QtyInPackage>1</QtyInPackage>
      <ItemPrice>18.80</ItemPrice>
      <UnitOfMeasurePrice>2.35</UnitOfMeasurePrice>
      <AllowDiscount>0</AllowDiscount>
      <itemStatus>1</itemStatus>
      <LastUpdateDate />
      <LastUpdateTime />
    </Product>
    <Product>
      <PriceUpdateDate>2019/04/18 06:56</PriceUpdateDate>
      <ItemCode>7290110561901</ItemCode>
      <ItemType>1</ItemType>
      <ItemName>תפוציפס אפוי עשבי תיבול 45 גר` עלית</ItemName>
      <ManufactureName>שטראוס פריטו ליי בעמ</ManufactureName>
      <ManufactureCountry />
      <ManufactureItemDescription />
      <UnitQty>יח`</UnitQty>
      <Quantity>0.45</Quantity>
      <UnitMeasure>100 גרם</UnitMeasure>
      <BisWeighted>0</BisWeighted>
      <QtyInPackage>1</QtyInPackage>
      <ItemPrice>3.90</ItemPrice>
      <UnitOfMeasurePrice>8.67</UnitOfMeasurePrice>
      <AllowDiscount>0</AllowDiscount>
      <itemStatus>1</itemStatus>
      <LastUpdateDate />
      <LastUpdateTime />
    </Product>
    <Product>
      <PriceUpdateDate>2019/04/18 06:56</PriceUpdateDate>
      <ItemCode>7290110561918</ItemCode>
      <ItemType>1</ItemType>
      <ItemName>תפוציפס אפוי בטעם יוגורט ושום שמיר 45 גר</ItemName>
      <ManufactureName>שטראוס פריטו ליי בעמ</ManufactureName>
      <ManufactureCountry />
      <ManufactureItemDescription />
      <UnitQty>יח`</UnitQty>
      <Quantity>0.45</Quantity>
      <UnitMeasure>100 גרם</UnitMeasure>
      <BisWeighted>0</BisWeighted>
      <QtyInPackage>1</QtyInPackage>
      <ItemPrice>3.90</ItemPrice>
      <UnitOfMeasurePrice>8.67</UnitOfMeasurePrice>
      <AllowDiscount>0</AllowDiscount>
      <itemStatus>1</itemStatus>
      <LastUpdateDate />
      <LastUpdateTime />
    </Product>
    <Product>
      <PriceUpdateDate>2018/04/24 13:14</PriceUpdateDate>
      <ItemCode>7290110563455</ItemCode>
      <ItemType>1</ItemType>
      <ItemName>1 ליטר חלב דל לקטוז 3%</ItemName>
      <ManufactureName>שטראוס גרופ בעמ/מצונן</ManufactureName>
      <ManufactureCountry />
      <ManufactureItemDescription />
      <UnitQty>יח`</UnitQty>
      <Quantity>10</Quantity>
      <UnitMeasure>100 מ"ל</UnitMeasure>
      <BisWeighted>0</BisWeighted>
      <QtyInPackage>1</QtyInPackage>
      <ItemPrice>7.50</ItemPrice>
      <UnitOfMeasurePrice>0.75</UnitOfMeasurePrice>
      <AllowDiscount>0</AllowDiscount>
      <itemStatus>1</itemStatus>
      <LastUpdateDate />
      <LastUpdateTime />
    </Product>
    <Product>
      <PriceUpdateDate>2019/05/31 09:40</PriceUpdateDate>
      <ItemCode>7290110563462</ItemCode>
      <ItemType>1</ItemType>
      <ItemName>חלב נטול לקטוז 2% יטבתה בקבוק</ItemName>
      <ManufactureName>שטראוס גרופ בעמ/מצונן</ManufactureName>
      <ManufactureCountry />
      <ManufactureItemDescription />
      <UnitQty>יח`</UnitQty>
      <Quantity>10</Quantity>
      <UnitMeasure>100 מ"ל</UnitMeasure>
      <BisWeighted>0</BisWeighted>
      <QtyInPackage>1</QtyInPackage>
      <ItemPrice>8.90</ItemPrice>
      <UnitOfMeasurePrice>0.89</UnitOfMeasurePrice>
      <AllowDiscount>0</AllowDiscount>
      <itemStatus>1</itemStatus>
      <LastUpdateDate />
      <LastUpdateTime />
    </Product>
    <Product>
      <PriceUpdateDate>2018/04/24 13:10</PriceUpdateDate>
      <ItemCode>7290110563486</ItemCode>
      <ItemType>1</ItemType>
      <ItemName>חלב מעושר בחלבון PRO</ItemName>
      <ManufactureName>שטראוס גרופ בעמ/מצונן</ManufactureName>
      <ManufactureCountry />
      <ManufactureItemDescription />
      <UnitQty>יח`</UnitQty>
      <Quantity>10</Quantity>
      <UnitMeasure>100 מ"ל</UnitMeasure>
      <BisWeighted>0</BisWeighted>
      <QtyInPackage>1</QtyInPackage>
      <ItemPrice>9.90</ItemPrice>
      <UnitOfMeasurePrice>0.99</UnitOfMeasurePrice>
      <AllowDiscount>0</AllowDiscount>
      <itemStatus>1</itemStatus>
      <LastUpdateDate />
      <LastUpdateTime />
    </Product>
    <Product>
      <PriceUpdateDate>2018/06/14 09:07</PriceUpdateDate>
      <ItemCode>7290110563851</ItemCode>
      <ItemType>1</ItemType>
      <ItemName>מאגדת אנרג`י תחתית חלב</ItemName>
      <ManufactureName>שטראוס גרופ בעמ</ManufactureName>
      <ManufactureCountry />
      <ManufactureItemDescription />
      <UnitQty>יח`</UnitQty>
      <Quantity>1.44</Quantity>
      <UnitMeasure>100 גרם</UnitMeasure>
      <BisWeighted>0</BisWeighted>
      <QtyInPackage>1</QtyInPackage>
      <ItemPrice>14.90</ItemPrice>
      <UnitOfMeasurePrice>10.35</UnitOfMeasurePrice>
      <AllowDiscount>1</AllowDiscount>
      <itemStatus>1</itemStatus>
      <LastUpdateDate />
      <LastUpdateTime />
    </Product>
    <Product>
      <PriceUpdateDate>2018/06/14 09:07</PriceUpdateDate>
      <ItemCode>7290110563868</ItemCode>
      <ItemType>1</ItemType>
      <ItemName>חטיף אנרגי מאג תחתית מריר</ItemName>
      <ManufactureName>שטראוס גרופ בעמ</ManufactureName>
      <ManufactureCountry />
      <ManufactureItemDescription />
      <UnitQty>יח`</UnitQty>
      <Quantity>1.44</Quantity>
      <UnitMeasure>100 גרם</UnitMeasure>
      <BisWeighted>0</BisWeighted>
      <QtyInPackage>1</QtyInPackage>
      <ItemPrice>14.90</ItemPrice>
      <UnitOfMeasurePrice>10.35</UnitOfMeasurePrice>
      <AllowDiscount>1</AllowDiscount>
      <itemStatus>1</itemStatus>
      <LastUpdateDate />
      <LastUpdateTime />
    </Product>
    <Product>
      <PriceUpdateDate>2018/06/14 09:07</PriceUpdateDate>
      <ItemCode>7290110563912</ItemCode>
      <ItemType>1</ItemType>
      <ItemName>חטיף אנרגי מאג מיקס אגוזים</ItemName>
      <ManufactureName>שטראוס גרופ בעמ</ManufactureName>
      <ManufactureCountry />
      <ManufactureItemDescription />
      <UnitQty>יח`</UnitQty>
      <Quantity>1.44</Quantity>
      <UnitMeasure>100 גרם</UnitMeasure>
      <BisWeighted>0</BisWeighted>
      <QtyInPackage>1</QtyInPackage>
      <ItemPrice>14.90</ItemPrice>
      <UnitOfMeasurePrice>10.35</UnitOfMeasurePrice>
      <AllowDiscount>1</AllowDiscount>
      <itemStatus>1</itemStatus>
      <LastUpdateDate />
      <LastUpdateTime />
    </Product>
    <Product>
      <PriceUpdateDate>2018/06/14 09:07</PriceUpdateDate>
      <ItemCode>7290110563929</ItemCode>
      <ItemType>1</ItemType>
      <ItemName>חטיף אנרגי מאג תחתית לבן ופירות</ItemName>
      <ManufactureName>שטראוס גרופ בעמ</ManufactureName>
      <ManufactureCountry />
      <ManufactureItemDescription />
      <UnitQty>יח`</UnitQty>
      <Quantity>1.44</Quantity>
      <UnitMeasure>100 גרם</UnitMeasure>
      <BisWeighted>0</BisWeighted>
      <QtyInPackage>1</QtyInPackage>
      <ItemPrice>14.90</ItemPrice>
      <UnitOfMeasurePrice>10.35</UnitOfMeasurePrice>
      <AllowDiscount>1</AllowDiscount>
      <itemStatus>1</itemStatus>
      <LastUpdateDate />
      <LastUpdateTime />
    </Product>
    <Product>
      <PriceUpdateDate>2018/04/24 13:16</PriceUpdateDate>
      <ItemCode>7290110564339</ItemCode>
      <ItemType>1</ItemType>
      <ItemName>חומוס הסדרה המובחרת עשיר 30% טחינה 400 ג</ItemName>
      <ManufactureName>שטראוס גרופ בעמ/מצונן</ManufactureName>
      <ManufactureCountry />
      <ManufactureItemDescription />
      <UnitQty>יח`</UnitQty>
      <Quantity>4</Quantity>
      <UnitMeasure>100 גרם</UnitMeasure>
      <BisWeighted>0</BisWeighted>
      <QtyInPackage>1</QtyInPackage>
      <ItemPrice>13.90</ItemPrice>
      <UnitOfMeasurePrice>3.48</UnitOfMeasurePrice>
      <AllowDiscount>0</AllowDiscount>
      <itemStatus>1</itemStatus>
      <LastUpdateDate />
      <LastUpdateTime />
    </Product>
    <Product>
      <PriceUpdateDate>2019/09/29 07:35</PriceUpdateDate>
      <ItemCode>7290110564353</ItemCode>
      <ItemType>1</ItemType>
      <ItemName>בלונדי קרם אגוזי לוז 100  גר`עלית</ItemName>
      <ManufactureName>שטראוס גרופ בעמ</ManufactureName>
      <ManufactureCountry />
      <ManufactureItemDescription />
      <UnitQty>יח`</UnitQty>
      <Quantity>1</Quantity>
      <UnitMeasure>100 גרם</UnitMeasure>
      <BisWeighted>0</BisWeighted>
      <QtyInPackage>1</QtyInPackage>
      <ItemPrice>7.50</ItemPrice>
      <UnitOfMeasurePrice>7.50</UnitOfMeasurePrice>
      <AllowDiscount>0</AllowDiscount>
      <itemStatus>1</itemStatus>
      <LastUpdateDate />
      <LastUpdateTime />
    </Product>
    <Product>
      <PriceUpdateDate>2018/04/24 13:16</PriceUpdateDate>
      <ItemCode>7290110564360</ItemCode>
      <ItemType>1</ItemType>
      <ItemName>חומוס הסדרה המובחרת עשיר 40% טחינה 400 ג</ItemName>
      <ManufactureName>שטראוס גרופ בעמ/מצונן</ManufactureName>
      <ManufactureCountry />
      <ManufactureItemDescription />
      <UnitQty>יח`</UnitQty>
      <Quantity>4</Quantity>
      <UnitMeasure>100 גרם</UnitMeasure>
      <BisWeighted>0</BisWeighted>
      <QtyInPackage>1</QtyInPackage>
      <ItemPrice>13.90</ItemPrice>
      <UnitOfMeasurePrice>3.48</UnitOfMeasurePrice>
      <AllowDiscount>0</AllowDiscount>
      <itemStatus>1</itemStatus>
      <LastUpdateDate />
      <LastUpdateTime />
    </Product>
    <Product>
      <PriceUpdateDate>2018/04/24 13:16</PriceUpdateDate>
      <ItemCode>7290110564414</ItemCode>
      <ItemType>1</ItemType>
      <ItemName>חומוס הסדרה המובחרת 30% טחינה 600 גר`</ItemName>
      <ManufactureName>שטראוס גרופ בעמ/מצונן</ManufactureName>
      <ManufactureCountry />
      <ManufactureItemDescription />
      <UnitQty>יח`</UnitQty>
      <Quantity>6</Quantity>
      <UnitMeasure>100 גרם</UnitMeasure>
      <BisWeighted>0</BisWeighted>
      <QtyInPackage>1</QtyInPackage>
      <ItemPrice>14.90</ItemPrice>
      <UnitOfMeasurePrice>2.48</UnitOfMeasurePrice>
      <AllowDiscount>0</AllowDiscount>
      <itemStatus>1</itemStatus>
      <LastUpdateDate />
      <LastUpdateTime />
    </Product>
    <Product>
      <PriceUpdateDate>2020/01/09 07:57</PriceUpdateDate>
      <ItemCode>7290110564919</ItemCode>
      <ItemType>1</ItemType>
      <ItemName>דנונה מ.מעודנת ללא סוכר 150 גרם</ItemName>
      <ManufactureName>שטראוס גרופ בעמ/מצונן</ManufactureName>
      <ManufactureCountry />
      <ManufactureItemDescription />
      <UnitQty>יח`</UnitQty>
      <Quantity>1.50</Quantity>
      <UnitMeasure>100 גרם</UnitMeasure>
      <BisWeighted>0</BisWeighted>
      <QtyInPackage>1</QtyInPackage>
      <ItemPrice>3.70</ItemPrice>
      <UnitOfMeasurePrice>2.47</UnitOfMeasurePrice>
      <AllowDiscount>1</AllowDiscount>
      <itemStatus>1</itemStatus>
      <LastUpdateDate />
      <LastUpdateTime />
    </Product>
    <Product>
      <PriceUpdateDate>2018/04/24 13:12</PriceUpdateDate>
      <ItemCode>7290110565435</ItemCode>
      <ItemType>1</ItemType>
      <ItemName>מעדן ג`לי בטעם פטל חלבי שטראוס (125 גרם</ItemName>
      <ManufactureName>שטראוס גרופ בעמ/מצונן</ManufactureName>
      <ManufactureCountry />
      <ManufactureItemDescription />
      <UnitQty>יח`</UnitQty>
      <Quantity>1.25</Quantity>
      <UnitMeasure>100 גרם</UnitMeasure>
      <BisWeighted>0</BisWeighted>
      <QtyInPackage>1</QtyInPackage>
      <ItemPrice>2</ItemPrice>
      <UnitOfMeasurePrice>1.60</UnitOfMeasurePrice>
      <AllowDiscount>0</AllowDiscount>
      <itemStatus>1</itemStatus>
      <LastUpdateDate />
      <LastUpdateTime />
    </Product>
    <Product>
      <PriceUpdateDate>2018/08/01 14:14</PriceUpdateDate>
      <ItemCode>7290110565527</ItemCode>
      <ItemType>1</ItemType>
      <ItemName>דנונה פרו 20 גר` חלבון</ItemName>
      <ManufactureName>שטראוס גרופ בעמ/מצונן</ManufactureName>
      <ManufactureCountry />
      <ManufactureItemDescription />
      <UnitQty>יח`</UnitQty>
      <Quantity>2</Quantity>
      <UnitMeasure>100 מ"ל</UnitMeasure>
      <BisWeighted>0</BisWeighted>
      <QtyInPackage>1</QtyInPackage>
      <ItemPrice>5.90</ItemPrice>
      <UnitOfMeasurePrice>2.95</UnitOfMeasurePrice>
      <AllowDiscount>0</AllowDiscount>
      <itemStatus>1</itemStatus>
      <LastUpdateDate />
      <LastUpdateTime />
    </Product>
    <Product>
      <PriceUpdateDate>2019/07/14 10:05</PriceUpdateDate>
      <ItemCode>7290110565572</ItemCode>
      <ItemType>1</ItemType>
      <ItemName>מארז טורקי לדרך עם הל 168 גר`</ItemName>
      <ManufactureName>שטראוס גרופ בעמ</ManufactureName>
      <ManufactureCountry />
      <ManufactureItemDescription />
      <UnitQty>יח`</UnitQty>
      <Quantity>1.68</Quantity>
      <UnitMeasure>100 גרם</UnitMeasure>
      <BisWeighted>0</BisWeighted>
      <QtyInPackage>1</QtyInPackage>
      <ItemPrice>17.90</ItemPrice>
      <UnitOfMeasurePrice>10.65</UnitOfMeasurePrice>
      <AllowDiscount>0</AllowDiscount>
      <itemStatus>1</itemStatus>
      <LastUpdateDate />
      <LastUpdateTime />
    </Product>
    <Product>
      <PriceUpdateDate>2018/10/12 09:48</PriceUpdateDate>
      <ItemCode>7290110565664</ItemCode>
      <ItemType>1</ItemType>
      <ItemName>בראוניס שוקולד מריר עם קרם 380 גר` בדצ</ItemName>
      <ManufactureName>שטראוס גרופ בעמ</ManufactureName>
      <ManufactureCountry />
      <ManufactureItemDescription />
      <UnitQty>יח`</UnitQty>
      <Quantity>3.80</Quantity>
      <UnitMeasure>100 גרם</UnitMeasure>
      <BisWeighted>0</BisWeighted>
      <QtyInPackage>1</QtyInPackage>
      <ItemPrice>16.90</ItemPrice>
      <UnitOfMeasurePrice>4.45</UnitOfMeasurePrice>
      <AllowDiscount>0</AllowDiscount>
      <itemStatus>1</itemStatus>
      <LastUpdateDate />
      <LastUpdateTime />
    </Product>
    <Product>
      <PriceUpdateDate>2018/10/11 13:10</PriceUpdateDate>
      <ItemCode>7290110565695</ItemCode>
      <ItemType>1</ItemType>
      <ItemName>בפלות אצבעות בלונדי קרמל מלוח 120  גר`על</ItemName>
      <ManufactureName>שטראוס גרופ בעמ</ManufactureName>
      <ManufactureCountry />
      <ManufactureItemDescription />
      <UnitQty>יח`</UnitQty>
      <Quantity>1.20</Quantity>
      <UnitMeasure>100 גרם</UnitMeasure>
      <BisWeighted>0</BisWeighted>
      <QtyInPackage>1</QtyInPackage>
      <ItemPrice>11.90</ItemPrice>
      <UnitOfMeasurePrice>9.92</UnitOfMeasurePrice>
      <AllowDiscount>0</AllowDiscount>
      <itemStatus>1</itemStatus>
      <LastUpdateDate />
      <LastUpdateTime />
    </Product>
    <Product>
      <PriceUpdateDate>2018/07/23 10:17</PriceUpdateDate>
      <ItemCode>7290110565893</ItemCode>
      <ItemType>1</ItemType>
      <ItemName>חטיף אנרגי מאג מצופה שוקולד</ItemName>
      <ManufactureName>שטראוס גרופ בעמ</ManufactureName>
      <ManufactureCountry />
      <ManufactureItemDescription />
      <UnitQty>יח`</UnitQty>
      <Quantity>1.44</Quantity>
      <UnitMeasure>100 גרם</UnitMeasure>
      <BisWeighted>0</BisWeighted>
      <QtyInPackage>1</QtyInPackage>
      <ItemPrice>14.90</ItemPrice>
      <UnitOfMeasurePrice>10.35</UnitOfMeasurePrice>
      <AllowDiscount>0</AllowDiscount>
      <itemStatus>1</itemStatus>
      <LastUpdateDate />
      <LastUpdateTime />
    </Product>
    <Product>
      <PriceUpdateDate>2018/07/23 10:17</PriceUpdateDate>
      <ItemCode>7290110566623</ItemCode>
      <ItemType>1</ItemType>
      <ItemName>קפסולות קפה עלית קולומביה 08</ItemName>
      <ManufactureName>שטראוס גרופ בעמ</ManufactureName>
      <ManufactureCountry />
      <ManufactureItemDescription />
      <UnitQty>יח`</UnitQty>
      <Quantity>0.50</Quantity>
      <UnitMeasure>100 גרם</UnitMeasure>
      <BisWeighted>0</BisWeighted>
      <QtyInPackage>1</QtyInPackage>
      <ItemPrice>16.90</ItemPrice>
      <UnitOfMeasurePrice>33.80</UnitOfMeasurePrice>
      <AllowDiscount>1</AllowDiscount>
      <itemStatus>1</itemStatus>
      <LastUpdateDate />
      <LastUpdateTime />
    </Product>
    <Product>
      <PriceUpdateDate>2018/05/18 09:20</PriceUpdateDate>
      <ItemCode>7290110566975</ItemCode>
      <ItemType>1</ItemType>
      <ItemName>דנונה פרו 200 גר` תות</ItemName>
      <ManufactureName>שטראוס גרופ בעמ/מצונן</ManufactureName>
      <ManufactureCountry />
      <ManufactureItemDescription />
      <UnitQty>יח`</UnitQty>
      <Quantity>2</Quantity>
      <UnitMeasure>100 מ"ל</UnitMeasure>
      <BisWeighted>0</BisWeighted>
      <QtyInPackage>1</QtyInPackage>
      <ItemPrice>5.90</ItemPrice>
      <UnitOfMeasurePrice>2.95</UnitOfMeasurePrice>
      <AllowDiscount>0</AllowDiscount>
      <itemStatus>1</itemStatus>
      <LastUpdateDate />
      <LastUpdateTime />
    </Product>
    <Product>
      <PriceUpdateDate>2019/04/10 14:38</PriceUpdateDate>
      <ItemCode>7290110568498</ItemCode>
      <ItemType>1</ItemType>
      <ItemName>קונפיטורת תות במתיקות מעודנת 265 גר` יד</ItemName>
      <ManufactureName>שטראוס גרופ בעמ</ManufactureName>
      <ManufactureCountry />
      <ManufactureItemDescription />
      <UnitQty>יח`</UnitQty>
      <Quantity>2.65</Quantity>
      <UnitMeasure>100 גרם</UnitMeasure>
      <BisWeighted>0</BisWeighted>
      <QtyInPackage>1</QtyInPackage>
      <ItemPrice>14.90</ItemPrice>
      <UnitOfMeasurePrice>5.62</UnitOfMeasurePrice>
      <AllowDiscount>1</AllowDiscount>
      <itemStatus>1</itemStatus>
      <LastUpdateDate />
      <LastUpdateTime />
    </Product>
    <Product>
      <PriceUpdateDate>2019/04/10 14:38</PriceUpdateDate>
      <ItemCode>7290110568504</ItemCode>
      <ItemType>1</ItemType>
      <ItemName>קונפיטורת משמש במתיקות מעודנת 265 גר` יד</ItemName>
      <ManufactureName>שטראוס גרופ בעמ</ManufactureName>
      <ManufactureCountry />
      <ManufactureItemDescription />
      <UnitQty>יח`</UnitQty>
      <Quantity>2.65</Quantity>
      <UnitMeasure>100 גרם</UnitMeasure>
      <BisWeighted>0</BisWeighted>
      <QtyInPackage>1</QtyInPackage>
      <ItemPrice>14.90</ItemPrice>
      <UnitOfMeasurePrice>5.62</UnitOfMeasurePrice>
      <AllowDiscount>1</AllowDiscount>
      <itemStatus>1</itemStatus>
      <LastUpdateDate />
      <LastUpdateTime />
    </Product>
    <Product>
      <PriceUpdateDate>2018/07/23 10:16</PriceUpdateDate>
      <ItemCode>7290110568559</ItemCode>
      <ItemType>1</ItemType>
      <ItemName>חטיף מארז דוריטוס חמוץ חריף 25*10 גר`</ItemName>
      <ManufactureName>שטראוס פריטו ליי בעמ</ManufactureName>
      <ManufactureCountry />
      <ManufactureItemDescription />
      <UnitQty>יח`</UnitQty>
      <Quantity>2.50</Quantity>
      <UnitMeasure>100 גרם</UnitMeasure>
      <BisWeighted>0</BisWeighted>
      <QtyInPackage>1</QtyInPackage>
      <ItemPrice>13.90</ItemPrice>
      <UnitOfMeasurePrice>5.56</UnitOfMeasurePrice>
      <AllowDiscount>0</AllowDiscount>
      <itemStatus>1</itemStatus>
      <LastUpdateDate />
      <LastUpdateTime />
    </Product>
    <Product>
      <PriceUpdateDate>2018/07/23 10:16</PriceUpdateDate>
      <ItemCode>7290110568566</ItemCode>
      <ItemType>1</ItemType>
      <ItemName>חטיף מארז דוריטוס גריל 25*10 גר`</ItemName>
      <ManufactureName>שטראוס פריטו ליי בעמ</ManufactureName>
      <ManufactureCountry />
      <ManufactureItemDescription />
      <UnitQty>יח`</UnitQty>
      <Quantity>2.50</Quantity>
      <UnitMeasure>100 גרם</UnitMeasure>
      <BisWeighted>0</BisWeighted>
      <QtyInPackage>1</QtyInPackage>
      <ItemPrice>13.90</ItemPrice>
      <UnitOfMeasurePrice>5.56</UnitOfMeasurePrice>
      <AllowDiscount>0</AllowDiscount>
      <itemStatus>1</itemStatus>
      <LastUpdateDate />
      <LastUpdateTime />
    </Product>
    <Product>
      <PriceUpdateDate>2019/04/10 14:38</PriceUpdateDate>
      <ItemCode>7290110568986</ItemCode>
      <ItemType>1</ItemType>
      <ItemName>רוטב לעוף גריל (310 גר`) יד מרדכי</ItemName>
      <ManufactureName>שטראוס גרופ בעמ</ManufactureName>
      <ManufactureCountry />
      <ManufactureItemDescription />
      <UnitQty>יח`</UnitQty>
      <Quantity>3.10</Quantity>
      <UnitMeasure>100 גרם</UnitMeasure>
      <BisWeighted>0</BisWeighted>
      <QtyInPackage>1</QtyInPackage>
      <ItemPrice>14.90</ItemPrice>
      <UnitOfMeasurePrice>4.81</UnitOfMeasurePrice>
      <AllowDiscount>0</AllowDiscount>
      <itemStatus>1</itemStatus>
      <LastUpdateDate />
      <LastUpdateTime />
    </Product>
    <Product>
      <PriceUpdateDate>2018/04/24 12:48</PriceUpdateDate>
      <ItemCode>7290111091001</ItemCode>
      <ItemType>1</ItemType>
      <ItemName>מארז אירוח לניקוי ידיים זהב קוויק</ItemName>
      <ManufactureName>שקד תבל בעמ</ManufactureName>
      <ManufactureCountry />
      <ManufactureItemDescription />
      <UnitQty>יח`</UnitQty>
      <Quantity>1</Quantity>
      <UnitMeasure />
      <BisWeighted>0</BisWeighted>
      <QtyInPackage>1</QtyInPackage>
      <ItemPrice>19.90</ItemPrice>
      <UnitOfMeasurePrice>19.90</UnitOfMeasurePrice>
      <AllowDiscount>0</AllowDiscount>
      <itemStatus>1</itemStatus>
      <LastUpdateDate />
      <LastUpdateTime />
    </Product>
    <Product>
      <PriceUpdateDate>2018/10/18 15:44</PriceUpdateDate>
      <ItemCode>7290111285356</ItemCode>
      <ItemType>1</ItemType>
      <ItemName>צלחת במבוק 23 סמי הכבאי</ItemName>
      <ManufactureName>שמחה זה אנחנו בעמ</ManufactureName>
      <ManufactureCountry />
      <ManufactureItemDescription />
      <UnitQty>יח`</UnitQty>
      <Quantity>1</Quantity>
      <UnitMeasure />
      <BisWeighted>0</BisWeighted>
      <QtyInPackage>1</QtyInPackage>
      <ItemPrice>9.90</ItemPrice>
      <UnitOfMeasurePrice>9.90</UnitOfMeasurePrice>
      <AllowDiscount>0</AllowDiscount>
      <itemStatus>1</itemStatus>
      <LastUpdateDate />
      <LastUpdateTime />
    </Product>
    <Product>
      <PriceUpdateDate>2018/10/18 15:44</PriceUpdateDate>
      <ItemCode>7290111285530</ItemCode>
      <ItemType>1</ItemType>
      <ItemName>כוס במבוק סמי הכבאי</ItemName>
      <ManufactureName>שמחה זה אנחנו בעמ</ManufactureName>
      <ManufactureCountry />
      <ManufactureItemDescription />
      <UnitQty>יח`</UnitQty>
      <Quantity>1</Quantity>
      <UnitMeasure />
      <BisWeighted>0</BisWeighted>
      <QtyInPackage>1</QtyInPackage>
      <ItemPrice>7.90</ItemPrice>
      <UnitOfMeasurePrice>7.90</UnitOfMeasurePrice>
      <AllowDiscount>0</AllowDiscount>
      <itemStatus>1</itemStatus>
      <LastUpdateDate />
      <LastUpdateTime />
    </Product>
    <Product>
      <PriceUpdateDate>2019/09/08 10:47</PriceUpdateDate>
      <ItemCode>7290111340178</ItemCode>
      <ItemType>1</ItemType>
      <ItemName>ניקול מטליות לחות לשיש ניחוח מרכך כביסה</ItemName>
      <ManufactureName>קימברלי קלארק ישראל שיווק בעמ</ManufactureName>
      <ManufactureCountry />
      <ManufactureItemDescription />
      <UnitQty>יח`</UnitQty>
      <Quantity>1</Quantity>
      <UnitMeasure />
      <BisWeighted>0</BisWeighted>
      <QtyInPackage>1</QtyInPackage>
      <ItemPrice>11.90</ItemPrice>
      <UnitOfMeasurePrice>11.90</UnitOfMeasurePrice>
      <AllowDiscount>1</AllowDiscount>
      <itemStatus>1</itemStatus>
      <LastUpdateDate />
      <LastUpdateTime />
    </Product>
    <Product>
      <PriceUpdateDate>2019/09/08 10:47</PriceUpdateDate>
      <ItemCode>7290111340185</ItemCode>
      <ItemType>1</ItemType>
      <ItemName>ניקול מטליות לחות לריצפה ניחוח מרכך כביס</ItemName>
      <ManufactureName>קימברלי קלארק ישראל שיווק בעמ</ManufactureName>
      <ManufactureCountry />
      <ManufactureItemDescription />
      <UnitQty>יח`</UnitQty>
      <Quantity>1</Quantity>
      <UnitMeasure />
      <BisWeighted>0</BisWeighted>
      <QtyInPackage>1</QtyInPackage>
      <ItemPrice>13.90</ItemPrice>
      <UnitOfMeasurePrice>13.90</UnitOfMeasurePrice>
      <AllowDiscount>1</AllowDiscount>
      <itemStatus>1</itemStatus>
      <LastUpdateDate />
      <LastUpdateTime />
    </Product>
    <Product>
      <PriceUpdateDate>2018/09/05 11:58</PriceUpdateDate>
      <ItemCode>7290111341359</ItemCode>
      <ItemType>1</ItemType>
      <ItemName>ניקול רדיד אלומיניום חסכוני 60 מטר עם סכ</ItemName>
      <ManufactureName>קימברלי קלארק ישראל שיווק בעמ</ManufactureName>
      <ManufactureCountry />
      <ManufactureItemDescription />
      <UnitQty>יח`</UnitQty>
      <Quantity>1</Quantity>
      <UnitMeasure />
      <BisWeighted>0</BisWeighted>
      <QtyInPackage>1</QtyInPackage>
      <ItemPrice>44.90</ItemPrice>
      <UnitOfMeasurePrice>44.90</UnitOfMeasurePrice>
      <AllowDiscount>1</AllowDiscount>
      <itemStatus>1</itemStatus>
      <LastUpdateDate />
      <LastUpdateTime />
    </Product>
    <Product>
      <PriceUpdateDate>2019/01/17 08:00</PriceUpdateDate>
      <ItemCode>7290111341434</ItemCode>
      <ItemType>1</ItemType>
      <ItemName>תחבושות נורמל דיפנד ACTIVE</ItemName>
      <ManufactureName>קימברלי קלארק ישראל שיווק בעמ</ManufactureName>
      <ManufactureCountry />
      <ManufactureItemDescription />
      <UnitQty>יח`</UnitQty>
      <Quantity>1</Quantity>
      <UnitMeasure />
      <BisWeighted>0</BisWeighted>
      <QtyInPackage>1</QtyInPackage>
      <ItemPrice>19.90</ItemPrice>
      <UnitOfMeasurePrice>19.90</UnitOfMeasurePrice>
      <AllowDiscount>0</AllowDiscount>
      <itemStatus>1</itemStatus>
      <LastUpdateDate />
      <LastUpdateTime />
    </Product>
    <Product>
      <PriceUpdateDate>2019/01/17 08:00</PriceUpdateDate>
      <ItemCode>7290111341496</ItemCode>
      <ItemType>1</ItemType>
      <ItemName>תחבושות מיני דיפנד ACTIVE</ItemName>
      <ManufactureName>קימברלי קלארק ישראל שיווק בעמ</ManufactureName>
      <ManufactureCountry />
      <ManufactureItemDescription />
      <UnitQty>יח`</UnitQty>
      <Quantity>1</Quantity>
      <UnitMeasure />
      <BisWeighted>0</BisWeighted>
      <QtyInPackage>1</QtyInPackage>
      <ItemPrice>19.90</ItemPrice>
      <UnitOfMeasurePrice>19.90</UnitOfMeasurePrice>
      <AllowDiscount>0</AllowDiscount>
      <itemStatus>1</itemStatus>
      <LastUpdateDate />
      <LastUpdateTime />
    </Product>
    <Product>
      <PriceUpdateDate>2019/06/17 17:24</PriceUpdateDate>
      <ItemCode>7290111341540</ItemCode>
      <ItemType>1</ItemType>
      <ItemName>טמפונים קוטקוס אקטיב  נורמל( 32 יח)</ItemName>
      <ManufactureName>קימברלי קלארק ישראל שיווק בעמ</ManufactureName>
      <ManufactureCountry />
      <ManufactureItemDescription />
      <UnitQty>יח`</UnitQty>
      <Quantity>1</Quantity>
      <UnitMeasure />
      <BisWeighted>0</BisWeighted>
      <QtyInPackage>1</QtyInPackage>
      <ItemPrice>24.90</ItemPrice>
      <UnitOfMeasurePrice>24.90</UnitOfMeasurePrice>
      <AllowDiscount>0</AllowDiscount>
      <itemStatus>1</itemStatus>
      <LastUpdateDate />
      <LastUpdateTime />
    </Product>
    <Product>
      <PriceUpdateDate>2019/02/17 08:36</PriceUpdateDate>
      <ItemCode>7290111341830</ItemCode>
      <ItemType>1</ItemType>
      <ItemName>מפת שולחן בגליל עם סליידר ניקול</ItemName>
      <ManufactureName>קימברלי קלארק ישראל שיווק בעמ</ManufactureName>
      <ManufactureCountry />
      <ManufactureItemDescription />
      <UnitQty>יח`</UnitQty>
      <Quantity>1</Quantity>
      <UnitMeasure />
      <BisWeighted>0</BisWeighted>
      <QtyInPackage>1</QtyInPackage>
      <ItemPrice>24.90</ItemPrice>
      <UnitOfMeasurePrice>24.90</UnitOfMeasurePrice>
      <AllowDiscount>0</AllowDiscount>
      <itemStatus>1</itemStatus>
      <LastUpdateDate />
      <LastUpdateTime />
    </Product>
    <Product>
      <PriceUpdateDate>2019/09/24 07:47</PriceUpdateDate>
      <ItemCode>7290111341984</ItemCode>
      <ItemType>1</ItemType>
      <ItemName>נייר טואלט לילי לח מארז רביעייה</ItemName>
      <ManufactureName>קימברלי קלארק ישראל שיווק בעמ</ManufactureName>
      <ManufactureCountry />
      <ManufactureItemDescription />
      <UnitQty>יח`</UnitQty>
      <Quantity>1</Quantity>
      <UnitMeasure>100 גרם</UnitMeasure>
      <BisWeighted>0</BisWeighted>
      <QtyInPackage>1</QtyInPackage>
      <ItemPrice>19.90</ItemPrice>
      <UnitOfMeasurePrice>19.90</UnitOfMeasurePrice>
      <AllowDiscount>0</AllowDiscount>
      <itemStatus>1</itemStatus>
      <LastUpdateDate />
      <LastUpdateTime />
    </Product>
    <Product>
      <PriceUpdateDate>2020/01/15 14:29</PriceUpdateDate>
      <ItemCode>7290111342042</ItemCode>
      <ItemType>1</ItemType>
      <ItemName>כריות יפניות אנטיבקטריאליות ניקול</ItemName>
      <ManufactureName>קימברלי קלארק ישראל שיווק בעמ</ManufactureName>
      <ManufactureCountry />
      <ManufactureItemDescription />
      <UnitQty>יח`</UnitQty>
      <Quantity>1</Quantity>
      <UnitMeasure />
      <BisWeighted>0</BisWeighted>
      <QtyInPackage>1</QtyInPackage>
      <ItemPrice>12.90</ItemPrice>
      <UnitOfMeasurePrice>12.90</UnitOfMeasurePrice>
      <AllowDiscount>1</AllowDiscount>
      <itemStatus>1</itemStatus>
      <LastUpdateDate />
      <LastUpdateTime />
    </Product>
    <Product>
      <PriceUpdateDate>2020/01/17 09:28</PriceUpdateDate>
      <ItemCode>7290111342059</ItemCode>
      <ItemType>1</ItemType>
      <ItemName>מטליות לחות אנטיבקטריאלי</ItemName>
      <ManufactureName>קימברלי קלארק ישראל שיווק בעמ</ManufactureName>
      <ManufactureCountry />
      <ManufactureItemDescription />
      <UnitQty>יח`</UnitQty>
      <Quantity>1</Quantity>
      <UnitMeasure />
      <BisWeighted>0</BisWeighted>
      <QtyInPackage>1</QtyInPackage>
      <ItemPrice>12.90</ItemPrice>
      <UnitOfMeasurePrice>12.90</UnitOfMeasurePrice>
      <AllowDiscount>1</AllowDiscount>
      <itemStatus>1</itemStatus>
      <LastUpdateDate />
      <LastUpdateTime />
    </Product>
    <Product>
      <PriceUpdateDate>2020/01/19 10:34</PriceUpdateDate>
      <ItemCode>7290111342073</ItemCode>
      <ItemType>1</ItemType>
      <ItemName>מטליות מייקרופייבר למשטחים אנטיבקטריאלי</ItemName>
      <ManufactureName>קימברלי קלארק ישראל שיווק בעמ</ManufactureName>
      <ManufactureCountry />
      <ManufactureItemDescription />
      <UnitQty>יח`</UnitQty>
      <Quantity>1</Quantity>
      <UnitMeasure />
      <BisWeighted>0</BisWeighted>
      <QtyInPackage>1</QtyInPackage>
      <ItemPrice>14.90</ItemPrice>
      <UnitOfMeasurePrice>14.90</UnitOfMeasurePrice>
      <AllowDiscount>1</AllowDiscount>
      <itemStatus>1</itemStatus>
      <LastUpdateDate />
      <LastUpdateTime />
    </Product>
    <Product>
      <PriceUpdateDate>2019/10/31 10:31</PriceUpdateDate>
      <ItemCode>7290111342189</ItemCode>
      <ItemType>1</ItemType>
      <ItemName>מפיות אירוח איכותיות צבעוני - ניקול</ItemName>
      <ManufactureName>קימברלי קלארק ישראל שיווק בעמ</ManufactureName>
      <ManufactureCountry />
      <ManufactureItemDescription />
      <UnitQty>יח`</UnitQty>
      <Quantity>1</Quantity>
      <UnitMeasure />
      <BisWeighted>0</BisWeighted>
      <QtyInPackage>1</QtyInPackage>
      <ItemPrice>8.90</ItemPrice>
      <UnitOfMeasurePrice>8.90</UnitOfMeasurePrice>
      <AllowDiscount>1</AllowDiscount>
      <itemStatus>1</itemStatus>
      <LastUpdateDate />
      <LastUpdateTime />
    </Product>
    <Product>
      <PriceUpdateDate>2019/12/18 17:11</PriceUpdateDate>
      <ItemCode>7290111342196</ItemCode>
      <ItemType>1</ItemType>
      <ItemName>מגן תחתון ג`גיה נורמל קוטקס (76 )</ItemName>
      <ManufactureName>קימברלי קלארק ישראל שיווק בעמ</ManufactureName>
      <ManufactureCountry />
      <ManufactureItemDescription />
      <UnitQty>יח`</UnitQty>
      <Quantity>1</Quantity>
      <UnitMeasure />
      <BisWeighted>0</BisWeighted>
      <QtyInPackage>1</QtyInPackage>
      <ItemPrice>19.90</ItemPrice>
      <UnitOfMeasurePrice>19.90</UnitOfMeasurePrice>
      <AllowDiscount>1</AllowDiscount>
      <itemStatus>1</itemStatus>
      <LastUpdateDate />
      <LastUpdateTime />
    </Product>
    <Product>
      <PriceUpdateDate>2019/12/15 15:00</PriceUpdateDate>
      <ItemCode>7290111342547</ItemCode>
      <ItemType>1</ItemType>
      <ItemName>מגן תחתון יאנג ג`יגה קוטקס (76)</ItemName>
      <ManufactureName>קימברלי קלארק ישראל שיווק בעמ</ManufactureName>
      <ManufactureCountry />
      <ManufactureItemDescription />
      <UnitQty>יח`</UnitQty>
      <Quantity>1</Quantity>
      <UnitMeasure />
      <BisWeighted>0</BisWeighted>
      <QtyInPackage>1</QtyInPackage>
      <ItemPrice>19.90</ItemPrice>
      <UnitOfMeasurePrice>19.90</UnitOfMeasurePrice>
      <AllowDiscount>1</AllowDiscount>
      <itemStatus>1</itemStatus>
      <LastUpdateDate />
      <LastUpdateTime />
    </Product>
    <Product>
      <PriceUpdateDate>2019/12/25 08:27</PriceUpdateDate>
      <ItemCode>7290111342738</ItemCode>
      <ItemType>1</ItemType>
      <ItemName>נייר טואלט לילי לח מארז רביעייה kids</ItemName>
      <ManufactureName>קימברלי קלארק ישראל שיווק בעמ</ManufactureName>
      <ManufactureCountry />
      <ManufactureItemDescription />
      <UnitQty>יח`</UnitQty>
      <Quantity>1</Quantity>
      <UnitMeasure>100 גרם</UnitMeasure>
      <BisWeighted>0</BisWeighted>
      <QtyInPackage>1</QtyInPackage>
      <ItemPrice>19.90</ItemPrice>
      <UnitOfMeasurePrice>19.90</UnitOfMeasurePrice>
      <AllowDiscount>0</AllowDiscount>
      <itemStatus>1</itemStatus>
      <LastUpdateDate />
      <LastUpdateTime />
    </Product>
    <Product>
      <PriceUpdateDate>2018/04/24 12:49</PriceUpdateDate>
      <ItemCode>7290111350047</ItemCode>
      <ItemType>1</ItemType>
      <ItemName>תמרים ללא חרצנים 500 גר` קלית גת</ItemName>
      <ManufactureName>ליימן שליסל בעמ</ManufactureName>
      <ManufactureCountry />
      <ManufactureItemDescription />
      <UnitQty>יח`</UnitQty>
      <Quantity>5</Quantity>
      <UnitMeasure>100 גרם</UnitMeasure>
      <BisWeighted>0</BisWeighted>
      <QtyInPackage>1</QtyInPackage>
      <ItemPrice>11.90</ItemPrice>
      <UnitOfMeasurePrice>2.38</UnitOfMeasurePrice>
      <AllowDiscount>0</AllowDiscount>
      <itemStatus>1</itemStatus>
      <LastUpdateDate />
      <LastUpdateTime />
    </Product>
    <Product>
      <PriceUpdateDate>2018/04/24 13:15</PriceUpdateDate>
      <ItemCode>7290111350290</ItemCode>
      <ItemType>1</ItemType>
      <ItemName>תערובת אגוזים ואננס 150 גר` קליית גת</ItemName>
      <ManufactureName>ליימן שליסל בעמ</ManufactureName>
      <ManufactureCountry />
      <ManufactureItemDescription />
      <UnitQty>יח`</UnitQty>
      <Quantity>1.50</Quantity>
      <UnitMeasure>100 גרם</UnitMeasure>
      <BisWeighted>0</BisWeighted>
      <QtyInPackage>1</QtyInPackage>
      <ItemPrice>19.90</ItemPrice>
      <UnitOfMeasurePrice>13.27</UnitOfMeasurePrice>
      <AllowDiscount>1</AllowDiscount>
      <itemStatus>1</itemStatus>
      <LastUpdateDate />
      <LastUpdateTime />
    </Product>
    <Product>
      <PriceUpdateDate>2019/03/24 20:17</PriceUpdateDate>
      <ItemCode>7290111350719</ItemCode>
      <ItemType>1</ItemType>
      <ItemName>נאצוס בסגנון מסעדות 332 גר` היט הופ</ItemName>
      <ManufactureName>ליימן שליסל בעמ</ManufactureName>
      <ManufactureCountry />
      <ManufactureItemDescription />
      <UnitQty>יח`</UnitQty>
      <Quantity>3.22</Quantity>
      <UnitMeasure>100 גרם</UnitMeasure>
      <BisWeighted>0</BisWeighted>
      <QtyInPackage>1</QtyInPackage>
      <ItemPrice>16.90</ItemPrice>
      <UnitOfMeasurePrice>5.25</UnitOfMeasurePrice>
      <AllowDiscount>1</AllowDiscount>
      <itemStatus>1</itemStatus>
      <LastUpdateDate />
      <LastUpdateTime />
    </Product>
    <Product>
      <PriceUpdateDate>2018/12/23 11:30</PriceUpdateDate>
      <ItemCode>7290111350986</ItemCode>
      <ItemType>1</ItemType>
      <ItemName>סוכריות גומי בננה 200  גר`יוגטה</ItemName>
      <ManufactureName>ליימן שליסל בעמ</ManufactureName>
      <ManufactureCountry />
      <ManufactureItemDescription />
      <UnitQty>יח`</UnitQty>
      <Quantity>2</Quantity>
      <UnitMeasure>100 גרם</UnitMeasure>
      <BisWeighted>0</BisWeighted>
      <QtyInPackage>1</QtyInPackage>
      <ItemPrice>9.90</ItemPrice>
      <UnitOfMeasurePrice>4.95</UnitOfMeasurePrice>
      <AllowDiscount>0</AllowDiscount>
      <itemStatus>1</itemStatus>
      <LastUpdateDate />
      <LastUpdateTime />
    </Product>
    <Product>
      <PriceUpdateDate>2018/12/23 11:36</PriceUpdateDate>
      <ItemCode>7290111351006</ItemCode>
      <ItemType>1</ItemType>
      <ItemName>סוכריות גומי נחשים 200  גר`יוגטה</ItemName>
      <ManufactureName>ליימן שליסל בעמ</ManufactureName>
      <ManufactureCountry />
      <ManufactureItemDescription />
      <UnitQty>יח`</UnitQty>
      <Quantity>2</Quantity>
      <UnitMeasure>100 גרם</UnitMeasure>
      <BisWeighted>0</BisWeighted>
      <QtyInPackage>1</QtyInPackage>
      <ItemPrice>9.90</ItemPrice>
      <UnitOfMeasurePrice>4.95</UnitOfMeasurePrice>
      <AllowDiscount>0</AllowDiscount>
      <itemStatus>1</itemStatus>
      <LastUpdateDate />
      <LastUpdateTime />
    </Product>
    <Product>
      <PriceUpdateDate>2018/12/23 11:36</PriceUpdateDate>
      <ItemCode>7290111351013</ItemCode>
      <ItemType>1</ItemType>
      <ItemName>סוכריות גומי נחשים מסוכרות 200  גר`יוגטה</ItemName>
      <ManufactureName>ליימן שליסל בעמ</ManufactureName>
      <ManufactureCountry />
      <ManufactureItemDescription />
      <UnitQty>יח`</UnitQty>
      <Quantity>2</Quantity>
      <UnitMeasure>100 גרם</UnitMeasure>
      <BisWeighted>0</BisWeighted>
      <QtyInPackage>1</QtyInPackage>
      <ItemPrice>9.90</ItemPrice>
      <UnitOfMeasurePrice>4.95</UnitOfMeasurePrice>
      <AllowDiscount>0</AllowDiscount>
      <itemStatus>1</itemStatus>
      <LastUpdateDate />
      <LastUpdateTime />
    </Product>
    <Product>
      <PriceUpdateDate>2018/12/23 11:36</PriceUpdateDate>
      <ItemCode>7290111351020</ItemCode>
      <ItemType>1</ItemType>
      <ItemName>סוכריות גומי בטעמי פירות 200  גר`יוגטה</ItemName>
      <ManufactureName>ליימן שליסל בעמ</ManufactureName>
      <ManufactureCountry />
      <ManufactureItemDescription />
      <UnitQty>יח`</UnitQty>
      <Quantity>2</Quantity>
      <UnitMeasure>100 גרם</UnitMeasure>
      <BisWeighted>0</BisWeighted>
      <QtyInPackage>1</QtyInPackage>
      <ItemPrice>9.90</ItemPrice>
      <UnitOfMeasurePrice>4.95</UnitOfMeasurePrice>
      <AllowDiscount>0</AllowDiscount>
      <itemStatus>1</itemStatus>
      <LastUpdateDate />
      <LastUpdateTime />
    </Product>
    <Product>
      <PriceUpdateDate>2018/12/23 11:36</PriceUpdateDate>
      <ItemCode>7290111351044</ItemCode>
      <ItemType>1</ItemType>
      <ItemName>סוכריות גומי דובונים 800  גר`יוגטה</ItemName>
      <ManufactureName>ליימן שליסל בעמ</ManufactureName>
      <ManufactureCountry />
      <ManufactureItemDescription />
      <UnitQty>יח`</UnitQty>
      <Quantity>8</Quantity>
      <UnitMeasure>100 גרם</UnitMeasure>
      <BisWeighted>0</BisWeighted>
      <QtyInPackage>1</QtyInPackage>
      <ItemPrice>19.90</ItemPrice>
      <UnitOfMeasurePrice>2.49</UnitOfMeasurePrice>
      <AllowDiscount>0</AllowDiscount>
      <itemStatus>1</itemStatus>
      <LastUpdateDate />
      <LastUpdateTime />
    </Product>
    <Product>
      <PriceUpdateDate>2018/12/23 11:36</PriceUpdateDate>
      <ItemCode>7290111351051</ItemCode>
      <ItemType>1</ItemType>
      <ItemName>סוכריות גומי נחשים 800  גר`יוגטה</ItemName>
      <ManufactureName>ליימן שליסל בעמ</ManufactureName>
      <ManufactureCountry />
      <ManufactureItemDescription />
      <UnitQty>יח`</UnitQty>
      <Quantity>8</Quantity>
      <UnitMeasure>100 גרם</UnitMeasure>
      <BisWeighted>0</BisWeighted>
      <QtyInPackage>1</QtyInPackage>
      <ItemPrice>19.90</ItemPrice>
      <UnitOfMeasurePrice>2.49</UnitOfMeasurePrice>
      <AllowDiscount>0</AllowDiscount>
      <itemStatus>1</itemStatus>
      <LastUpdateDate />
      <LastUpdateTime />
    </Product>
    <Product>
      <PriceUpdateDate>2019/04/19 07:56</PriceUpdateDate>
      <ItemCode>7290111351433</ItemCode>
      <ItemType>1</ItemType>
      <ItemName>עלי וופל דקים בטעם חמאה 100 גר` צוקטה</ItemName>
      <ManufactureName>ליימן שליסל בעמ</ManufactureName>
      <ManufactureCountry />
      <ManufactureItemDescription />
      <UnitQty>יח`</UnitQty>
      <Quantity>1</Quantity>
      <UnitMeasure>100 גרם</UnitMeasure>
      <BisWeighted>0</BisWeighted>
      <QtyInPackage>1</QtyInPackage>
      <ItemPrice>9.90</ItemPrice>
      <UnitOfMeasurePrice>9.90</UnitOfMeasurePrice>
      <AllowDiscount>1</AllowDiscount>
      <itemStatus>1</itemStatus>
      <LastUpdateDate />
      <LastUpdateTime />
    </Product>
    <Product>
      <PriceUpdateDate>2019/08/05 14:45</PriceUpdateDate>
      <ItemCode>7290111351440</ItemCode>
      <ItemType>1</ItemType>
      <ItemName>שוקולד חלב צ`וקטה (90x3 גר`) מארז שליישי</ItemName>
      <ManufactureName>ליימן שליסל בעמ</ManufactureName>
      <ManufactureCountry />
      <ManufactureItemDescription />
      <UnitQty>יח`</UnitQty>
      <Quantity>2.70</Quantity>
      <UnitMeasure>100 גרם</UnitMeasure>
      <BisWeighted>0</BisWeighted>
      <QtyInPackage>1</QtyInPackage>
      <ItemPrice>9.90</ItemPrice>
      <UnitOfMeasurePrice>3.67</UnitOfMeasurePrice>
      <AllowDiscount>0</AllowDiscount>
      <itemStatus>1</itemStatus>
      <LastUpdateDate />
      <LastUpdateTime />
    </Product>
    <Product>
      <PriceUpdateDate>2019/03/29 06:37</PriceUpdateDate>
      <ItemCode>7290111351488</ItemCode>
      <ItemType>1</ItemType>
      <ItemName>חלווה בטעם וניל 300 גר` צוקטה</ItemName>
      <ManufactureName>ליימן שליסל בעמ</ManufactureName>
      <ManufactureCountry />
      <ManufactureItemDescription />
      <UnitQty>יח`</UnitQty>
      <Quantity>3</Quantity>
      <UnitMeasure>100 גרם</UnitMeasure>
      <BisWeighted>0</BisWeighted>
      <QtyInPackage>1</QtyInPackage>
      <ItemPrice>9.90</ItemPrice>
      <UnitOfMeasurePrice>3.30</UnitOfMeasurePrice>
      <AllowDiscount>1</AllowDiscount>
      <itemStatus>1</itemStatus>
      <LastUpdateDate />
      <LastUpdateTime />
    </Product>
    <Product>
      <PriceUpdateDate>2019/04/19 07:56</PriceUpdateDate>
      <ItemCode>7290111351501</ItemCode>
      <ItemType>1</ItemType>
      <ItemName>גלילי וופל בציפוי שוקולד חלב 180 גר` צוק</ItemName>
      <ManufactureName>ליימן שליסל בעמ</ManufactureName>
      <ManufactureCountry />
      <ManufactureItemDescription />
      <UnitQty>יח`</UnitQty>
      <Quantity>1.80</Quantity>
      <UnitMeasure>100 גרם</UnitMeasure>
      <BisWeighted>0</BisWeighted>
      <QtyInPackage>1</QtyInPackage>
      <ItemPrice>9.90</ItemPrice>
      <UnitOfMeasurePrice>5.50</UnitOfMeasurePrice>
      <AllowDiscount>1</AllowDiscount>
      <itemStatus>1</itemStatus>
      <LastUpdateDate />
      <LastUpdateTime />
    </Product>
    <Product>
      <PriceUpdateDate>2019/07/25 09:31</PriceUpdateDate>
      <ItemCode>7290111351617</ItemCode>
      <ItemType>1</ItemType>
      <ItemName>בייגלה בתוספת שומשום 200 גר` צוקטה</ItemName>
      <ManufactureName>ליימן שליסל בעמ</ManufactureName>
      <ManufactureCountry />
      <ManufactureItemDescription />
      <UnitQty>יח`</UnitQty>
      <Quantity>2</Quantity>
      <UnitMeasure>100 גרם</UnitMeasure>
      <BisWeighted>0</BisWeighted>
      <QtyInPackage>1</QtyInPackage>
      <ItemPrice>6.50</ItemPrice>
      <UnitOfMeasurePrice>3.25</UnitOfMeasurePrice>
      <AllowDiscount>1</AllowDiscount>
      <itemStatus>1</itemStatus>
      <LastUpdateDate />
      <LastUpdateTime />
    </Product>
    <Product>
      <PriceUpdateDate>2019/07/25 09:31</PriceUpdateDate>
      <ItemCode>7290111351624</ItemCode>
      <ItemType>1</ItemType>
      <ItemName>בייגלה בתוספת מלח 200 גר` צוקטה</ItemName>
      <ManufactureName>ליימן שליסל בעמ</ManufactureName>
      <ManufactureCountry />
      <ManufactureItemDescription />
      <UnitQty>יח`</UnitQty>
      <Quantity>2</Quantity>
      <UnitMeasure>100 גרם</UnitMeasure>
      <BisWeighted>0</BisWeighted>
      <QtyInPackage>1</QtyInPackage>
      <ItemPrice>6.50</ItemPrice>
      <UnitOfMeasurePrice>3.25</UnitOfMeasurePrice>
      <AllowDiscount>1</AllowDiscount>
      <itemStatus>1</itemStatus>
      <LastUpdateDate />
      <LastUpdateTime />
    </Product>
    <Product>
      <PriceUpdateDate>2019/07/05 08:58</PriceUpdateDate>
      <ItemCode>7290111351686</ItemCode>
      <ItemType>1</ItemType>
      <ItemName>ממרח חלב וממרח אגוזי לוז 700  גר`צוקטה</ItemName>
      <ManufactureName>ליימן שליסל בעמ</ManufactureName>
      <ManufactureCountry />
      <ManufactureItemDescription />
      <UnitQty>יח`</UnitQty>
      <Quantity>7</Quantity>
      <UnitMeasure>100 גרם</UnitMeasure>
      <BisWeighted>0</BisWeighted>
      <QtyInPackage>1</QtyInPackage>
      <ItemPrice>17.90</ItemPrice>
      <UnitOfMeasurePrice>2.56</UnitOfMeasurePrice>
      <AllowDiscount>0</AllowDiscount>
      <itemStatus>1</itemStatus>
      <LastUpdateDate />
      <LastUpdateTime />
    </Product>
    <Product>
      <PriceUpdateDate>2019/10/03 12:26</PriceUpdateDate>
      <ItemCode>7290111532283</ItemCode>
      <ItemType>1</ItemType>
      <ItemName>עוגיות דלי מעמול ( 600 גר`)</ItemName>
      <ManufactureName>שיבולים יצור ושיווק מוצרי מאפה</ManufactureName>
      <ManufactureCountry />
      <ManufactureItemDescription />
      <UnitQty>יח`</UnitQty>
      <Quantity>6</Quantity>
      <UnitMeasure>100 גרם</UnitMeasure>
      <BisWeighted>0</BisWeighted>
      <QtyInPackage>1</QtyInPackage>
      <ItemPrice>11.90</ItemPrice>
      <UnitOfMeasurePrice>1.98</UnitOfMeasurePrice>
      <AllowDiscount>1</AllowDiscount>
      <itemStatus>1</itemStatus>
      <LastUpdateDate />
      <LastUpdateTime />
    </Product>
    <Product>
      <PriceUpdateDate>2019/10/03 12:26</PriceUpdateDate>
      <ItemCode>7290111532306</ItemCode>
      <ItemType>1</ItemType>
      <ItemName>עוגיות דלי אצבע שוקולד 600 גר`</ItemName>
      <ManufactureName>שיבולים יצור ושיווק מוצרי מאפה</ManufactureName>
      <ManufactureCountry />
      <ManufactureItemDescription />
      <UnitQty>יח`</UnitQty>
      <Quantity>6</Quantity>
      <UnitMeasure>100 גרם</UnitMeasure>
      <BisWeighted>0</BisWeighted>
      <QtyInPackage>1</QtyInPackage>
      <ItemPrice>11.90</ItemPrice>
      <UnitOfMeasurePrice>1.98</UnitOfMeasurePrice>
      <AllowDiscount>1</AllowDiscount>
      <itemStatus>1</itemStatus>
      <LastUpdateDate />
      <LastUpdateTime />
    </Product>
    <Product>
      <PriceUpdateDate>2019/10/03 12:26</PriceUpdateDate>
      <ItemCode>7290111532344</ItemCode>
      <ItemType>1</ItemType>
      <ItemName>עוגיות בדלי ממולאות בטעם שוקולד 600 גר`</ItemName>
      <ManufactureName>שיבולים יצור ושיווק מוצרי מאפה</ManufactureName>
      <ManufactureCountry />
      <ManufactureItemDescription />
      <UnitQty>יח`</UnitQty>
      <Quantity>6</Quantity>
      <UnitMeasure>100 גרם</UnitMeasure>
      <BisWeighted>0</BisWeighted>
      <QtyInPackage>1</QtyInPackage>
      <ItemPrice>11.90</ItemPrice>
      <UnitOfMeasurePrice>1.98</UnitOfMeasurePrice>
      <AllowDiscount>1</AllowDiscount>
      <itemStatus>1</itemStatus>
      <LastUpdateDate />
      <LastUpdateTime />
    </Product>
    <Product>
      <PriceUpdateDate>2019/10/03 12:26</PriceUpdateDate>
      <ItemCode>7290111532382</ItemCode>
      <ItemType>1</ItemType>
      <ItemName>עוגיות בדלי רולדת תמרים 600 גר`</ItemName>
      <ManufactureName>שיבולים יצור ושיווק מוצרי מאפה</ManufactureName>
      <ManufactureCountry />
      <ManufactureItemDescription />
      <UnitQty>יח`</UnitQty>
      <Quantity>6</Quantity>
      <UnitMeasure>100 גרם</UnitMeasure>
      <BisWeighted>0</BisWeighted>
      <QtyInPackage>1</QtyInPackage>
      <ItemPrice>11.90</ItemPrice>
      <UnitOfMeasurePrice>1.98</UnitOfMeasurePrice>
      <AllowDiscount>1</AllowDiscount>
      <itemStatus>1</itemStatus>
      <LastUpdateDate />
      <LastUpdateTime />
    </Product>
    <Product>
      <PriceUpdateDate>2019/10/03 12:26</PriceUpdateDate>
      <ItemCode>7290111532498</ItemCode>
      <ItemType>1</ItemType>
      <ItemName>שיבולים עוגיות בדלי 500 גר</ItemName>
      <ManufactureName>שיבולים יצור ושיווק מוצרי מאפה</ManufactureName>
      <ManufactureCountry />
      <ManufactureItemDescription />
      <UnitQty>יח`</UnitQty>
      <Quantity>5</Quantity>
      <UnitMeasure>100 גרם</UnitMeasure>
      <BisWeighted>0</BisWeighted>
      <QtyInPackage>1</QtyInPackage>
      <ItemPrice>11.90</ItemPrice>
      <UnitOfMeasurePrice>2.38</UnitOfMeasurePrice>
      <AllowDiscount>1</AllowDiscount>
      <itemStatus>1</itemStatus>
      <LastUpdateDate />
      <LastUpdateTime />
    </Product>
    <Product>
      <PriceUpdateDate>2019/10/03 12:26</PriceUpdateDate>
      <ItemCode>7290111532535</ItemCode>
      <ItemType>1</ItemType>
      <ItemName>עוגיות בדלי שיבולת שועל גרנולה 500 גר`</ItemName>
      <ManufactureName>שיבולים יצור ושיווק מוצרי מאפה</ManufactureName>
      <ManufactureCountry />
      <ManufactureItemDescription />
      <UnitQty>יח`</UnitQty>
      <Quantity>6</Quantity>
      <UnitMeasure>100 גרם</UnitMeasure>
      <BisWeighted>0</BisWeighted>
      <QtyInPackage>1</QtyInPackage>
      <ItemPrice>11.90</ItemPrice>
      <UnitOfMeasurePrice>1.98</UnitOfMeasurePrice>
      <AllowDiscount>1</AllowDiscount>
      <itemStatus>1</itemStatus>
      <LastUpdateDate />
      <LastUpdateTime />
    </Product>
    <Product>
      <PriceUpdateDate>2018/04/26 19:00</PriceUpdateDate>
      <ItemCode>7290111563355</ItemCode>
      <ItemType>1</ItemType>
      <ItemName>סלט טורקי מרובע 400 גר` צבר</ItemName>
      <ManufactureName>קבוצת אסם סחר שות. מוגבלת</ManufactureName>
      <ManufactureCountry />
      <ManufactureItemDescription />
      <UnitQty>יח`</UnitQty>
      <Quantity>4</Quantity>
      <UnitMeasure>100 גרם</UnitMeasure>
      <BisWeighted>0</BisWeighted>
      <QtyInPackage>1</QtyInPackage>
      <ItemPrice>11.90</ItemPrice>
      <UnitOfMeasurePrice>2.98</UnitOfMeasurePrice>
      <AllowDiscount>1</AllowDiscount>
      <itemStatus>1</itemStatus>
      <LastUpdateDate />
      <LastUpdateTime />
    </Product>
    <Product>
      <PriceUpdateDate>2018/04/26 19:00</PriceUpdateDate>
      <ItemCode>7290111563492</ItemCode>
      <ItemType>1</ItemType>
      <ItemName>סלט מטבוחה חריפה מרובע 400 גר` צבר</ItemName>
      <ManufactureName>קבוצת אסם סחר שות. מוגבלת</ManufactureName>
      <ManufactureCountry />
      <ManufactureItemDescription />
      <UnitQty>יח`</UnitQty>
      <Quantity>4</Quantity>
      <UnitMeasure>100 גרם</UnitMeasure>
      <BisWeighted>0</BisWeighted>
      <QtyInPackage>1</QtyInPackage>
      <ItemPrice>10.90</ItemPrice>
      <UnitOfMeasurePrice>2.73</UnitOfMeasurePrice>
      <AllowDiscount>1</AllowDiscount>
      <itemStatus>1</itemStatus>
      <LastUpdateDate />
      <LastUpdateTime />
    </Product>
    <Product>
      <PriceUpdateDate>2018/07/08 11:12</PriceUpdateDate>
      <ItemCode>7290111564239</ItemCode>
      <ItemType>1</ItemType>
      <ItemName>מאגדת מיני קראנץ וניל</ItemName>
      <ManufactureName>נגה גלידות שותפות מוגבלת</ManufactureName>
      <ManufactureCountry />
      <ManufactureItemDescription />
      <UnitQty>יח`</UnitQty>
      <Quantity>2.75</Quantity>
      <UnitMeasure>100 גרם</UnitMeasure>
      <BisWeighted>0</BisWeighted>
      <QtyInPackage>1</QtyInPackage>
      <ItemPrice>27.90</ItemPrice>
      <UnitOfMeasurePrice>10.15</UnitOfMeasurePrice>
      <AllowDiscount>0</AllowDiscount>
      <itemStatus>1</itemStatus>
      <LastUpdateDate />
      <LastUpdateTime />
    </Product>
    <Product>
      <PriceUpdateDate>2018/08/05 11:28</PriceUpdateDate>
      <ItemCode>7290111564277</ItemCode>
      <ItemType>1</ItemType>
      <ItemName>פיטנס פריכיות 3 דגנים דקות 120 גר` אסם</ItemName>
      <ManufactureName>קבוצת אסם סחר שות. מוגבלת</ManufactureName>
      <ManufactureCountry />
      <ManufactureItemDescription />
      <UnitQty>יח`</UnitQty>
      <Quantity>1.20</Quantity>
      <UnitMeasure>100 גרם</UnitMeasure>
      <BisWeighted>0</BisWeighted>
      <QtyInPackage>1</QtyInPackage>
      <ItemPrice>11.90</ItemPrice>
      <UnitOfMeasurePrice>9.92</UnitOfMeasurePrice>
      <AllowDiscount>1</AllowDiscount>
      <itemStatus>1</itemStatus>
      <LastUpdateDate />
      <LastUpdateTime />
    </Product>
    <Product>
      <PriceUpdateDate>2018/08/05 11:28</PriceUpdateDate>
      <ItemCode>7290111564291</ItemCode>
      <ItemType>1</ItemType>
      <ItemName>פיטנס פריכיות דקות עם קינואה 120 גר` אסם</ItemName>
      <ManufactureName>קבוצת אסם סחר שות. מוגבלת</ManufactureName>
      <ManufactureCountry />
      <ManufactureItemDescription />
      <UnitQty>יח`</UnitQty>
      <Quantity>1.20</Quantity>
      <UnitMeasure>100 גרם</UnitMeasure>
      <BisWeighted>0</BisWeighted>
      <QtyInPackage>1</QtyInPackage>
      <ItemPrice>11.90</ItemPrice>
      <UnitOfMeasurePrice>9.92</UnitOfMeasurePrice>
      <AllowDiscount>1</AllowDiscount>
      <itemStatus>1</itemStatus>
      <LastUpdateDate />
      <LastUpdateTime />
    </Product>
    <Product>
      <PriceUpdateDate>2018/07/25 09:06</PriceUpdateDate>
      <ItemCode>7290111564666</ItemCode>
      <ItemType>1</ItemType>
      <ItemName>כדורי בשר מן הצומח 500 גר` טבעול</ItemName>
      <ManufactureName>קבוצת אסם סחר שות. מוגבלת</ManufactureName>
      <ManufactureCountry />
      <ManufactureItemDescription />
      <UnitQty>יח`</UnitQty>
      <Quantity>5</Quantity>
      <UnitMeasure>100 גרם</UnitMeasure>
      <BisWeighted>0</BisWeighted>
      <QtyInPackage>1</QtyInPackage>
      <ItemPrice>32.90</ItemPrice>
      <UnitOfMeasurePrice>6.58</UnitOfMeasurePrice>
      <AllowDiscount>1</AllowDiscount>
      <itemStatus>1</itemStatus>
      <LastUpdateDate />
      <LastUpdateTime />
    </Product>
    <Product>
      <PriceUpdateDate>2018/04/24 13:06</PriceUpdateDate>
      <ItemCode>7290111564932</ItemCode>
      <ItemType>1</ItemType>
      <ItemName>ביסלי ספייסי צ`לי 70 גר` אסם</ItemName>
      <ManufactureName>קבוצת אסם סחר שות. מוגבלת</ManufactureName>
      <ManufactureCountry />
      <ManufactureItemDescription />
      <UnitQty>יח`</UnitQty>
      <Quantity>0.70</Quantity>
      <UnitMeasure>100 גרם</UnitMeasure>
      <BisWeighted>0</BisWeighted>
      <QtyInPackage>1</QtyInPackage>
      <ItemPrice>3.90</ItemPrice>
      <UnitOfMeasurePrice>5.57</UnitOfMeasurePrice>
      <AllowDiscount>1</AllowDiscount>
      <itemStatus>1</itemStatus>
      <LastUpdateDate />
      <LastUpdateTime />
    </Product>
    <Product>
      <PriceUpdateDate>2018/07/08 11:12</PriceUpdateDate>
      <ItemCode>7290111566103</ItemCode>
      <ItemType>1</ItemType>
      <ItemName>פלאפל מרכיבים ביתיים בלבד 590 גר` טבעול</ItemName>
      <ManufactureName>קבוצת אסם סחר שות. מוגבלת</ManufactureName>
      <ManufactureCountry />
      <ManufactureItemDescription />
      <UnitQty>יח`</UnitQty>
      <Quantity>5.90</Quantity>
      <UnitMeasure>100 גרם</UnitMeasure>
      <BisWeighted>0</BisWeighted>
      <QtyInPackage>1</QtyInPackage>
      <ItemPrice>32.90</ItemPrice>
      <UnitOfMeasurePrice>5.58</UnitOfMeasurePrice>
      <AllowDiscount>1</AllowDiscount>
      <itemStatus>1</itemStatus>
      <LastUpdateDate />
      <LastUpdateTime />
    </Product>
    <Product>
      <PriceUpdateDate>2018/04/24 13:01</PriceUpdateDate>
      <ItemCode>7290111566127</ItemCode>
      <ItemType>1</ItemType>
      <ItemName>אוראו מאגדת סנדביץ</ItemName>
      <ManufactureName>נגה גלידות שותפות מוגבלת</ManufactureName>
      <ManufactureCountry />
      <ManufactureItemDescription />
      <UnitQty>יח`</UnitQty>
      <Quantity>1.98</Quantity>
      <UnitMeasure>100 גרם</UnitMeasure>
      <BisWeighted>0</BisWeighted>
      <QtyInPackage>1</QtyInPackage>
      <ItemPrice>24.90</ItemPrice>
      <UnitOfMeasurePrice>12.58</UnitOfMeasurePrice>
      <AllowDiscount>1</AllowDiscount>
      <itemStatus>1</itemStatus>
      <LastUpdateDate />
      <LastUpdateTime />
    </Product>
    <Product>
      <PriceUpdateDate>2018/07/08 11:12</PriceUpdateDate>
      <ItemCode>7290111566226</ItemCode>
      <ItemType>1</ItemType>
      <ItemName>שניצל ברוקולי 667 גר` טבעול</ItemName>
      <ManufactureName>קבוצת אסם סחר שות. מוגבלת</ManufactureName>
      <ManufactureCountry />
      <ManufactureItemDescription />
      <UnitQty>יח`</UnitQty>
      <Quantity>6.67</Quantity>
      <UnitMeasure>100 גרם</UnitMeasure>
      <BisWeighted>0</BisWeighted>
      <QtyInPackage>1</QtyInPackage>
      <ItemPrice>32.90</ItemPrice>
      <UnitOfMeasurePrice>4.93</UnitOfMeasurePrice>
      <AllowDiscount>1</AllowDiscount>
      <itemStatus>1</itemStatus>
      <LastUpdateDate />
      <LastUpdateTime />
    </Product>
    <Product>
      <PriceUpdateDate>2018/04/24 13:13</PriceUpdateDate>
      <ItemCode>7290111566318</ItemCode>
      <ItemType>1</ItemType>
      <ItemName>שניצל דק מן הצומח 564 גר` טבעול</ItemName>
      <ManufactureName>קבוצת אסם סחר שות. מוגבלת</ManufactureName>
      <ManufactureCountry />
      <ManufactureItemDescription />
      <UnitQty>יח`</UnitQty>
      <Quantity>5.64</Quantity>
      <UnitMeasure>100 גרם</UnitMeasure>
      <BisWeighted>0</BisWeighted>
      <QtyInPackage>1</QtyInPackage>
      <ItemPrice>32.90</ItemPrice>
      <UnitOfMeasurePrice>5.83</UnitOfMeasurePrice>
      <AllowDiscount>1</AllowDiscount>
      <itemStatus>1</itemStatus>
      <LastUpdateDate />
      <LastUpdateTime />
    </Product>
    <Product>
      <PriceUpdateDate>2018/04/24 13:12</PriceUpdateDate>
      <ItemCode>7290111566332</ItemCode>
      <ItemType>1</ItemType>
      <ItemName>נקניקיות טינר צמחוניות 680 גר` טבעול</ItemName>
      <ManufactureName>קבוצת אסם סחר שות. מוגבלת</ManufactureName>
      <ManufactureCountry />
      <ManufactureItemDescription />
      <UnitQty>יח`</UnitQty>
      <Quantity>6.80</Quantity>
      <UnitMeasure>100 גרם</UnitMeasure>
      <BisWeighted>0</BisWeighted>
      <QtyInPackage>1</QtyInPackage>
      <ItemPrice>32.90</ItemPrice>
      <UnitOfMeasurePrice>4.84</UnitOfMeasurePrice>
      <AllowDiscount>1</AllowDiscount>
      <itemStatus>1</itemStatus>
      <LastUpdateDate />
      <LastUpdateTime />
    </Product>
    <Product>
      <PriceUpdateDate>2018/04/24 13:14</PriceUpdateDate>
      <ItemCode>7290111566417</ItemCode>
      <ItemType>1</ItemType>
      <ItemName>טחון מן הצומח טבעול (500גרם)</ItemName>
      <ManufactureName>קבוצת אסם סחר שות. מוגבלת</ManufactureName>
      <ManufactureCountry />
      <ManufactureItemDescription />
      <UnitQty>יח`</UnitQty>
      <Quantity>5</Quantity>
      <UnitMeasure>100 גרם</UnitMeasure>
      <BisWeighted>0</BisWeighted>
      <QtyInPackage>1</QtyInPackage>
      <ItemPrice>32.90</ItemPrice>
      <UnitOfMeasurePrice>6.58</UnitOfMeasurePrice>
      <AllowDiscount>1</AllowDiscount>
      <itemStatus>1</itemStatus>
      <LastUpdateDate />
      <LastUpdateTime />
    </Product>
    <Product>
      <PriceUpdateDate>2018/07/08 11:12</PriceUpdateDate>
      <ItemCode>7290111566547</ItemCode>
      <ItemType>1</ItemType>
      <ItemName>חזה בגריל צמחוני 99 קלוריות 560 גר` טבע</ItemName>
      <ManufactureName>קבוצת אסם סחר שות. מוגבלת</ManufactureName>
      <ManufactureCountry />
      <ManufactureItemDescription />
      <UnitQty>יח`</UnitQty>
      <Quantity>5.60</Quantity>
      <UnitMeasure>100 גרם</UnitMeasure>
      <BisWeighted>0</BisWeighted>
      <QtyInPackage>1</QtyInPackage>
      <ItemPrice>32.90</ItemPrice>
      <UnitOfMeasurePrice>5.88</UnitOfMeasurePrice>
      <AllowDiscount>1</AllowDiscount>
      <itemStatus>1</itemStatus>
      <LastUpdateDate />
      <LastUpdateTime />
    </Product>
    <Product>
      <PriceUpdateDate>2018/07/08 11:12</PriceUpdateDate>
      <ItemCode>7290111566561</ItemCode>
      <ItemType>1</ItemType>
      <ItemName>שניצל ברוקולי 99 קלוריות 560 גר` טבעול</ItemName>
      <ManufactureName>קבוצת אסם סחר שות. מוגבלת</ManufactureName>
      <ManufactureCountry />
      <ManufactureItemDescription />
      <UnitQty>יח`</UnitQty>
      <Quantity>5.60</Quantity>
      <UnitMeasure>100 גרם</UnitMeasure>
      <BisWeighted>0</BisWeighted>
      <QtyInPackage>1</QtyInPackage>
      <ItemPrice>32.90</ItemPrice>
      <UnitOfMeasurePrice>5.88</UnitOfMeasurePrice>
      <AllowDiscount>1</AllowDiscount>
      <itemStatus>1</itemStatus>
      <LastUpdateDate />
      <LastUpdateTime />
    </Product>
    <Product>
      <PriceUpdateDate>2018/07/08 11:12</PriceUpdateDate>
      <ItemCode>7290111566585</ItemCode>
      <ItemType>1</ItemType>
      <ItemName>שניצל צמחוני 99 קלוריות 650 גר` טבעול</ItemName>
      <ManufactureName>קבוצת אסם סחר שות. מוגבלת</ManufactureName>
      <ManufactureCountry />
      <ManufactureItemDescription />
      <UnitQty>יח`</UnitQty>
      <Quantity>6.50</Quantity>
      <UnitMeasure>100 גרם</UnitMeasure>
      <BisWeighted>0</BisWeighted>
      <QtyInPackage>1</QtyInPackage>
      <ItemPrice>32.90</ItemPrice>
      <UnitOfMeasurePrice>5.06</UnitOfMeasurePrice>
      <AllowDiscount>1</AllowDiscount>
      <itemStatus>1</itemStatus>
      <LastUpdateDate />
      <LastUpdateTime />
    </Product>
    <Product>
      <PriceUpdateDate>2018/07/08 11:12</PriceUpdateDate>
      <ItemCode>7290111566660</ItemCode>
      <ItemType>1</ItemType>
      <ItemName>קציצות עדשים כתומות 530 גר` טבעול</ItemName>
      <ManufactureName>קבוצת אסם סחר שות. מוגבלת</ManufactureName>
      <ManufactureCountry />
      <ManufactureItemDescription />
      <UnitQty>יח`</UnitQty>
      <Quantity>5.30</Quantity>
      <UnitMeasure>100 גרם</UnitMeasure>
      <BisWeighted>0</BisWeighted>
      <QtyInPackage>1</QtyInPackage>
      <ItemPrice>32.90</ItemPrice>
      <UnitOfMeasurePrice>6.21</UnitOfMeasurePrice>
      <AllowDiscount>1</AllowDiscount>
      <itemStatus>1</itemStatus>
      <LastUpdateDate />
      <LastUpdateTime />
    </Product>
    <Product>
      <PriceUpdateDate>2018/07/08 11:12</PriceUpdateDate>
      <ItemCode>7290111566714</ItemCode>
      <ItemType>1</ItemType>
      <ItemName>המבורגר צמחוני 99 קלוריות 600 גר` טבעול</ItemName>
      <ManufactureName>קבוצת אסם סחר שות. מוגבלת</ManufactureName>
      <ManufactureCountry />
      <ManufactureItemDescription />
      <UnitQty>יח`</UnitQty>
      <Quantity>6</Quantity>
      <UnitMeasure>100 גרם</UnitMeasure>
      <BisWeighted>0</BisWeighted>
      <QtyInPackage>1</QtyInPackage>
      <ItemPrice>32.90</ItemPrice>
      <UnitOfMeasurePrice>5.48</UnitOfMeasurePrice>
      <AllowDiscount>1</AllowDiscount>
      <itemStatus>1</itemStatus>
      <LastUpdateDate />
      <LastUpdateTime />
    </Product>
    <Product>
      <PriceUpdateDate>2018/07/08 11:12</PriceUpdateDate>
      <ItemCode>7290111566752</ItemCode>
      <ItemType>1</ItemType>
      <ItemName>שניצל תירס 99 קלוריות 693 גר` טבעול</ItemName>
      <ManufactureName>קבוצת אסם סחר שות. מוגבלת</ManufactureName>
      <ManufactureCountry />
      <ManufactureItemDescription />
      <UnitQty>יח`</UnitQty>
      <Quantity>6.93</Quantity>
      <UnitMeasure>100 גרם</UnitMeasure>
      <BisWeighted>0</BisWeighted>
      <QtyInPackage>1</QtyInPackage>
      <ItemPrice>32.90</ItemPrice>
      <UnitOfMeasurePrice>4.75</UnitOfMeasurePrice>
      <AllowDiscount>1</AllowDiscount>
      <itemStatus>1</itemStatus>
      <LastUpdateDate />
      <LastUpdateTime />
    </Product>
    <Product>
      <PriceUpdateDate>2018/04/24 13:12</PriceUpdateDate>
      <ItemCode>7290111566776</ItemCode>
      <ItemType>1</ItemType>
      <ItemName>נקניקיות קוקטייל צמחונית 680 גר` טבעול</ItemName>
      <ManufactureName>קבוצת אסם סחר שות. מוגבלת</ManufactureName>
      <ManufactureCountry />
      <ManufactureItemDescription />
      <UnitQty>יח`</UnitQty>
      <Quantity>6.80</Quantity>
      <UnitMeasure>100 גרם</UnitMeasure>
      <BisWeighted>0</BisWeighted>
      <QtyInPackage>1</QtyInPackage>
      <ItemPrice>32.90</ItemPrice>
      <UnitOfMeasurePrice>4.84</UnitOfMeasurePrice>
      <AllowDiscount>1</AllowDiscount>
      <itemStatus>1</itemStatus>
      <LastUpdateDate />
      <LastUpdateTime />
    </Product>
    <Product>
      <PriceUpdateDate>2018/04/24 13:12</PriceUpdateDate>
      <ItemCode>7290111567018</ItemCode>
      <ItemType>1</ItemType>
      <ItemName>פרורית זהב כוסמין 200  גר`אסם</ItemName>
      <ManufactureName>קבוצת אסם סחר שות. מוגבלת</ManufactureName>
      <ManufactureCountry />
      <ManufactureItemDescription />
      <UnitQty>יח`</UnitQty>
      <Quantity>2</Quantity>
      <UnitMeasure>100 גרם</UnitMeasure>
      <BisWeighted>0</BisWeighted>
      <QtyInPackage>1</QtyInPackage>
      <ItemPrice>7.90</ItemPrice>
      <UnitOfMeasurePrice>3.95</UnitOfMeasurePrice>
      <AllowDiscount>0</AllowDiscount>
      <itemStatus>1</itemStatus>
      <LastUpdateDate />
      <LastUpdateTime />
    </Product>
    <Product>
      <PriceUpdateDate>2018/04/26 19:00</PriceUpdateDate>
      <ItemCode>7290111567223</ItemCode>
      <ItemType>1</ItemType>
      <ItemName>פיטנס מיני פריכיות שוקולד חלב</ItemName>
      <ManufactureName>קבוצת אסם סחר שות. מוגבלת</ManufactureName>
      <ManufactureCountry />
      <ManufactureItemDescription />
      <UnitQty>יח`</UnitQty>
      <Quantity>1.10</Quantity>
      <UnitMeasure>100 גרם</UnitMeasure>
      <BisWeighted>0</BisWeighted>
      <QtyInPackage>1</QtyInPackage>
      <ItemPrice>21.90</ItemPrice>
      <UnitOfMeasurePrice>19.91</UnitOfMeasurePrice>
      <AllowDiscount>0</AllowDiscount>
      <itemStatus>1</itemStatus>
      <LastUpdateDate />
      <LastUpdateTime />
    </Product>
    <Product>
      <PriceUpdateDate>2018/07/25 09:06</PriceUpdateDate>
      <ItemCode>7290111568275</ItemCode>
      <ItemType>1</ItemType>
      <ItemName>נודלס אטריות אורז רחבות 300 גר` אסם</ItemName>
      <ManufactureName>קבוצת אסם סחר שות. מוגבלת</ManufactureName>
      <ManufactureCountry />
      <ManufactureItemDescription />
      <UnitQty>יח`</UnitQty>
      <Quantity>3</Quantity>
      <UnitMeasure>100 גרם</UnitMeasure>
      <BisWeighted>0</BisWeighted>
      <QtyInPackage>1</QtyInPackage>
      <ItemPrice>9.90</ItemPrice>
      <UnitOfMeasurePrice>3.30</UnitOfMeasurePrice>
      <AllowDiscount>0</AllowDiscount>
      <itemStatus>1</itemStatus>
      <LastUpdateDate />
      <LastUpdateTime />
    </Product>
    <Product>
      <PriceUpdateDate>2018/06/07 10:27</PriceUpdateDate>
      <ItemCode>7290111568312</ItemCode>
      <ItemType>1</ItemType>
      <ItemName>נודלס אטריות ביצים רחבות מאוד 400  גר`אס</ItemName>
      <ManufactureName>קבוצת אסם סחר שות. מוגבלת</ManufactureName>
      <ManufactureCountry />
      <ManufactureItemDescription />
      <UnitQty>יח`</UnitQty>
      <Quantity>4</Quantity>
      <UnitMeasure>100 גרם</UnitMeasure>
      <BisWeighted>0</BisWeighted>
      <QtyInPackage>1</QtyInPackage>
      <ItemPrice>9.90</ItemPrice>
      <UnitOfMeasurePrice>2.48</UnitOfMeasurePrice>
      <AllowDiscount>0</AllowDiscount>
      <itemStatus>1</itemStatus>
      <LastUpdateDate />
      <LastUpdateTime />
    </Product>
    <Product>
      <PriceUpdateDate>2018/06/07 10:27</PriceUpdateDate>
      <ItemCode>7290111568350</ItemCode>
      <ItemType>1</ItemType>
      <ItemName>פרורית פנקו 300  גר`אסם</ItemName>
      <ManufactureName>קבוצת אסם סחר שות. מוגבלת</ManufactureName>
      <ManufactureCountry />
      <ManufactureItemDescription />
      <UnitQty>יח`</UnitQty>
      <Quantity>3</Quantity>
      <UnitMeasure>100 גרם</UnitMeasure>
      <BisWeighted>0</BisWeighted>
      <QtyInPackage>1</QtyInPackage>
      <ItemPrice>7.90</ItemPrice>
      <UnitOfMeasurePrice>2.63</UnitOfMeasurePrice>
      <AllowDiscount>0</AllowDiscount>
      <itemStatus>1</itemStatus>
      <LastUpdateDate />
      <LastUpdateTime />
    </Product>
    <Product>
      <PriceUpdateDate>2018/06/07 10:27</PriceUpdateDate>
      <ItemCode>7290111568466</ItemCode>
      <ItemType>1</ItemType>
      <ItemName>רוטב אסייתי למוקפץ 290 מל אסם</ItemName>
      <ManufactureName>קבוצת אסם סחר שות. מוגבלת</ManufactureName>
      <ManufactureCountry />
      <ManufactureItemDescription />
      <UnitQty>יח`</UnitQty>
      <Quantity>2.90</Quantity>
      <UnitMeasure>100 מ"ל</UnitMeasure>
      <BisWeighted>0</BisWeighted>
      <QtyInPackage>1</QtyInPackage>
      <ItemPrice>14.90</ItemPrice>
      <UnitOfMeasurePrice>5.14</UnitOfMeasurePrice>
      <AllowDiscount>0</AllowDiscount>
      <itemStatus>1</itemStatus>
      <LastUpdateDate />
      <LastUpdateTime />
    </Product>
    <Product>
      <PriceUpdateDate>2018/06/07 10:27</PriceUpdateDate>
      <ItemCode>7290111568480</ItemCode>
      <ItemType>1</ItemType>
      <ItemName>רוטב אסייתי חריף למוקפץ 290 מל אסם</ItemName>
      <ManufactureName>קבוצת אסם סחר שות. מוגבלת</ManufactureName>
      <ManufactureCountry />
      <ManufactureItemDescription />
      <UnitQty>יח`</UnitQty>
      <Quantity>2.90</Quantity>
      <UnitMeasure>100 מ"ל</UnitMeasure>
      <BisWeighted>0</BisWeighted>
      <QtyInPackage>1</QtyInPackage>
      <ItemPrice>14.90</ItemPrice>
      <UnitOfMeasurePrice>5.14</UnitOfMeasurePrice>
      <AllowDiscount>1</AllowDiscount>
      <itemStatus>1</itemStatus>
      <LastUpdateDate />
      <LastUpdateTime />
    </Product>
    <Product>
      <PriceUpdateDate>2018/07/23 10:13</PriceUpdateDate>
      <ItemCode>7290111568572</ItemCode>
      <ItemType>1</ItemType>
      <ItemName>נתחוני עוף טבעוני 350 גר` טבעול</ItemName>
      <ManufactureName>קבוצת אסם סחר שות. מוגבלת</ManufactureName>
      <ManufactureCountry />
      <ManufactureItemDescription />
      <UnitQty>יח`</UnitQty>
      <Quantity>3.50</Quantity>
      <UnitMeasure>100 גרם</UnitMeasure>
      <BisWeighted>0</BisWeighted>
      <QtyInPackage>1</QtyInPackage>
      <ItemPrice>32.90</ItemPrice>
      <UnitOfMeasurePrice>9.40</UnitOfMeasurePrice>
      <AllowDiscount>1</AllowDiscount>
      <itemStatus>1</itemStatus>
      <LastUpdateDate />
      <LastUpdateTime />
    </Product>
    <Product>
      <PriceUpdateDate>2019/01/17 14:10</PriceUpdateDate>
      <ItemCode>7290111569616</ItemCode>
      <ItemType>1</ItemType>
      <ItemName>חומוס עם המון חריף 375 גר` צבר</ItemName>
      <ManufactureName>קבוצת אסם סחר שות. מוגבלת</ManufactureName>
      <ManufactureCountry />
      <ManufactureItemDescription />
      <UnitQty>יח`</UnitQty>
      <Quantity>3.75</Quantity>
      <UnitMeasure>100 גרם</UnitMeasure>
      <BisWeighted>0</BisWeighted>
      <QtyInPackage>1</QtyInPackage>
      <ItemPrice>12</ItemPrice>
      <UnitOfMeasurePrice>3.20</UnitOfMeasurePrice>
      <AllowDiscount>1</AllowDiscount>
      <itemStatus>1</itemStatus>
      <LastUpdateDate />
      <LastUpdateTime />
    </Product>
    <Product>
      <PriceUpdateDate>2018/04/24 13:04</PriceUpdateDate>
      <ItemCode>7290111930799</ItemCode>
      <ItemType>1</ItemType>
      <ItemName>קראנצוס בצל 70 גר`</ItemName>
      <ManufactureName>ש.שסטוביץ בעמ</ManufactureName>
      <ManufactureCountry />
      <ManufactureItemDescription />
      <UnitQty>יח`</UnitQty>
      <Quantity>0.70</Quantity>
      <UnitMeasure>100 גרם</UnitMeasure>
      <BisWeighted>0</BisWeighted>
      <QtyInPackage>1</QtyInPackage>
      <ItemPrice>3.90</ItemPrice>
      <UnitOfMeasurePrice>5.57</UnitOfMeasurePrice>
      <AllowDiscount>1</AllowDiscount>
      <itemStatus>1</itemStatus>
      <LastUpdateDate />
      <LastUpdateTime />
    </Product>
    <Product>
      <PriceUpdateDate>2018/04/24 13:04</PriceUpdateDate>
      <ItemCode>7290111930805</ItemCode>
      <ItemType>1</ItemType>
      <ItemName>קראנצוס ברביקין 70 גר`</ItemName>
      <ManufactureName>ש.שסטוביץ בעמ</ManufactureName>
      <ManufactureCountry />
      <ManufactureItemDescription />
      <UnitQty>יח`</UnitQty>
      <Quantity>0.70</Quantity>
      <UnitMeasure>100 גרם</UnitMeasure>
      <BisWeighted>0</BisWeighted>
      <QtyInPackage>1</QtyInPackage>
      <ItemPrice>3.90</ItemPrice>
      <UnitOfMeasurePrice>5.57</UnitOfMeasurePrice>
      <AllowDiscount>1</AllowDiscount>
      <itemStatus>1</itemStatus>
      <LastUpdateDate />
      <LastUpdateTime />
    </Product>
    <Product>
      <PriceUpdateDate>2018/04/24 13:04</PriceUpdateDate>
      <ItemCode>7290111930850</ItemCode>
      <ItemType>1</ItemType>
      <ItemName>קראנצוס פיצה 70 גר`</ItemName>
      <ManufactureName>ש.שסטוביץ בעמ</ManufactureName>
      <ManufactureCountry />
      <ManufactureItemDescription />
      <UnitQty>יח`</UnitQty>
      <Quantity>0.70</Quantity>
      <UnitMeasure>100 גרם</UnitMeasure>
      <BisWeighted>0</BisWeighted>
      <QtyInPackage>1</QtyInPackage>
      <ItemPrice>3.90</ItemPrice>
      <UnitOfMeasurePrice>5.57</UnitOfMeasurePrice>
      <AllowDiscount>1</AllowDiscount>
      <itemStatus>1</itemStatus>
      <LastUpdateDate />
      <LastUpdateTime />
    </Product>
    <Product>
      <PriceUpdateDate>2018/04/24 13:20</PriceUpdateDate>
      <ItemCode>7290111930966</ItemCode>
      <ItemType>1</ItemType>
      <ItemName>ממרח עגבניות מיובשות 190 גר` מאסטר שף</ItemName>
      <ManufactureName>ש.שסטוביץ בעמ</ManufactureName>
      <ManufactureCountry />
      <ManufactureItemDescription />
      <UnitQty>יח`</UnitQty>
      <Quantity>1.90</Quantity>
      <UnitMeasure>100 גרם</UnitMeasure>
      <BisWeighted>0</BisWeighted>
      <QtyInPackage>1</QtyInPackage>
      <ItemPrice>13.90</ItemPrice>
      <UnitOfMeasurePrice>7.32</UnitOfMeasurePrice>
      <AllowDiscount>1</AllowDiscount>
      <itemStatus>1</itemStatus>
      <LastUpdateDate />
      <LastUpdateTime />
    </Product>
    <Product>
      <PriceUpdateDate>2018/04/24 13:20</PriceUpdateDate>
      <ItemCode>7290111930973</ItemCode>
      <ItemType>1</ItemType>
      <ItemName>פסטו אדום 190 גר` מאסטר שף</ItemName>
      <ManufactureName>ש.שסטוביץ בעמ</ManufactureName>
      <ManufactureCountry />
      <ManufactureItemDescription />
      <UnitQty>יח`</UnitQty>
      <Quantity>1.90</Quantity>
      <UnitMeasure>100 גרם</UnitMeasure>
      <BisWeighted>0</BisWeighted>
      <QtyInPackage>1</QtyInPackage>
      <ItemPrice>13.90</ItemPrice>
      <UnitOfMeasurePrice>7.32</UnitOfMeasurePrice>
      <AllowDiscount>1</AllowDiscount>
      <itemStatus>1</itemStatus>
      <LastUpdateDate />
      <LastUpdateTime />
    </Product>
    <Product>
      <PriceUpdateDate>2018/04/24 13:20</PriceUpdateDate>
      <ItemCode>7290111930980</ItemCode>
      <ItemType>1</ItemType>
      <ItemName>פסטו ירוק 190 גר` מאסטר שף</ItemName>
      <ManufactureName>ש.שסטוביץ בעמ</ManufactureName>
      <ManufactureCountry />
      <ManufactureItemDescription />
      <UnitQty>יח`</UnitQty>
      <Quantity>1.90</Quantity>
      <UnitMeasure>100 גרם</UnitMeasure>
      <BisWeighted>0</BisWeighted>
      <QtyInPackage>1</QtyInPackage>
      <ItemPrice>13.90</ItemPrice>
      <UnitOfMeasurePrice>7.32</UnitOfMeasurePrice>
      <AllowDiscount>1</AllowDiscount>
      <itemStatus>1</itemStatus>
      <LastUpdateDate />
      <LastUpdateTime />
    </Product>
    <Product>
      <PriceUpdateDate>2018/10/10 15:27</PriceUpdateDate>
      <ItemCode>7290111932083</ItemCode>
      <ItemType>1</ItemType>
      <ItemName>שימורי גרעיני תירס מתוק 425 גר` מאסטר שף</ItemName>
      <ManufactureName>ש.שסטוביץ בעמ</ManufactureName>
      <ManufactureCountry />
      <ManufactureItemDescription />
      <UnitQty>יח`</UnitQty>
      <Quantity>4.25</Quantity>
      <UnitMeasure>100 גרם</UnitMeasure>
      <BisWeighted>0</BisWeighted>
      <QtyInPackage>1</QtyInPackage>
      <ItemPrice>5.90</ItemPrice>
      <UnitOfMeasurePrice>1.39</UnitOfMeasurePrice>
      <AllowDiscount>0</AllowDiscount>
      <itemStatus>1</itemStatus>
      <LastUpdateDate />
      <LastUpdateTime />
    </Product>
    <Product>
      <PriceUpdateDate>2018/08/31 14:09</PriceUpdateDate>
      <ItemCode>7290111932502</ItemCode>
      <ItemType>1</ItemType>
      <ItemName>קולגיט משחת שיינים אופטיק וייט אקספרט וי</ItemName>
      <ManufactureName>ש.שסטוביץ בעמ</ManufactureName>
      <ManufactureCountry />
      <ManufactureItemDescription />
      <UnitQty>יח`</UnitQty>
      <Quantity>1</Quantity>
      <UnitMeasure />
      <BisWeighted>0</BisWeighted>
      <QtyInPackage>1</QtyInPackage>
      <ItemPrice>24.90</ItemPrice>
      <UnitOfMeasurePrice>24.90</UnitOfMeasurePrice>
      <AllowDiscount>0</AllowDiscount>
      <itemStatus>1</itemStatus>
      <LastUpdateDate />
      <LastUpdateTime />
    </Product>
    <Product>
      <PriceUpdateDate>2018/10/10 15:27</PriceUpdateDate>
      <ItemCode>7290111933554</ItemCode>
      <ItemType>1</ItemType>
      <ItemName>מארז עגבניות קוביות שלישייה מאסטר שף</ItemName>
      <ManufactureName>ש.שסטוביץ בעמ</ManufactureName>
      <ManufactureCountry />
      <ManufactureItemDescription />
      <UnitQty>יח`</UnitQty>
      <Quantity>12</Quantity>
      <UnitMeasure>100 גרם</UnitMeasure>
      <BisWeighted>0</BisWeighted>
      <QtyInPackage>1</QtyInPackage>
      <ItemPrice>16.90</ItemPrice>
      <UnitOfMeasurePrice>1.41</UnitOfMeasurePrice>
      <AllowDiscount>1</AllowDiscount>
      <itemStatus>1</itemStatus>
      <LastUpdateDate />
      <LastUpdateTime />
    </Product>
    <Product>
      <PriceUpdateDate>2020/03/09 14:02</PriceUpdateDate>
      <ItemCode>7290111934827</ItemCode>
      <ItemType>1</ItemType>
      <ItemName>סבון ידיים היגיינה 300 מל פלמוליב</ItemName>
      <ManufactureName>ש.שסטוביץ בעמ</ManufactureName>
      <ManufactureCountry />
      <ManufactureItemDescription />
      <UnitQty>יח`</UnitQty>
      <Quantity>3</Quantity>
      <UnitMeasure>100 גרם</UnitMeasure>
      <BisWeighted>0</BisWeighted>
      <QtyInPackage>1</QtyInPackage>
      <ItemPrice>7.90</ItemPrice>
      <UnitOfMeasurePrice>2.63</UnitOfMeasurePrice>
      <AllowDiscount>0</AllowDiscount>
      <itemStatus>1</itemStatus>
      <LastUpdateDate />
      <LastUpdateTime />
    </Product>
    <Product>
      <PriceUpdateDate>2019/03/07 15:11</PriceUpdateDate>
      <ItemCode>7290111935527</ItemCode>
      <ItemType>1</ItemType>
      <ItemName>משחת שיניים קולגייט טוטל קילן מינט זוג כ</ItemName>
      <ManufactureName>ש.שסטוביץ בעמ</ManufactureName>
      <ManufactureCountry />
      <ManufactureItemDescription />
      <UnitQty>יח`</UnitQty>
      <Quantity>2</Quantity>
      <UnitMeasure>100 גרם</UnitMeasure>
      <BisWeighted>0</BisWeighted>
      <QtyInPackage>1</QtyInPackage>
      <ItemPrice>28.90</ItemPrice>
      <UnitOfMeasurePrice>14.45</UnitOfMeasurePrice>
      <AllowDiscount>0</AllowDiscount>
      <itemStatus>1</itemStatus>
      <LastUpdateDate />
      <LastUpdateTime />
    </Product>
    <Product>
      <PriceUpdateDate>2020/02/03 11:49</PriceUpdateDate>
      <ItemCode>7290111935800</ItemCode>
      <ItemType>1</ItemType>
      <ItemName>ליידי ספיד סטיק דרמה ויטמין אי</ItemName>
      <ManufactureName>ש.שסטוביץ בעמ</ManufactureName>
      <ManufactureCountry />
      <ManufactureItemDescription />
      <UnitQty>יח`</UnitQty>
      <Quantity>0.45</Quantity>
      <UnitMeasure>100 גרם</UnitMeasure>
      <BisWeighted>0</BisWeighted>
      <QtyInPackage>1</QtyInPackage>
      <ItemPrice>19.90</ItemPrice>
      <UnitOfMeasurePrice>44.22</UnitOfMeasurePrice>
      <AllowDiscount>0</AllowDiscount>
      <itemStatus>1</itemStatus>
      <LastUpdateDate />
      <LastUpdateTime />
    </Product>
    <Product>
      <PriceUpdateDate>2019/11/10 14:29</PriceUpdateDate>
      <ItemCode>7290111935992</ItemCode>
      <ItemType>1</ItemType>
      <ItemName>אטריות להקפצה 350  גר`מאסטר שף</ItemName>
      <ManufactureName>ש.שסטוביץ בעמ</ManufactureName>
      <ManufactureCountry />
      <ManufactureItemDescription />
      <UnitQty>יח`</UnitQty>
      <Quantity>3.50</Quantity>
      <UnitMeasure>100 גרם</UnitMeasure>
      <BisWeighted>0</BisWeighted>
      <QtyInPackage>1</QtyInPackage>
      <ItemPrice>7.90</ItemPrice>
      <UnitOfMeasurePrice>2.26</UnitOfMeasurePrice>
      <AllowDiscount>0</AllowDiscount>
      <itemStatus>1</itemStatus>
      <LastUpdateDate />
      <LastUpdateTime />
    </Product>
    <Product>
      <PriceUpdateDate>2019/03/07 15:11</PriceUpdateDate>
      <ItemCode>7290111936487</ItemCode>
      <ItemType>1</ItemType>
      <ItemName>משחת שיניים קולגייט טוטל הלבנה 100 זוכ כ</ItemName>
      <ManufactureName>ש.שסטוביץ בעמ</ManufactureName>
      <ManufactureCountry />
      <ManufactureItemDescription />
      <UnitQty>יח`</UnitQty>
      <Quantity>2</Quantity>
      <UnitMeasure>100 גרם</UnitMeasure>
      <BisWeighted>0</BisWeighted>
      <QtyInPackage>1</QtyInPackage>
      <ItemPrice>28.90</ItemPrice>
      <UnitOfMeasurePrice>14.45</UnitOfMeasurePrice>
      <AllowDiscount>0</AllowDiscount>
      <itemStatus>1</itemStatus>
      <LastUpdateDate />
      <LastUpdateTime />
    </Product>
    <Product>
      <PriceUpdateDate>2019/03/07 15:11</PriceUpdateDate>
      <ItemCode>7290111936647</ItemCode>
      <ItemType>1</ItemType>
      <ItemName>משחת שיניים קולגייט מקס פרש מארז זוג כשר</ItemName>
      <ManufactureName>ש.שסטוביץ בעמ</ManufactureName>
      <ManufactureCountry />
      <ManufactureItemDescription />
      <UnitQty>יח`</UnitQty>
      <Quantity>1.25</Quantity>
      <UnitMeasure>100 גרם</UnitMeasure>
      <BisWeighted>0</BisWeighted>
      <QtyInPackage>1</QtyInPackage>
      <ItemPrice>29.90</ItemPrice>
      <UnitOfMeasurePrice>23.92</UnitOfMeasurePrice>
      <AllowDiscount>0</AllowDiscount>
      <itemStatus>1</itemStatus>
      <LastUpdateDate />
      <LastUpdateTime />
    </Product>
    <Product>
      <PriceUpdateDate>2019/02/14 08:58</PriceUpdateDate>
      <ItemCode>7290111936784</ItemCode>
      <ItemType>1</ItemType>
      <ItemName>פרי חטיפי בריאות מארז 5 תמרים ואגוזי לוז</ItemName>
      <ManufactureName>ש.שסטוביץ בעמ</ManufactureName>
      <ManufactureCountry />
      <ManufactureItemDescription />
      <UnitQty>יח`</UnitQty>
      <Quantity>1.25</Quantity>
      <UnitMeasure>100 גרם</UnitMeasure>
      <BisWeighted>0</BisWeighted>
      <QtyInPackage>1</QtyInPackage>
      <ItemPrice>17.90</ItemPrice>
      <UnitOfMeasurePrice>14.32</UnitOfMeasurePrice>
      <AllowDiscount>0</AllowDiscount>
      <itemStatus>1</itemStatus>
      <LastUpdateDate />
      <LastUpdateTime />
    </Product>
    <Product>
      <PriceUpdateDate>2019/02/14 08:58</PriceUpdateDate>
      <ItemCode>7290111936852</ItemCode>
      <ItemType>1</ItemType>
      <ItemName>פרי חטיפי בריאות מארז 5 תמרים חמוציות ות</ItemName>
      <ManufactureName>ש.שסטוביץ בעמ</ManufactureName>
      <ManufactureCountry />
      <ManufactureItemDescription />
      <UnitQty>יח`</UnitQty>
      <Quantity>1.25</Quantity>
      <UnitMeasure>100 גרם</UnitMeasure>
      <BisWeighted>0</BisWeighted>
      <QtyInPackage>1</QtyInPackage>
      <ItemPrice>17.90</ItemPrice>
      <UnitOfMeasurePrice>14.32</UnitOfMeasurePrice>
      <AllowDiscount>0</AllowDiscount>
      <itemStatus>1</itemStatus>
      <LastUpdateDate />
      <LastUpdateTime />
    </Product>
    <Product>
      <PriceUpdateDate>2019/02/14 08:58</PriceUpdateDate>
      <ItemCode>7290111937231</ItemCode>
      <ItemType>1</ItemType>
      <ItemName>פרי חטיפי בריאות מארז 5 תמרים וקוקוס כשר</ItemName>
      <ManufactureName>ש.שסטוביץ בעמ</ManufactureName>
      <ManufactureCountry />
      <ManufactureItemDescription />
      <UnitQty>יח`</UnitQty>
      <Quantity>1.25</Quantity>
      <UnitMeasure>100 גרם</UnitMeasure>
      <BisWeighted>0</BisWeighted>
      <QtyInPackage>1</QtyInPackage>
      <ItemPrice>17.90</ItemPrice>
      <UnitOfMeasurePrice>14.32</UnitOfMeasurePrice>
      <AllowDiscount>0</AllowDiscount>
      <itemStatus>1</itemStatus>
      <LastUpdateDate />
      <LastUpdateTime />
    </Product>
    <Product>
      <PriceUpdateDate>2019/02/14 08:58</PriceUpdateDate>
      <ItemCode>7290111937248</ItemCode>
      <ItemType>1</ItemType>
      <ItemName>פרי חטיפי בריאות מארז 5 תמרים קשיו ונגיע</ItemName>
      <ManufactureName>ש.שסטוביץ בעמ</ManufactureName>
      <ManufactureCountry />
      <ManufactureItemDescription />
      <UnitQty>יח`</UnitQty>
      <Quantity>1.25</Quantity>
      <UnitMeasure>100 גרם</UnitMeasure>
      <BisWeighted>0</BisWeighted>
      <QtyInPackage>1</QtyInPackage>
      <ItemPrice>17.90</ItemPrice>
      <UnitOfMeasurePrice>14.32</UnitOfMeasurePrice>
      <AllowDiscount>0</AllowDiscount>
      <itemStatus>1</itemStatus>
      <LastUpdateDate />
      <LastUpdateTime />
    </Product>
    <Product>
      <PriceUpdateDate>2019/02/14 08:58</PriceUpdateDate>
      <ItemCode>7290111937255</ItemCode>
      <ItemType>1</ItemType>
      <ItemName>פרי חטיפי בריאות מארז 5 תמרים בוטנים ואג</ItemName>
      <ManufactureName>ש.שסטוביץ בעמ</ManufactureName>
      <ManufactureCountry />
      <ManufactureItemDescription />
      <UnitQty>יח`</UnitQty>
      <Quantity>1.25</Quantity>
      <UnitMeasure>100 גרם</UnitMeasure>
      <BisWeighted>0</BisWeighted>
      <QtyInPackage>1</QtyInPackage>
      <ItemPrice>17.90</ItemPrice>
      <UnitOfMeasurePrice>14.32</UnitOfMeasurePrice>
      <AllowDiscount>0</AllowDiscount>
      <itemStatus>1</itemStatus>
      <LastUpdateDate />
      <LastUpdateTime />
    </Product>
    <Product>
      <PriceUpdateDate>2019/02/14 08:58</PriceUpdateDate>
      <ItemCode>7290111937262</ItemCode>
      <ItemType>1</ItemType>
      <ItemName>פרי חטיפי בריאות מארז 5 תמרים בוטנים אגו</ItemName>
      <ManufactureName>ש.שסטוביץ בעמ</ManufactureName>
      <ManufactureCountry />
      <ManufactureItemDescription />
      <UnitQty>יח`</UnitQty>
      <Quantity>1.25</Quantity>
      <UnitMeasure>100 גרם</UnitMeasure>
      <BisWeighted>0</BisWeighted>
      <QtyInPackage>1</QtyInPackage>
      <ItemPrice>17.90</ItemPrice>
      <UnitOfMeasurePrice>14.32</UnitOfMeasurePrice>
      <AllowDiscount>0</AllowDiscount>
      <itemStatus>1</itemStatus>
      <LastUpdateDate />
      <LastUpdateTime />
    </Product>
    <Product>
      <PriceUpdateDate>2020/03/04 08:44</PriceUpdateDate>
      <ItemCode>7290111938498</ItemCode>
      <ItemType>1</ItemType>
      <ItemName>רוטב סויה בהירה מאסטר שף (700 מל)</ItemName>
      <ManufactureName>ש.שסטוביץ בעמ</ManufactureName>
      <ManufactureCountry />
      <ManufactureItemDescription />
      <UnitQty>יח`</UnitQty>
      <Quantity>7</Quantity>
      <UnitMeasure>100 מ"ל</UnitMeasure>
      <BisWeighted>0</BisWeighted>
      <QtyInPackage>1</QtyInPackage>
      <ItemPrice>16.90</ItemPrice>
      <UnitOfMeasurePrice>2.41</UnitOfMeasurePrice>
      <AllowDiscount>1</AllowDiscount>
      <itemStatus>1</itemStatus>
      <LastUpdateDate />
      <LastUpdateTime />
    </Product>
    <Product>
      <PriceUpdateDate>2020/02/14 07:53</PriceUpdateDate>
      <ItemCode>7290111938535</ItemCode>
      <ItemType>1</ItemType>
      <ItemName>פוף טבעות גריל 50 גר` כשר לפסח</ItemName>
      <ManufactureName>ש.שסטוביץ בעמ</ManufactureName>
      <ManufactureCountry />
      <ManufactureItemDescription />
      <UnitQty>יח`</UnitQty>
      <Quantity>0.50</Quantity>
      <UnitMeasure>100 גרם</UnitMeasure>
      <BisWeighted>0</BisWeighted>
      <QtyInPackage>1</QtyInPackage>
      <ItemPrice>3.90</ItemPrice>
      <UnitOfMeasurePrice>7.80</UnitOfMeasurePrice>
      <AllowDiscount>1</AllowDiscount>
      <itemStatus>1</itemStatus>
      <LastUpdateDate />
      <LastUpdateTime />
    </Product>
    <Product>
      <PriceUpdateDate>2018/07/25 13:24</PriceUpdateDate>
      <ItemCode>7290112000057</ItemCode>
      <ItemType>1</ItemType>
      <ItemName>וולייט ג`ל גולד 3 ליטר לשמירה על הבגד</ItemName>
      <ManufactureName>רקיט בנקיזר (ניר איסט) בעמ</ManufactureName>
      <ManufactureCountry />
      <ManufactureItemDescription />
      <UnitQty>יח`</UnitQty>
      <Quantity>3</Quantity>
      <UnitMeasure>1 ליטר</UnitMeasure>
      <BisWeighted>0</BisWeighted>
      <QtyInPackage>1</QtyInPackage>
      <ItemPrice>29.90</ItemPrice>
      <UnitOfMeasurePrice>9.97</UnitOfMeasurePrice>
      <AllowDiscount>1</AllowDiscount>
      <itemStatus>1</itemStatus>
      <LastUpdateDate />
      <LastUpdateTime />
    </Product>
    <Product>
      <PriceUpdateDate>2018/06/07 10:27</PriceUpdateDate>
      <ItemCode>7290112000736</ItemCode>
      <ItemType>1</ItemType>
      <ItemName>טבליות למדיח כלים All in 1 פיניש (80)</ItemName>
      <ManufactureName>רקיט בנקיזר (ניר איסט) בעמ</ManufactureName>
      <ManufactureCountry />
      <ManufactureItemDescription />
      <UnitQty>יח`</UnitQty>
      <Quantity>1</Quantity>
      <UnitMeasure />
      <BisWeighted>0</BisWeighted>
      <QtyInPackage>1</QtyInPackage>
      <ItemPrice>59.90</ItemPrice>
      <UnitOfMeasurePrice>59.90</UnitOfMeasurePrice>
      <AllowDiscount>1</AllowDiscount>
      <itemStatus>1</itemStatus>
      <LastUpdateDate />
      <LastUpdateTime />
    </Product>
    <Product>
      <PriceUpdateDate>2018/10/30 07:42</PriceUpdateDate>
      <ItemCode>7290112001023</ItemCode>
      <ItemType>1</ItemType>
      <ItemName>מילוי מבשם אויר אוטומטי תענוגות אביב</ItemName>
      <ManufactureName>רקיט בנקיזר (ניר איסט) בעמ</ManufactureName>
      <ManufactureCountry />
      <ManufactureItemDescription />
      <UnitQty>יח`</UnitQty>
      <Quantity>2.50</Quantity>
      <UnitMeasure>100 מ"ל</UnitMeasure>
      <BisWeighted>0</BisWeighted>
      <QtyInPackage>1</QtyInPackage>
      <ItemPrice>26.90</ItemPrice>
      <UnitOfMeasurePrice>10.76</UnitOfMeasurePrice>
      <AllowDiscount>1</AllowDiscount>
      <itemStatus>1</itemStatus>
      <LastUpdateDate />
      <LastUpdateTime />
    </Product>
    <Product>
      <PriceUpdateDate>2018/10/30 07:42</PriceUpdateDate>
      <ItemCode>7290112001030</ItemCode>
      <ItemType>1</ItemType>
      <ItemName>מילוי מבשם אויר אוטומטי פריחת דובדבן</ItemName>
      <ManufactureName>רקיט בנקיזר (ניר איסט) בעמ</ManufactureName>
      <ManufactureCountry />
      <ManufactureItemDescription />
      <UnitQty>יח`</UnitQty>
      <Quantity>2.50</Quantity>
      <UnitMeasure>100 מ"ל</UnitMeasure>
      <BisWeighted>0</BisWeighted>
      <QtyInPackage>1</QtyInPackage>
      <ItemPrice>26.90</ItemPrice>
      <UnitOfMeasurePrice>10.76</UnitOfMeasurePrice>
      <AllowDiscount>1</AllowDiscount>
      <itemStatus>1</itemStatus>
      <LastUpdateDate />
      <LastUpdateTime />
    </Product>
    <Product>
      <PriceUpdateDate>2019/11/25 10:10</PriceUpdateDate>
      <ItemCode>7290112001436</ItemCode>
      <ItemType>1</ItemType>
      <ItemName>פיניש מנקה מחדש בריח לימון</ItemName>
      <ManufactureName>רקיט בנקיזר (ניר איסט) בעמ</ManufactureName>
      <ManufactureCountry />
      <ManufactureItemDescription />
      <UnitQty>יח`</UnitQty>
      <Quantity>1</Quantity>
      <UnitMeasure />
      <BisWeighted>0</BisWeighted>
      <QtyInPackage>1</QtyInPackage>
      <ItemPrice>20.90</ItemPrice>
      <UnitOfMeasurePrice>20.90</UnitOfMeasurePrice>
      <AllowDiscount>1</AllowDiscount>
      <itemStatus>1</itemStatus>
      <LastUpdateDate />
      <LastUpdateTime />
    </Product>
    <Product>
      <PriceUpdateDate>2019/10/10 09:50</PriceUpdateDate>
      <ItemCode>7290112001757</ItemCode>
      <ItemType>1</ItemType>
      <ItemName>וולייט מרכך גולד מנגוליה 1.2 ליטר</ItemName>
      <ManufactureName>רקיט בנקיזר (ניר איסט) בעמ</ManufactureName>
      <ManufactureCountry />
      <ManufactureItemDescription />
      <UnitQty>יח`</UnitQty>
      <Quantity>0.0120</Quantity>
      <UnitMeasure>100 מ"ל</UnitMeasure>
      <BisWeighted>0</BisWeighted>
      <QtyInPackage>1</QtyInPackage>
      <ItemPrice>16.90</ItemPrice>
      <UnitOfMeasurePrice>1408.33</UnitOfMeasurePrice>
      <AllowDiscount>1</AllowDiscount>
      <itemStatus>1</itemStatus>
      <LastUpdateDate />
      <LastUpdateTime />
    </Product>
    <Product>
      <PriceUpdateDate>2019/07/18 14:11</PriceUpdateDate>
      <ItemCode>7290112001900</ItemCode>
      <ItemType>1</ItemType>
      <ItemName>פיניש ג`ל 1 ליטר אקולוגי</ItemName>
      <ManufactureName>רקיט בנקיזר (ניר איסט) בעמ</ManufactureName>
      <ManufactureCountry />
      <ManufactureItemDescription />
      <UnitQty>יח`</UnitQty>
      <Quantity>10</Quantity>
      <UnitMeasure>100 מ"ל</UnitMeasure>
      <BisWeighted>0</BisWeighted>
      <QtyInPackage>1</QtyInPackage>
      <ItemPrice>44.90</ItemPrice>
      <UnitOfMeasurePrice>4.49</UnitOfMeasurePrice>
      <AllowDiscount>1</AllowDiscount>
      <itemStatus>1</itemStatus>
      <LastUpdateDate />
      <LastUpdateTime />
    </Product>
    <Product>
      <PriceUpdateDate>2019/07/12 08:48</PriceUpdateDate>
      <ItemCode>7290112001917</ItemCode>
      <ItemType>1</ItemType>
      <ItemName>ג`ל למדיח כלים בניחוח מרענן פיניש (1 לי</ItemName>
      <ManufactureName>רקיט בנקיזר (ניר איסט) בעמ</ManufactureName>
      <ManufactureCountry />
      <ManufactureItemDescription />
      <UnitQty>יח`</UnitQty>
      <Quantity>10</Quantity>
      <UnitMeasure>100 מ"ל</UnitMeasure>
      <BisWeighted>0</BisWeighted>
      <QtyInPackage>1</QtyInPackage>
      <ItemPrice>44.90</ItemPrice>
      <UnitOfMeasurePrice>4.49</UnitOfMeasurePrice>
      <AllowDiscount>1</AllowDiscount>
      <itemStatus>1</itemStatus>
      <LastUpdateDate />
      <LastUpdateTime />
    </Product>
    <Product>
      <PriceUpdateDate>2019/07/18 14:11</PriceUpdateDate>
      <ItemCode>7290112002044</ItemCode>
      <ItemType>1</ItemType>
      <ItemName>פיניש מנקה מדיח טבליות</ItemName>
      <ManufactureName>רקיט בנקיזר (ניר איסט) בעמ</ManufactureName>
      <ManufactureCountry />
      <ManufactureItemDescription />
      <UnitQty>יח`</UnitQty>
      <Quantity>1</Quantity>
      <UnitMeasure />
      <BisWeighted>0</BisWeighted>
      <QtyInPackage>1</QtyInPackage>
      <ItemPrice>19.90</ItemPrice>
      <UnitOfMeasurePrice>19.90</UnitOfMeasurePrice>
      <AllowDiscount>1</AllowDiscount>
      <itemStatus>1</itemStatus>
      <LastUpdateDate />
      <LastUpdateTime />
    </Product>
    <Product>
      <PriceUpdateDate>2019/10/07 15:01</PriceUpdateDate>
      <ItemCode>7290112002099</ItemCode>
      <ItemType>1</ItemType>
      <ItemName>קולון ג`ל 2.5 ליטר כחול</ItemName>
      <ManufactureName>רקיט בנקיזר (ניר איסט) בעמ</ManufactureName>
      <ManufactureCountry />
      <ManufactureItemDescription />
      <UnitQty>יח`</UnitQty>
      <Quantity>1</Quantity>
      <UnitMeasure />
      <BisWeighted>0</BisWeighted>
      <QtyInPackage>1</QtyInPackage>
      <ItemPrice>24.90</ItemPrice>
      <UnitOfMeasurePrice>24.90</UnitOfMeasurePrice>
      <AllowDiscount>1</AllowDiscount>
      <itemStatus>1</itemStatus>
      <LastUpdateDate />
      <LastUpdateTime />
    </Product>
    <Product>
      <PriceUpdateDate>2019/10/07 15:01</PriceUpdateDate>
      <ItemCode>7290112002105</ItemCode>
      <ItemType>1</ItemType>
      <ItemName>קולון ג`ל 2.5 ליטר כביסה מרוכז סגול</ItemName>
      <ManufactureName>רקיט בנקיזר (ניר איסט) בעמ</ManufactureName>
      <ManufactureCountry />
      <ManufactureItemDescription />
      <UnitQty>יח`</UnitQty>
      <Quantity>1</Quantity>
      <UnitMeasure />
      <BisWeighted>0</BisWeighted>
      <QtyInPackage>1</QtyInPackage>
      <ItemPrice>24.90</ItemPrice>
      <UnitOfMeasurePrice>24.90</UnitOfMeasurePrice>
      <AllowDiscount>1</AllowDiscount>
      <itemStatus>1</itemStatus>
      <LastUpdateDate />
      <LastUpdateTime />
    </Product>
    <Product>
      <PriceUpdateDate>2019/10/07 15:01</PriceUpdateDate>
      <ItemCode>7290112002112</ItemCode>
      <ItemType>1</ItemType>
      <ItemName>קולון ג`ל 2.5 ליטר בניחוח ורדים ורוד</ItemName>
      <ManufactureName>רקיט בנקיזר (ניר איסט) בעמ</ManufactureName>
      <ManufactureCountry />
      <ManufactureItemDescription />
      <UnitQty>יח`</UnitQty>
      <Quantity>1</Quantity>
      <UnitMeasure />
      <BisWeighted>0</BisWeighted>
      <QtyInPackage>1</QtyInPackage>
      <ItemPrice>24.90</ItemPrice>
      <UnitOfMeasurePrice>24.90</UnitOfMeasurePrice>
      <AllowDiscount>1</AllowDiscount>
      <itemStatus>1</itemStatus>
      <LastUpdateDate />
      <LastUpdateTime />
    </Product>
    <Product>
      <PriceUpdateDate>2019/10/07 15:01</PriceUpdateDate>
      <ItemCode>7290112002129</ItemCode>
      <ItemType>1</ItemType>
      <ItemName>קולון ג`ל 2.5 ליטר בניחוח מרענן ירוק</ItemName>
      <ManufactureName>רקיט בנקיזר (ניר איסט) בעמ</ManufactureName>
      <ManufactureCountry />
      <ManufactureItemDescription />
      <UnitQty>יח`</UnitQty>
      <Quantity>1</Quantity>
      <UnitMeasure />
      <BisWeighted>0</BisWeighted>
      <QtyInPackage>1</QtyInPackage>
      <ItemPrice>24.90</ItemPrice>
      <UnitOfMeasurePrice>24.90</UnitOfMeasurePrice>
      <AllowDiscount>1</AllowDiscount>
      <itemStatus>1</itemStatus>
      <LastUpdateDate />
      <LastUpdateTime />
    </Product>
    <Product>
      <PriceUpdateDate>2019/10/07 15:01</PriceUpdateDate>
      <ItemCode>7290112002136</ItemCode>
      <ItemType>1</ItemType>
      <ItemName>קולון ג`ל 4 ליטר רגיל כחול</ItemName>
      <ManufactureName>רקיט בנקיזר (ניר איסט) בעמ</ManufactureName>
      <ManufactureCountry />
      <ManufactureItemDescription />
      <UnitQty>יח`</UnitQty>
      <Quantity>1</Quantity>
      <UnitMeasure />
      <BisWeighted>0</BisWeighted>
      <QtyInPackage>1</QtyInPackage>
      <ItemPrice>34.90</ItemPrice>
      <UnitOfMeasurePrice>34.90</UnitOfMeasurePrice>
      <AllowDiscount>0</AllowDiscount>
      <itemStatus>1</itemStatus>
      <LastUpdateDate />
      <LastUpdateTime />
    </Product>
    <Product>
      <PriceUpdateDate>2019/10/07 15:01</PriceUpdateDate>
      <ItemCode>7290112002143</ItemCode>
      <ItemType>1</ItemType>
      <ItemName>קולון ג`ל 4 ליטר לילך סגול</ItemName>
      <ManufactureName>רקיט בנקיזר (ניר איסט) בעמ</ManufactureName>
      <ManufactureCountry />
      <ManufactureItemDescription />
      <UnitQty>יח`</UnitQty>
      <Quantity>1</Quantity>
      <UnitMeasure />
      <BisWeighted>0</BisWeighted>
      <QtyInPackage>1</QtyInPackage>
      <ItemPrice>34.90</ItemPrice>
      <UnitOfMeasurePrice>34.90</UnitOfMeasurePrice>
      <AllowDiscount>0</AllowDiscount>
      <itemStatus>1</itemStatus>
      <LastUpdateDate />
      <LastUpdateTime />
    </Product>
    <Product>
      <PriceUpdateDate>2019/10/07 15:01</PriceUpdateDate>
      <ItemCode>7290112002167</ItemCode>
      <ItemType>1</ItemType>
      <ItemName>קולון ג`ל 4 ליטר בניחוח פריחה מרענן ירוק</ItemName>
      <ManufactureName>רקיט בנקיזר (ניר איסט) בעמ</ManufactureName>
      <ManufactureCountry />
      <ManufactureItemDescription />
      <UnitQty>יח`</UnitQty>
      <Quantity>1</Quantity>
      <UnitMeasure />
      <BisWeighted>0</BisWeighted>
      <QtyInPackage>1</QtyInPackage>
      <ItemPrice>34.90</ItemPrice>
      <UnitOfMeasurePrice>34.90</UnitOfMeasurePrice>
      <AllowDiscount>0</AllowDiscount>
      <itemStatus>1</itemStatus>
      <LastUpdateDate />
      <LastUpdateTime />
    </Product>
    <Product>
      <PriceUpdateDate>2019/10/13 11:06</PriceUpdateDate>
      <ItemCode>7290112002242</ItemCode>
      <ItemType>1</ItemType>
      <ItemName>איירוויק פחית ג`ל אוכמניות</ItemName>
      <ManufactureName>רקיט בנקיזר (ניר איסט) בעמ</ManufactureName>
      <ManufactureCountry />
      <ManufactureItemDescription />
      <UnitQty>יח`</UnitQty>
      <Quantity>1</Quantity>
      <UnitMeasure />
      <BisWeighted>0</BisWeighted>
      <QtyInPackage>1</QtyInPackage>
      <ItemPrice>9.90</ItemPrice>
      <UnitOfMeasurePrice>9.90</UnitOfMeasurePrice>
      <AllowDiscount>1</AllowDiscount>
      <itemStatus>1</itemStatus>
      <LastUpdateDate />
      <LastUpdateTime />
    </Product>
    <Product>
      <PriceUpdateDate>2018/09/17 09:56</PriceUpdateDate>
      <ItemCode>7290112120779</ItemCode>
      <ItemType>1</ItemType>
      <ItemName>לבבות דקל שלמים במי מלח פחית 400 גר` AVE</ItemName>
      <ManufactureName>אבאל יזמות בעמ</ManufactureName>
      <ManufactureCountry />
      <ManufactureItemDescription />
      <UnitQty>יח`</UnitQty>
      <Quantity>4</Quantity>
      <UnitMeasure>100 גרם</UnitMeasure>
      <BisWeighted>0</BisWeighted>
      <QtyInPackage>1</QtyInPackage>
      <ItemPrice>8.90</ItemPrice>
      <UnitOfMeasurePrice>2.23</UnitOfMeasurePrice>
      <AllowDiscount>1</AllowDiscount>
      <itemStatus>1</itemStatus>
      <LastUpdateDate />
      <LastUpdateTime />
    </Product>
    <Product>
      <PriceUpdateDate>2019/02/11 10:08</PriceUpdateDate>
      <ItemCode>7290112191632</ItemCode>
      <ItemType>1</ItemType>
      <ItemName>שמן זית כתית מעולה 750 מל</ItemName>
      <ManufactureName>א.ג בחירה חכמה בעמ</ManufactureName>
      <ManufactureCountry />
      <ManufactureItemDescription />
      <UnitQty>יח`</UnitQty>
      <Quantity>1</Quantity>
      <UnitMeasure />
      <BisWeighted>0</BisWeighted>
      <QtyInPackage>1</QtyInPackage>
      <ItemPrice>19.90</ItemPrice>
      <UnitOfMeasurePrice>19.90</UnitOfMeasurePrice>
      <AllowDiscount>0</AllowDiscount>
      <itemStatus>1</itemStatus>
      <LastUpdateDate />
      <LastUpdateTime />
    </Product>
    <Product>
      <PriceUpdateDate>2018/11/16 08:47</PriceUpdateDate>
      <ItemCode>7290112192073</ItemCode>
      <ItemType>1</ItemType>
      <ItemName>סבון שלישייה תה ירוק 500 מל style</ItemName>
      <ManufactureName>גורי ע.ע.ע בעמ</ManufactureName>
      <ManufactureCountry />
      <ManufactureItemDescription />
      <UnitQty>יח`</UnitQty>
      <Quantity>5</Quantity>
      <UnitMeasure>100 מ"ל</UnitMeasure>
      <BisWeighted>0</BisWeighted>
      <QtyInPackage>1</QtyInPackage>
      <ItemPrice>12.90</ItemPrice>
      <UnitOfMeasurePrice>2.58</UnitOfMeasurePrice>
      <AllowDiscount>0</AllowDiscount>
      <itemStatus>1</itemStatus>
      <LastUpdateDate />
      <LastUpdateTime />
    </Product>
    <Product>
      <PriceUpdateDate>2018/11/16 08:47</PriceUpdateDate>
      <ItemCode>7290112192080</ItemCode>
      <ItemType>1</ItemType>
      <ItemName>סבון שלישייה תה אדום 500 מל style</ItemName>
      <ManufactureName>גורי ע.ע.ע בעמ</ManufactureName>
      <ManufactureCountry />
      <ManufactureItemDescription />
      <UnitQty>יח`</UnitQty>
      <Quantity>5</Quantity>
      <UnitMeasure>100 מ"ל</UnitMeasure>
      <BisWeighted>0</BisWeighted>
      <QtyInPackage>1</QtyInPackage>
      <ItemPrice>12.90</ItemPrice>
      <UnitOfMeasurePrice>2.58</UnitOfMeasurePrice>
      <AllowDiscount>0</AllowDiscount>
      <itemStatus>1</itemStatus>
      <LastUpdateDate />
      <LastUpdateTime />
    </Product>
    <Product>
      <PriceUpdateDate>2019/02/21 14:42</PriceUpdateDate>
      <ItemCode>7290112192134</ItemCode>
      <ItemType>1</ItemType>
      <ItemName>אטריות סויה ותרד פטוצ`יני 200 גר` gfree</ItemName>
      <ManufactureName>גורי מוצרי צריכה (1991) בעמ</ManufactureName>
      <ManufactureCountry />
      <ManufactureItemDescription />
      <UnitQty>יח`</UnitQty>
      <Quantity>2</Quantity>
      <UnitMeasure>100 גרם</UnitMeasure>
      <BisWeighted>0</BisWeighted>
      <QtyInPackage>1</QtyInPackage>
      <ItemPrice>11.90</ItemPrice>
      <UnitOfMeasurePrice>5.95</UnitOfMeasurePrice>
      <AllowDiscount>0</AllowDiscount>
      <itemStatus>1</itemStatus>
      <LastUpdateDate />
      <LastUpdateTime />
    </Product>
    <Product>
      <PriceUpdateDate>2019/02/21 14:42</PriceUpdateDate>
      <ItemCode>7290112192509</ItemCode>
      <ItemType>1</ItemType>
      <ItemName>פרורי לחם 250 גר` gfree</ItemName>
      <ManufactureName>גורי מוצרי צריכה (1991) בעמ</ManufactureName>
      <ManufactureCountry />
      <ManufactureItemDescription />
      <UnitQty>יח`</UnitQty>
      <Quantity>2.50</Quantity>
      <UnitMeasure>100 גרם</UnitMeasure>
      <BisWeighted>0</BisWeighted>
      <QtyInPackage>1</QtyInPackage>
      <ItemPrice>14.90</ItemPrice>
      <UnitOfMeasurePrice>5.96</UnitOfMeasurePrice>
      <AllowDiscount>0</AllowDiscount>
      <itemStatus>1</itemStatus>
      <LastUpdateDate />
      <LastUpdateTime />
    </Product>
    <Product>
      <PriceUpdateDate>2019/02/19 16:34</PriceUpdateDate>
      <ItemCode>7290112192523</ItemCode>
      <ItemType>1</ItemType>
      <ItemName>Gfree קורנפלקס 500 גר`</ItemName>
      <ManufactureName>גורי מוצרי צריכה (1991) בעמ</ManufactureName>
      <ManufactureCountry />
      <ManufactureItemDescription />
      <UnitQty>יח`</UnitQty>
      <Quantity>5</Quantity>
      <UnitMeasure>100 גרם</UnitMeasure>
      <BisWeighted>0</BisWeighted>
      <QtyInPackage>1</QtyInPackage>
      <ItemPrice>13.90</ItemPrice>
      <UnitOfMeasurePrice>2.78</UnitOfMeasurePrice>
      <AllowDiscount>0</AllowDiscount>
      <itemStatus>1</itemStatus>
      <LastUpdateDate />
      <LastUpdateTime />
    </Product>
    <Product>
      <PriceUpdateDate>2020/03/03 07:32</PriceUpdateDate>
      <ItemCode>7290112193513</ItemCode>
      <ItemType>1</ItemType>
      <ItemName>דגני בוקר במילוי בטעם קרם נוגט 375 גר`</ItemName>
      <ManufactureName>גורי מוצרי צריכה (1991) בעמ</ManufactureName>
      <ManufactureCountry />
      <ManufactureItemDescription />
      <UnitQty>יח`</UnitQty>
      <Quantity>3.75</Quantity>
      <UnitMeasure>100 גרם</UnitMeasure>
      <BisWeighted>0</BisWeighted>
      <QtyInPackage>1</QtyInPackage>
      <ItemPrice>17.90</ItemPrice>
      <UnitOfMeasurePrice>4.77</UnitOfMeasurePrice>
      <AllowDiscount>0</AllowDiscount>
      <itemStatus>1</itemStatus>
      <LastUpdateDate />
      <LastUpdateTime />
    </Product>
    <Product>
      <PriceUpdateDate>2019/08/14 13:31</PriceUpdateDate>
      <ItemCode>7290112194213</ItemCode>
      <ItemType>1</ItemType>
      <ItemName>שמן זית כתית מעולה 750 מל בדצ</ItemName>
      <ManufactureName>א.ג בחירה חכמה בעמ</ManufactureName>
      <ManufactureCountry />
      <ManufactureItemDescription />
      <UnitQty>יח`</UnitQty>
      <Quantity>1</Quantity>
      <UnitMeasure />
      <BisWeighted>0</BisWeighted>
      <QtyInPackage>1</QtyInPackage>
      <ItemPrice>19.90</ItemPrice>
      <UnitOfMeasurePrice>19.90</UnitOfMeasurePrice>
      <AllowDiscount>0</AllowDiscount>
      <itemStatus>1</itemStatus>
      <LastUpdateDate />
      <LastUpdateTime />
    </Product>
    <Product>
      <PriceUpdateDate>2019/05/08 08:04</PriceUpdateDate>
      <ItemCode>7290112330352</ItemCode>
      <ItemType>1</ItemType>
      <ItemName>דנונה פרו 200 גר` וניל 0% שומן</ItemName>
      <ManufactureName>שטראוס גרופ בעמ/מצונן</ManufactureName>
      <ManufactureCountry />
      <ManufactureItemDescription />
      <UnitQty>יח`</UnitQty>
      <Quantity>2</Quantity>
      <UnitMeasure>100 מ"ל</UnitMeasure>
      <BisWeighted>0</BisWeighted>
      <QtyInPackage>1</QtyInPackage>
      <ItemPrice>5.90</ItemPrice>
      <UnitOfMeasurePrice>2.95</UnitOfMeasurePrice>
      <AllowDiscount>0</AllowDiscount>
      <itemStatus>1</itemStatus>
      <LastUpdateDate />
      <LastUpdateTime />
    </Product>
    <Product>
      <PriceUpdateDate>2019/05/08 08:04</PriceUpdateDate>
      <ItemCode>7290112330390</ItemCode>
      <ItemType>1</ItemType>
      <ItemName>דנונה פרו 200 גר` פירות יער 0% שומן</ItemName>
      <ManufactureName>שטראוס גרופ בעמ/מצונן</ManufactureName>
      <ManufactureCountry />
      <ManufactureItemDescription />
      <UnitQty>יח`</UnitQty>
      <Quantity>2</Quantity>
      <UnitMeasure>100 מ"ל</UnitMeasure>
      <BisWeighted>0</BisWeighted>
      <QtyInPackage>1</QtyInPackage>
      <ItemPrice>5.90</ItemPrice>
      <UnitOfMeasurePrice>2.95</UnitOfMeasurePrice>
      <AllowDiscount>0</AllowDiscount>
      <itemStatus>1</itemStatus>
      <LastUpdateDate />
      <LastUpdateTime />
    </Product>
    <Product>
      <PriceUpdateDate>2019/02/14 08:17</PriceUpdateDate>
      <ItemCode>7290112330420</ItemCode>
      <ItemType>1</ItemType>
      <ItemName>דנונה פרו לבן 2.9% שומן (150 גר`)</ItemName>
      <ManufactureName>שטראוס גרופ בעמ/מצונן</ManufactureName>
      <ManufactureCountry />
      <ManufactureItemDescription />
      <UnitQty>יח`</UnitQty>
      <Quantity>1.50</Quantity>
      <UnitMeasure>100 גרם</UnitMeasure>
      <BisWeighted>0</BisWeighted>
      <QtyInPackage>1</QtyInPackage>
      <ItemPrice>4.90</ItemPrice>
      <UnitOfMeasurePrice>3.27</UnitOfMeasurePrice>
      <AllowDiscount>0</AllowDiscount>
      <itemStatus>1</itemStatus>
      <LastUpdateDate />
      <LastUpdateTime />
    </Product>
    <Product>
      <PriceUpdateDate>2019/08/08 13:43</PriceUpdateDate>
      <ItemCode>7290112330475</ItemCode>
      <ItemType>1</ItemType>
      <ItemName>אקטימל דנונה (100x8  מל)פטל</ItemName>
      <ManufactureName>שטראוס גרופ בעמ/מצונן</ManufactureName>
      <ManufactureCountry />
      <ManufactureItemDescription />
      <UnitQty>יח`</UnitQty>
      <Quantity>8.60</Quantity>
      <UnitMeasure>100 מ"ל</UnitMeasure>
      <BisWeighted>0</BisWeighted>
      <QtyInPackage>1</QtyInPackage>
      <ItemPrice>21.90</ItemPrice>
      <UnitOfMeasurePrice>2.55</UnitOfMeasurePrice>
      <AllowDiscount>0</AllowDiscount>
      <itemStatus>1</itemStatus>
      <LastUpdateDate />
      <LastUpdateTime />
    </Product>
    <Product>
      <PriceUpdateDate>2019/02/08 07:38</PriceUpdateDate>
      <ItemCode>7290112331519</ItemCode>
      <ItemType>1</ItemType>
      <ItemName>באגט  קראנצ`פרוסות זעתר 60  גר`עלית</ItemName>
      <ManufactureName>שטראוס פריטו ליי בעמ</ManufactureName>
      <ManufactureCountry />
      <ManufactureItemDescription />
      <UnitQty>יח`</UnitQty>
      <Quantity>0.60</Quantity>
      <UnitMeasure>100 גרם</UnitMeasure>
      <BisWeighted>0</BisWeighted>
      <QtyInPackage>1</QtyInPackage>
      <ItemPrice>4.50</ItemPrice>
      <UnitOfMeasurePrice>7.50</UnitOfMeasurePrice>
      <AllowDiscount>0</AllowDiscount>
      <itemStatus>1</itemStatus>
      <LastUpdateDate />
      <LastUpdateTime />
    </Product>
    <Product>
      <PriceUpdateDate>2019/04/08 14:54</PriceUpdateDate>
      <ItemCode>7290112331946</ItemCode>
      <ItemType>1</ItemType>
      <ItemName>רבע לשבע טורטית 120 גר עלית</ItemName>
      <ManufactureName>שטראוס גרופ בעמ</ManufactureName>
      <ManufactureCountry />
      <ManufactureItemDescription />
      <UnitQty>יח`</UnitQty>
      <Quantity>1.20</Quantity>
      <UnitMeasure>100 גרם</UnitMeasure>
      <BisWeighted>0</BisWeighted>
      <QtyInPackage>1</QtyInPackage>
      <ItemPrice>12.90</ItemPrice>
      <UnitOfMeasurePrice>10.75</UnitOfMeasurePrice>
      <AllowDiscount>1</AllowDiscount>
      <itemStatus>1</itemStatus>
      <LastUpdateDate />
      <LastUpdateTime />
    </Product>
    <Product>
      <PriceUpdateDate>2019/12/19 11:35</PriceUpdateDate>
      <ItemCode>7290112331984</ItemCode>
      <ItemType>1</ItemType>
      <ItemName>חטיף פרה  קראנצ`ביסקוויט קקאו 100 גר`</ItemName>
      <ManufactureName>שטראוס גרופ בעמ</ManufactureName>
      <ManufactureCountry />
      <ManufactureItemDescription />
      <UnitQty>יח`</UnitQty>
      <Quantity>1</Quantity>
      <UnitMeasure>100 גרם</UnitMeasure>
      <BisWeighted>0</BisWeighted>
      <QtyInPackage>1</QtyInPackage>
      <ItemPrice>6.90</ItemPrice>
      <UnitOfMeasurePrice>6.90</UnitOfMeasurePrice>
      <AllowDiscount>0</AllowDiscount>
      <itemStatus>1</itemStatus>
      <LastUpdateDate />
      <LastUpdateTime />
    </Product>
    <Product>
      <PriceUpdateDate>2019/07/19 09:02</PriceUpdateDate>
      <ItemCode>7290112332691</ItemCode>
      <ItemType>1</ItemType>
      <ItemName>עוגיות קרם פסק זמן אגוזים 200 גר` עלית</ItemName>
      <ManufactureName>שטראוס גרופ בעמ</ManufactureName>
      <ManufactureCountry />
      <ManufactureItemDescription />
      <UnitQty>יח`</UnitQty>
      <Quantity>2</Quantity>
      <UnitMeasure>100 גרם</UnitMeasure>
      <BisWeighted>0</BisWeighted>
      <QtyInPackage>1</QtyInPackage>
      <ItemPrice>10.90</ItemPrice>
      <UnitOfMeasurePrice>5.45</UnitOfMeasurePrice>
      <AllowDiscount>1</AllowDiscount>
      <itemStatus>1</itemStatus>
      <LastUpdateDate />
      <LastUpdateTime />
    </Product>
    <Product>
      <PriceUpdateDate>2019/05/23 11:12</PriceUpdateDate>
      <ItemCode>7290112332875</ItemCode>
      <ItemType>1</ItemType>
      <ItemName>מאסט קוביות מנטה עדינה 86 גר`</ItemName>
      <ManufactureName>שטראוס גרופ בעמ</ManufactureName>
      <ManufactureCountry />
      <ManufactureItemDescription />
      <UnitQty>יח`</UnitQty>
      <Quantity>0.86</Quantity>
      <UnitMeasure>100 גרם</UnitMeasure>
      <BisWeighted>0</BisWeighted>
      <QtyInPackage>1</QtyInPackage>
      <ItemPrice>13.90</ItemPrice>
      <UnitOfMeasurePrice>16.16</UnitOfMeasurePrice>
      <AllowDiscount>1</AllowDiscount>
      <itemStatus>1</itemStatus>
      <LastUpdateDate />
      <LastUpdateTime />
    </Product>
    <Product>
      <PriceUpdateDate>2019/06/12 06:48</PriceUpdateDate>
      <ItemCode>7290112332899</ItemCode>
      <ItemType>1</ItemType>
      <ItemName>בזוקה פופים קלאסי 58 גר`</ItemName>
      <ManufactureName>שטראוס גרופ בעמ</ManufactureName>
      <ManufactureCountry />
      <ManufactureItemDescription />
      <UnitQty>יח`</UnitQty>
      <Quantity>1</Quantity>
      <UnitMeasure />
      <BisWeighted>0</BisWeighted>
      <QtyInPackage>1</QtyInPackage>
      <ItemPrice>9.90</ItemPrice>
      <UnitOfMeasurePrice>9.90</UnitOfMeasurePrice>
      <AllowDiscount>1</AllowDiscount>
      <itemStatus>1</itemStatus>
      <LastUpdateDate />
      <LastUpdateTime />
    </Product>
    <Product>
      <PriceUpdateDate>2019/02/07 09:20</PriceUpdateDate>
      <ItemCode>7290112334275</ItemCode>
      <ItemType>1</ItemType>
      <ItemName>נשנושי מיני גזר משפחתי 280  גר`מגשית שטר</ItemName>
      <ManufactureName>שטראוס גרופ בעמ/מצונן</ManufactureName>
      <ManufactureCountry />
      <ManufactureItemDescription />
      <UnitQty>יח`</UnitQty>
      <Quantity>2.80</Quantity>
      <UnitMeasure>100 גרם</UnitMeasure>
      <BisWeighted>0</BisWeighted>
      <QtyInPackage>1</QtyInPackage>
      <ItemPrice>10.90</ItemPrice>
      <UnitOfMeasurePrice>3.89</UnitOfMeasurePrice>
      <AllowDiscount>1</AllowDiscount>
      <itemStatus>1</itemStatus>
      <LastUpdateDate />
      <LastUpdateTime />
    </Product>
    <Product>
      <PriceUpdateDate>2019/01/17 08:00</PriceUpdateDate>
      <ItemCode>7290112334305</ItemCode>
      <ItemType>1</ItemType>
      <ItemName>סלט כרובית בטחינה 330 גר` אחלה</ItemName>
      <ManufactureName>שטראוס גרופ בעמ/מצונן</ManufactureName>
      <ManufactureCountry />
      <ManufactureItemDescription />
      <UnitQty>יח`</UnitQty>
      <Quantity>3.30</Quantity>
      <UnitMeasure>100 גרם</UnitMeasure>
      <BisWeighted>0</BisWeighted>
      <QtyInPackage>1</QtyInPackage>
      <ItemPrice>16.50</ItemPrice>
      <UnitOfMeasurePrice>5</UnitOfMeasurePrice>
      <AllowDiscount>0</AllowDiscount>
      <itemStatus>1</itemStatus>
      <LastUpdateDate />
      <LastUpdateTime />
    </Product>
    <Product>
      <PriceUpdateDate>2020/01/12 07:50</PriceUpdateDate>
      <ItemCode>7290112334596</ItemCode>
      <ItemType>1</ItemType>
      <ItemName>שוקולית אבקת שוקו עלית</ItemName>
      <ManufactureName>שטראוס גרופ בעמ</ManufactureName>
      <ManufactureCountry />
      <ManufactureItemDescription />
      <UnitQty>יח`</UnitQty>
      <Quantity>9.35</Quantity>
      <UnitMeasure>100 גרם</UnitMeasure>
      <BisWeighted>0</BisWeighted>
      <QtyInPackage>1</QtyInPackage>
      <ItemPrice>18.50</ItemPrice>
      <UnitOfMeasurePrice>1.98</UnitOfMeasurePrice>
      <AllowDiscount>0</AllowDiscount>
      <itemStatus>1</itemStatus>
      <LastUpdateDate />
      <LastUpdateTime />
    </Product>
    <Product>
      <PriceUpdateDate>2019/04/10 14:38</PriceUpdateDate>
      <ItemCode>7290112334886</ItemCode>
      <ItemType>1</ItemType>
      <ItemName>חטיף פסק זמן טראפלס עלית (45  גרם)מגדים</ItemName>
      <ManufactureName>שטראוס גרופ בעמ</ManufactureName>
      <ManufactureCountry />
      <ManufactureItemDescription />
      <UnitQty>יח`</UnitQty>
      <Quantity>0.45</Quantity>
      <UnitMeasure>100 גרם</UnitMeasure>
      <BisWeighted>0</BisWeighted>
      <QtyInPackage>1</QtyInPackage>
      <ItemPrice>4.90</ItemPrice>
      <UnitOfMeasurePrice>10.89</UnitOfMeasurePrice>
      <AllowDiscount>0</AllowDiscount>
      <itemStatus>1</itemStatus>
      <LastUpdateDate />
      <LastUpdateTime />
    </Product>
    <Product>
      <PriceUpdateDate>2019/02/27 14:55</PriceUpdateDate>
      <ItemCode>7290112335043</ItemCode>
      <ItemType>1</ItemType>
      <ItemName>מרשמלו בזוקה 150 גר</ItemName>
      <ManufactureName>שטראוס גרופ בעמ</ManufactureName>
      <ManufactureCountry />
      <ManufactureItemDescription />
      <UnitQty>יח`</UnitQty>
      <Quantity>1.50</Quantity>
      <UnitMeasure>100 גרם</UnitMeasure>
      <BisWeighted>0</BisWeighted>
      <QtyInPackage>1</QtyInPackage>
      <ItemPrice>6.90</ItemPrice>
      <UnitOfMeasurePrice>4.60</UnitOfMeasurePrice>
      <AllowDiscount>1</AllowDiscount>
      <itemStatus>1</itemStatus>
      <LastUpdateDate />
      <LastUpdateTime />
    </Product>
    <Product>
      <PriceUpdateDate>2019/02/27 14:55</PriceUpdateDate>
      <ItemCode>7290112335050</ItemCode>
      <ItemType>1</ItemType>
      <ItemName>מרשמלו טעם וניל 150 גר</ItemName>
      <ManufactureName>שטראוס גרופ בעמ</ManufactureName>
      <ManufactureCountry />
      <ManufactureItemDescription />
      <UnitQty>יח`</UnitQty>
      <Quantity>1.50</Quantity>
      <UnitMeasure>100 גרם</UnitMeasure>
      <BisWeighted>0</BisWeighted>
      <QtyInPackage>1</QtyInPackage>
      <ItemPrice>6.90</ItemPrice>
      <UnitOfMeasurePrice>4.60</UnitOfMeasurePrice>
      <AllowDiscount>1</AllowDiscount>
      <itemStatus>1</itemStatus>
      <LastUpdateDate />
      <LastUpdateTime />
    </Product>
    <Product>
      <PriceUpdateDate>2019/05/13 10:57</PriceUpdateDate>
      <ItemCode>7290112335074</ItemCode>
      <ItemType>1</ItemType>
      <ItemName>קפה טורקי קלוי וטחון 100  גר`ברזילאי</ItemName>
      <ManufactureName>שטראוס גרופ בעמ</ManufactureName>
      <ManufactureCountry />
      <ManufactureItemDescription />
      <UnitQty>יח`</UnitQty>
      <Quantity>1</Quantity>
      <UnitMeasure>100 גרם</UnitMeasure>
      <BisWeighted>0</BisWeighted>
      <QtyInPackage>1</QtyInPackage>
      <ItemPrice>9.90</ItemPrice>
      <UnitOfMeasurePrice>9.90</UnitOfMeasurePrice>
      <AllowDiscount>0</AllowDiscount>
      <itemStatus>1</itemStatus>
      <LastUpdateDate />
      <LastUpdateTime />
    </Product>
    <Product>
      <PriceUpdateDate>2019/05/08 08:04</PriceUpdateDate>
      <ItemCode>7290112335111</ItemCode>
      <ItemType>1</ItemType>
      <ItemName>מאסט קוביות בטעם בזוקה 86 גר`</ItemName>
      <ManufactureName>שטראוס גרופ בעמ</ManufactureName>
      <ManufactureCountry />
      <ManufactureItemDescription />
      <UnitQty>יח`</UnitQty>
      <Quantity>0.86</Quantity>
      <UnitMeasure>100 גרם</UnitMeasure>
      <BisWeighted>0</BisWeighted>
      <QtyInPackage>1</QtyInPackage>
      <ItemPrice>13.90</ItemPrice>
      <UnitOfMeasurePrice>16.16</UnitOfMeasurePrice>
      <AllowDiscount>1</AllowDiscount>
      <itemStatus>1</itemStatus>
      <LastUpdateDate />
      <LastUpdateTime />
    </Product>
    <Product>
      <PriceUpdateDate>2019/12/12 14:13</PriceUpdateDate>
      <ItemCode>7290112335425</ItemCode>
      <ItemType>1</ItemType>
      <ItemName>חטיף תירס בטעם חמוץ חריף צ`יטוס (80 גרם)</ItemName>
      <ManufactureName>שטראוס פריטו ליי בעמ</ManufactureName>
      <ManufactureCountry />
      <ManufactureItemDescription />
      <UnitQty>יח`</UnitQty>
      <Quantity>0.80</Quantity>
      <UnitMeasure>100 גרם</UnitMeasure>
      <BisWeighted>0</BisWeighted>
      <QtyInPackage>1</QtyInPackage>
      <ItemPrice>4.50</ItemPrice>
      <UnitOfMeasurePrice>5.63</UnitOfMeasurePrice>
      <AllowDiscount>0</AllowDiscount>
      <itemStatus>1</itemStatus>
      <LastUpdateDate />
      <LastUpdateTime />
    </Product>
    <Product>
      <PriceUpdateDate>2019/06/10 09:46</PriceUpdateDate>
      <ItemCode>7290112335487</ItemCode>
      <ItemType>1</ItemType>
      <ItemName>פריכיות הטעימות קצח ודגנים 135</ItemName>
      <ManufactureName>שטראוס גרופ בעמ</ManufactureName>
      <ManufactureCountry />
      <ManufactureItemDescription />
      <UnitQty>יח`</UnitQty>
      <Quantity>1.35</Quantity>
      <UnitMeasure>100 גרם</UnitMeasure>
      <BisWeighted>0</BisWeighted>
      <QtyInPackage>1</QtyInPackage>
      <ItemPrice>12.90</ItemPrice>
      <UnitOfMeasurePrice>9.56</UnitOfMeasurePrice>
      <AllowDiscount>1</AllowDiscount>
      <itemStatus>1</itemStatus>
      <LastUpdateDate />
      <LastUpdateTime />
    </Product>
    <Product>
      <PriceUpdateDate>2019/06/10 09:46</PriceUpdateDate>
      <ItemCode>7290112335494</ItemCode>
      <ItemType>1</ItemType>
      <ItemName>הפריכות הטעימות פוטטוס 135 גר`</ItemName>
      <ManufactureName>שטראוס גרופ בעמ</ManufactureName>
      <ManufactureCountry />
      <ManufactureItemDescription />
      <UnitQty>יח`</UnitQty>
      <Quantity>1.35</Quantity>
      <UnitMeasure>100 גרם</UnitMeasure>
      <BisWeighted>0</BisWeighted>
      <QtyInPackage>1</QtyInPackage>
      <ItemPrice>12.90</ItemPrice>
      <UnitOfMeasurePrice>9.56</UnitOfMeasurePrice>
      <AllowDiscount>1</AllowDiscount>
      <itemStatus>1</itemStatus>
      <LastUpdateDate />
      <LastUpdateTime />
    </Product>
    <Product>
      <PriceUpdateDate>2019/09/29 07:35</PriceUpdateDate>
      <ItemCode>7290112335937</ItemCode>
      <ItemType>1</ItemType>
      <ItemName>חטיף אנרגי מאגדת אגוזים בטעם קוקוס עלית</ItemName>
      <ManufactureName>שטראוס גרופ בעמ</ManufactureName>
      <ManufactureCountry />
      <ManufactureItemDescription />
      <UnitQty>יח`</UnitQty>
      <Quantity>1.44</Quantity>
      <UnitMeasure>100 גרם</UnitMeasure>
      <BisWeighted>0</BisWeighted>
      <QtyInPackage>1</QtyInPackage>
      <ItemPrice>14.90</ItemPrice>
      <UnitOfMeasurePrice>10.35</UnitOfMeasurePrice>
      <AllowDiscount>1</AllowDiscount>
      <itemStatus>1</itemStatus>
      <LastUpdateDate />
      <LastUpdateTime />
    </Product>
    <Product>
      <PriceUpdateDate>2019/09/29 07:35</PriceUpdateDate>
      <ItemCode>7290112336637</ItemCode>
      <ItemType>1</ItemType>
      <ItemName>מאסט סוכריות יוגרוט תות אוכמניות 80 גר`</ItemName>
      <ManufactureName>שטראוס גרופ בעמ</ManufactureName>
      <ManufactureCountry />
      <ManufactureItemDescription />
      <UnitQty>יח`</UnitQty>
      <Quantity>0.80</Quantity>
      <UnitMeasure>100 גרם</UnitMeasure>
      <BisWeighted>0</BisWeighted>
      <QtyInPackage>1</QtyInPackage>
      <ItemPrice>8.90</ItemPrice>
      <UnitOfMeasurePrice>11.13</UnitOfMeasurePrice>
      <AllowDiscount>0</AllowDiscount>
      <itemStatus>1</itemStatus>
      <LastUpdateDate />
      <LastUpdateTime />
    </Product>
    <Product>
      <PriceUpdateDate>2019/03/24 20:17</PriceUpdateDate>
      <ItemCode>7290112336712</ItemCode>
      <ItemType>1</ItemType>
      <ItemName>דנונה פרו 21% חלבון 0</ItemName>
      <ManufactureName>שטראוס גרופ בעמ/מצונן</ManufactureName>
      <ManufactureCountry />
      <ManufactureItemDescription />
      <UnitQty>יח`</UnitQty>
      <Quantity>2</Quantity>
      <UnitMeasure>100 מ"ל</UnitMeasure>
      <BisWeighted>0</BisWeighted>
      <QtyInPackage>1</QtyInPackage>
      <ItemPrice>5.90</ItemPrice>
      <UnitOfMeasurePrice>2.95</UnitOfMeasurePrice>
      <AllowDiscount>0</AllowDiscount>
      <itemStatus>1</itemStatus>
      <LastUpdateDate />
      <LastUpdateTime />
    </Product>
    <Product>
      <PriceUpdateDate>2019/06/12 06:48</PriceUpdateDate>
      <ItemCode>7290112337450</ItemCode>
      <ItemType>1</ItemType>
      <ItemName>בזוקה פופים בטעם תות 58 גר`</ItemName>
      <ManufactureName>שטראוס גרופ בעמ</ManufactureName>
      <ManufactureCountry />
      <ManufactureItemDescription />
      <UnitQty>יח`</UnitQty>
      <Quantity>1</Quantity>
      <UnitMeasure />
      <BisWeighted>0</BisWeighted>
      <QtyInPackage>1</QtyInPackage>
      <ItemPrice>9.90</ItemPrice>
      <UnitOfMeasurePrice>9.90</UnitOfMeasurePrice>
      <AllowDiscount>1</AllowDiscount>
      <itemStatus>1</itemStatus>
      <LastUpdateDate />
      <LastUpdateTime />
    </Product>
    <Product>
      <PriceUpdateDate>2019/09/29 07:35</PriceUpdateDate>
      <ItemCode>7290112337474</ItemCode>
      <ItemType>1</ItemType>
      <ItemName>מאסט סוכריות פטל לימון 80 גר ללא סוכר</ItemName>
      <ManufactureName>שטראוס גרופ בעמ</ManufactureName>
      <ManufactureCountry />
      <ManufactureItemDescription />
      <UnitQty>יח`</UnitQty>
      <Quantity>0.80</Quantity>
      <UnitMeasure>100 גרם</UnitMeasure>
      <BisWeighted>0</BisWeighted>
      <QtyInPackage>1</QtyInPackage>
      <ItemPrice>8.90</ItemPrice>
      <UnitOfMeasurePrice>11.13</UnitOfMeasurePrice>
      <AllowDiscount>0</AllowDiscount>
      <itemStatus>1</itemStatus>
      <LastUpdateDate />
      <LastUpdateTime />
    </Product>
    <Product>
      <PriceUpdateDate>2019/02/14 08:17</PriceUpdateDate>
      <ItemCode>7290112339867</ItemCode>
      <ItemType>1</ItemType>
      <ItemName>גמדים סקוויז בודד תות (100 גר`)</ItemName>
      <ManufactureName>שטראוס גרופ בעמ/מצונן</ManufactureName>
      <ManufactureCountry />
      <ManufactureItemDescription />
      <UnitQty>יח`</UnitQty>
      <Quantity>1</Quantity>
      <UnitMeasure>100 גרם</UnitMeasure>
      <BisWeighted>0</BisWeighted>
      <QtyInPackage>1</QtyInPackage>
      <ItemPrice>5.90</ItemPrice>
      <UnitOfMeasurePrice>5.90</UnitOfMeasurePrice>
      <AllowDiscount>1</AllowDiscount>
      <itemStatus>1</itemStatus>
      <LastUpdateDate />
      <LastUpdateTime />
    </Product>
    <Product>
      <PriceUpdateDate>2019/02/14 08:17</PriceUpdateDate>
      <ItemCode>7290112339874</ItemCode>
      <ItemType>1</ItemType>
      <ItemName>גמדים סקוויז בודד תות בננה (100 גר`)</ItemName>
      <ManufactureName>שטראוס גרופ בעמ/מצונן</ManufactureName>
      <ManufactureCountry />
      <ManufactureItemDescription />
      <UnitQty>יח`</UnitQty>
      <Quantity>1</Quantity>
      <UnitMeasure>100 גרם</UnitMeasure>
      <BisWeighted>0</BisWeighted>
      <QtyInPackage>1</QtyInPackage>
      <ItemPrice>5.90</ItemPrice>
      <UnitOfMeasurePrice>5.90</UnitOfMeasurePrice>
      <AllowDiscount>1</AllowDiscount>
      <itemStatus>1</itemStatus>
      <LastUpdateDate />
      <LastUpdateTime />
    </Product>
    <Product>
      <PriceUpdateDate>2019/06/10 09:46</PriceUpdateDate>
      <ItemCode>7290112340122</ItemCode>
      <ItemType>1</ItemType>
      <ItemName>פריכיות טעימות 3 דגנים 135 גר`</ItemName>
      <ManufactureName>שטראוס גרופ בעמ</ManufactureName>
      <ManufactureCountry />
      <ManufactureItemDescription />
      <UnitQty>יח`</UnitQty>
      <Quantity>1.35</Quantity>
      <UnitMeasure>100 גרם</UnitMeasure>
      <BisWeighted>0</BisWeighted>
      <QtyInPackage>1</QtyInPackage>
      <ItemPrice>12.90</ItemPrice>
      <UnitOfMeasurePrice>9.56</UnitOfMeasurePrice>
      <AllowDiscount>1</AllowDiscount>
      <itemStatus>1</itemStatus>
      <LastUpdateDate />
      <LastUpdateTime />
    </Product>
    <Product>
      <PriceUpdateDate>2019/09/23 10:00</PriceUpdateDate>
      <ItemCode>7290112340160</ItemCode>
      <ItemType>1</ItemType>
      <ItemName>פיתה קראנצ` דגנים עלית (300 גרם)</ItemName>
      <ManufactureName>שטראוס פריטו ליי בעמ</ManufactureName>
      <ManufactureCountry />
      <ManufactureItemDescription />
      <UnitQty>יח`</UnitQty>
      <Quantity>3</Quantity>
      <UnitMeasure>100 גרם</UnitMeasure>
      <BisWeighted>0</BisWeighted>
      <QtyInPackage>1</QtyInPackage>
      <ItemPrice>13</ItemPrice>
      <UnitOfMeasurePrice>4.33</UnitOfMeasurePrice>
      <AllowDiscount>1</AllowDiscount>
      <itemStatus>1</itemStatus>
      <LastUpdateDate />
      <LastUpdateTime />
    </Product>
    <Product>
      <PriceUpdateDate>2019/09/23 10:00</PriceUpdateDate>
      <ItemCode>7290112340177</ItemCode>
      <ItemType>1</ItemType>
      <ItemName>פיתה קראנצ` בטעם איטלקי עלית (300 גרם)</ItemName>
      <ManufactureName>שטראוס פריטו ליי בעמ</ManufactureName>
      <ManufactureCountry />
      <ManufactureItemDescription />
      <UnitQty>יח`</UnitQty>
      <Quantity>3</Quantity>
      <UnitMeasure>100 גרם</UnitMeasure>
      <BisWeighted>0</BisWeighted>
      <QtyInPackage>1</QtyInPackage>
      <ItemPrice>13</ItemPrice>
      <UnitOfMeasurePrice>4.33</UnitOfMeasurePrice>
      <AllowDiscount>1</AllowDiscount>
      <itemStatus>1</itemStatus>
      <LastUpdateDate />
      <LastUpdateTime />
    </Product>
    <Product>
      <PriceUpdateDate>2019/08/22 13:13</PriceUpdateDate>
      <ItemCode>7290112340184</ItemCode>
      <ItemType>1</ItemType>
      <ItemName>פיתה קראנצ טבעי פרוסות 60  גר`עלית</ItemName>
      <ManufactureName>שטראוס פריטו ליי בעמ</ManufactureName>
      <ManufactureCountry />
      <ManufactureItemDescription />
      <UnitQty>יח`</UnitQty>
      <Quantity>0.60</Quantity>
      <UnitMeasure>100 גרם</UnitMeasure>
      <BisWeighted>0</BisWeighted>
      <QtyInPackage>1</QtyInPackage>
      <ItemPrice>4.50</ItemPrice>
      <UnitOfMeasurePrice>7.50</UnitOfMeasurePrice>
      <AllowDiscount>0</AllowDiscount>
      <itemStatus>1</itemStatus>
      <LastUpdateDate />
      <LastUpdateTime />
    </Product>
    <Product>
      <PriceUpdateDate>2019/04/10 14:38</PriceUpdateDate>
      <ItemCode>7290112340245</ItemCode>
      <ItemType>1</ItemType>
      <ItemName>מסטיק מאסט צנצנת בטעם דובדבן 66 גר` מגדי</ItemName>
      <ManufactureName>שטראוס גרופ בעמ</ManufactureName>
      <ManufactureCountry />
      <ManufactureItemDescription />
      <UnitQty>יח`</UnitQty>
      <Quantity>0.66</Quantity>
      <UnitMeasure>100 גרם</UnitMeasure>
      <BisWeighted>0</BisWeighted>
      <QtyInPackage>1</QtyInPackage>
      <ItemPrice>9.90</ItemPrice>
      <UnitOfMeasurePrice>15</UnitOfMeasurePrice>
      <AllowDiscount>1</AllowDiscount>
      <itemStatus>1</itemStatus>
      <LastUpdateDate />
      <LastUpdateTime />
    </Product>
    <Product>
      <PriceUpdateDate>2019/07/19 09:02</PriceUpdateDate>
      <ItemCode>7290112340276</ItemCode>
      <ItemType>1</ItemType>
      <ItemName>עוגיות קרם קפה עלית 200 גר` עלית</ItemName>
      <ManufactureName>שטראוס גרופ בעמ</ManufactureName>
      <ManufactureCountry />
      <ManufactureItemDescription />
      <UnitQty>יח`</UnitQty>
      <Quantity>2</Quantity>
      <UnitMeasure>100 גרם</UnitMeasure>
      <BisWeighted>0</BisWeighted>
      <QtyInPackage>1</QtyInPackage>
      <ItemPrice>10.90</ItemPrice>
      <UnitOfMeasurePrice>5.45</UnitOfMeasurePrice>
      <AllowDiscount>1</AllowDiscount>
      <itemStatus>1</itemStatus>
      <LastUpdateDate />
      <LastUpdateTime />
    </Product>
    <Product>
      <PriceUpdateDate>2019/11/12 10:23</PriceUpdateDate>
      <ItemCode>7290112340481</ItemCode>
      <ItemType>1</ItemType>
      <ItemName>בוטנים 200  גר`סבבה</ItemName>
      <ManufactureName>שטראוס פריטו ליי בעמ</ManufactureName>
      <ManufactureCountry />
      <ManufactureItemDescription />
      <UnitQty>יח`</UnitQty>
      <Quantity>2</Quantity>
      <UnitMeasure>100 גרם</UnitMeasure>
      <BisWeighted>0</BisWeighted>
      <QtyInPackage>1</QtyInPackage>
      <ItemPrice>6.90</ItemPrice>
      <UnitOfMeasurePrice>3.45</UnitOfMeasurePrice>
      <AllowDiscount>0</AllowDiscount>
      <itemStatus>1</itemStatus>
      <LastUpdateDate />
      <LastUpdateTime />
    </Product>
    <Product>
      <PriceUpdateDate>2019/06/13 13:07</PriceUpdateDate>
      <ItemCode>7290112341099</ItemCode>
      <ItemType>1</ItemType>
      <ItemName>פיתה קראנצ` טבעי עלית (300 גרם)</ItemName>
      <ManufactureName>שטראוס פריטו ליי בעמ</ManufactureName>
      <ManufactureCountry />
      <ManufactureItemDescription />
      <UnitQty>יח`</UnitQty>
      <Quantity>3</Quantity>
      <UnitMeasure>100 גרם</UnitMeasure>
      <BisWeighted>0</BisWeighted>
      <QtyInPackage>1</QtyInPackage>
      <ItemPrice>13</ItemPrice>
      <UnitOfMeasurePrice>4.33</UnitOfMeasurePrice>
      <AllowDiscount>1</AllowDiscount>
      <itemStatus>1</itemStatus>
      <LastUpdateDate />
      <LastUpdateTime />
    </Product>
    <Product>
      <PriceUpdateDate>2019/08/22 13:13</PriceUpdateDate>
      <ItemCode>7290112341105</ItemCode>
      <ItemType>1</ItemType>
      <ItemName>באגט קראנ`צ בטעם שום 300 גר` עלית</ItemName>
      <ManufactureName>שטראוס פריטו ליי בעמ</ManufactureName>
      <ManufactureCountry />
      <ManufactureItemDescription />
      <UnitQty>יח`</UnitQty>
      <Quantity>3</Quantity>
      <UnitMeasure>100 גרם</UnitMeasure>
      <BisWeighted>0</BisWeighted>
      <QtyInPackage>1</QtyInPackage>
      <ItemPrice>13</ItemPrice>
      <UnitOfMeasurePrice>4.33</UnitOfMeasurePrice>
      <AllowDiscount>1</AllowDiscount>
      <itemStatus>1</itemStatus>
      <LastUpdateDate />
      <LastUpdateTime />
    </Product>
    <Product>
      <PriceUpdateDate>2019/09/29 07:35</PriceUpdateDate>
      <ItemCode>7290112341174</ItemCode>
      <ItemType>1</ItemType>
      <ItemName>חטיף אנרגי מאגדת אגוזים בטעם קרמל עלית</ItemName>
      <ManufactureName>שטראוס גרופ בעמ</ManufactureName>
      <ManufactureCountry />
      <ManufactureItemDescription />
      <UnitQty>יח`</UnitQty>
      <Quantity>1.44</Quantity>
      <UnitMeasure>100 גרם</UnitMeasure>
      <BisWeighted>0</BisWeighted>
      <QtyInPackage>1</QtyInPackage>
      <ItemPrice>14.90</ItemPrice>
      <UnitOfMeasurePrice>10.35</UnitOfMeasurePrice>
      <AllowDiscount>1</AllowDiscount>
      <itemStatus>1</itemStatus>
      <LastUpdateDate />
      <LastUpdateTime />
    </Product>
    <Product>
      <PriceUpdateDate>2019/09/25 09:45</PriceUpdateDate>
      <ItemCode>7290112341556</ItemCode>
      <ItemType>1</ItemType>
      <ItemName>אקטיביה עם צ`יה ותות 150 גר`</ItemName>
      <ManufactureName>שטראוס גרופ בעמ/מצונן</ManufactureName>
      <ManufactureCountry />
      <ManufactureItemDescription />
      <UnitQty>יח`</UnitQty>
      <Quantity>1.50</Quantity>
      <UnitMeasure>100 מ"ל</UnitMeasure>
      <BisWeighted>0</BisWeighted>
      <QtyInPackage>1</QtyInPackage>
      <ItemPrice>4.50</ItemPrice>
      <UnitOfMeasurePrice>3</UnitOfMeasurePrice>
      <AllowDiscount>0</AllowDiscount>
      <itemStatus>1</itemStatus>
      <LastUpdateDate />
      <LastUpdateTime />
    </Product>
    <Product>
      <PriceUpdateDate>2019/10/12 19:21</PriceUpdateDate>
      <ItemCode>7290112341600</ItemCode>
      <ItemType>1</ItemType>
      <ItemName>שוקולד ספלנדיד רובי עם שברי אגוזי לוז 9</ItemName>
      <ManufactureName>שטראוס גרופ בעמ</ManufactureName>
      <ManufactureCountry />
      <ManufactureItemDescription />
      <UnitQty>יח`</UnitQty>
      <Quantity>0.90</Quantity>
      <UnitMeasure>100 גרם</UnitMeasure>
      <BisWeighted>0</BisWeighted>
      <QtyInPackage>1</QtyInPackage>
      <ItemPrice>14.90</ItemPrice>
      <UnitOfMeasurePrice>16.56</UnitOfMeasurePrice>
      <AllowDiscount>0</AllowDiscount>
      <itemStatus>1</itemStatus>
      <LastUpdateDate />
      <LastUpdateTime />
    </Product>
    <Product>
      <PriceUpdateDate>2019/10/12 19:21</PriceUpdateDate>
      <ItemCode>7290112341617</ItemCode>
      <ItemType>1</ItemType>
      <ItemName>שוקולד ספלנדידרובי עם שברי פולי קקאו 90</ItemName>
      <ManufactureName>שטראוס גרופ בעמ</ManufactureName>
      <ManufactureCountry />
      <ManufactureItemDescription />
      <UnitQty>יח`</UnitQty>
      <Quantity>0.90</Quantity>
      <UnitMeasure>100 גרם</UnitMeasure>
      <BisWeighted>0</BisWeighted>
      <QtyInPackage>1</QtyInPackage>
      <ItemPrice>14.90</ItemPrice>
      <UnitOfMeasurePrice>16.56</UnitOfMeasurePrice>
      <AllowDiscount>0</AllowDiscount>
      <itemStatus>1</itemStatus>
      <LastUpdateDate />
      <LastUpdateTime />
    </Product>
    <Product>
      <PriceUpdateDate>2019/08/07 10:33</PriceUpdateDate>
      <ItemCode>7290112341631</ItemCode>
      <ItemType>1</ItemType>
      <ItemName>ספלנדיד שוקולד מרירפרו 64%</ItemName>
      <ManufactureName>שטראוס גרופ בעמ</ManufactureName>
      <ManufactureCountry />
      <ManufactureItemDescription />
      <UnitQty>יח`</UnitQty>
      <Quantity>0.90</Quantity>
      <UnitMeasure>100 גרם</UnitMeasure>
      <BisWeighted>0</BisWeighted>
      <QtyInPackage>1</QtyInPackage>
      <ItemPrice>10.90</ItemPrice>
      <UnitOfMeasurePrice>12.11</UnitOfMeasurePrice>
      <AllowDiscount>0</AllowDiscount>
      <itemStatus>1</itemStatus>
      <LastUpdateDate />
      <LastUpdateTime />
    </Product>
    <Product>
      <PriceUpdateDate>2019/08/07 10:33</PriceUpdateDate>
      <ItemCode>7290112341648</ItemCode>
      <ItemType>1</ItemType>
      <ItemName>ספלנדיד שוקולד מריר אוגנדה 80%</ItemName>
      <ManufactureName>שטראוס גרופ בעמ</ManufactureName>
      <ManufactureCountry />
      <ManufactureItemDescription />
      <UnitQty>יח`</UnitQty>
      <Quantity>0.90</Quantity>
      <UnitMeasure>100 גרם</UnitMeasure>
      <BisWeighted>0</BisWeighted>
      <QtyInPackage>1</QtyInPackage>
      <ItemPrice>10.90</ItemPrice>
      <UnitOfMeasurePrice>12.11</UnitOfMeasurePrice>
      <AllowDiscount>0</AllowDiscount>
      <itemStatus>1</itemStatus>
      <LastUpdateDate />
      <LastUpdateTime />
    </Product>
    <Product>
      <PriceUpdateDate>2019/09/25 09:45</PriceUpdateDate>
      <ItemCode>7290112341679</ItemCode>
      <ItemType>1</ItemType>
      <ItemName>אקטיביה יוגורט 3% דנונה (200 גרם)</ItemName>
      <ManufactureName>שטראוס גרופ בעמ/מצונן</ManufactureName>
      <ManufactureCountry />
      <ManufactureItemDescription />
      <UnitQty>יח`</UnitQty>
      <Quantity>2</Quantity>
      <UnitMeasure>100 גרם</UnitMeasure>
      <BisWeighted>0</BisWeighted>
      <QtyInPackage>1</QtyInPackage>
      <ItemPrice>3.70</ItemPrice>
      <UnitOfMeasurePrice>1.85</UnitOfMeasurePrice>
      <AllowDiscount>0</AllowDiscount>
      <itemStatus>1</itemStatus>
      <LastUpdateDate />
      <LastUpdateTime />
    </Product>
    <Product>
      <PriceUpdateDate>2019/09/25 09:45</PriceUpdateDate>
      <ItemCode>7290112341686</ItemCode>
      <ItemType>1</ItemType>
      <ItemName>אקטיביה יוגורט 3% דנונה (150x8 גרם)</ItemName>
      <ManufactureName>שטראוס גרופ בעמ/מצונן</ManufactureName>
      <ManufactureCountry />
      <ManufactureItemDescription />
      <UnitQty>יח`</UnitQty>
      <Quantity>0.0120</Quantity>
      <UnitMeasure>100 גרם</UnitMeasure>
      <BisWeighted>0</BisWeighted>
      <QtyInPackage>1</QtyInPackage>
      <ItemPrice>19.90</ItemPrice>
      <UnitOfMeasurePrice>1658.33</UnitOfMeasurePrice>
      <AllowDiscount>0</AllowDiscount>
      <itemStatus>1</itemStatus>
      <LastUpdateDate />
      <LastUpdateTime />
    </Product>
    <Product>
      <PriceUpdateDate>2019/08/08 07:37</PriceUpdateDate>
      <ItemCode>7290112341754</ItemCode>
      <ItemType>1</ItemType>
      <ItemName>מארז שלישיית אגוז חלב (3X100 ) עלית</ItemName>
      <ManufactureName>שטראוס גרופ בעמ</ManufactureName>
      <ManufactureCountry />
      <ManufactureItemDescription />
      <UnitQty>יח`</UnitQty>
      <Quantity>3</Quantity>
      <UnitMeasure>100 גרם</UnitMeasure>
      <BisWeighted>0</BisWeighted>
      <QtyInPackage>1</QtyInPackage>
      <ItemPrice>24.90</ItemPrice>
      <UnitOfMeasurePrice>8.30</UnitOfMeasurePrice>
      <AllowDiscount>0</AllowDiscount>
      <itemStatus>1</itemStatus>
      <LastUpdateDate />
      <LastUpdateTime />
    </Product>
    <Product>
      <PriceUpdateDate>2019/11/20 11:12</PriceUpdateDate>
      <ItemCode>7290112341761</ItemCode>
      <ItemType>1</ItemType>
      <ItemName>טבלה לאפייה שוקולד מריר 64% ( 200 גר`) ע</ItemName>
      <ManufactureName>שטראוס גרופ בעמ</ManufactureName>
      <ManufactureCountry />
      <ManufactureItemDescription />
      <UnitQty>יח`</UnitQty>
      <Quantity>2</Quantity>
      <UnitMeasure>100 גרם</UnitMeasure>
      <BisWeighted>0</BisWeighted>
      <QtyInPackage>1</QtyInPackage>
      <ItemPrice>14.90</ItemPrice>
      <UnitOfMeasurePrice>7.45</UnitOfMeasurePrice>
      <AllowDiscount>1</AllowDiscount>
      <itemStatus>1</itemStatus>
      <LastUpdateDate />
      <LastUpdateTime />
    </Product>
    <Product>
      <PriceUpdateDate>2019/11/20 11:12</PriceUpdateDate>
      <ItemCode>7290112341778</ItemCode>
      <ItemType>1</ItemType>
      <ItemName>טבלה לאפייה שוקולד חלב ג`אנדויה 200 גר`</ItemName>
      <ManufactureName>שטראוס גרופ בעמ</ManufactureName>
      <ManufactureCountry />
      <ManufactureItemDescription />
      <UnitQty>יח`</UnitQty>
      <Quantity>2</Quantity>
      <UnitMeasure>100 גרם</UnitMeasure>
      <BisWeighted>0</BisWeighted>
      <QtyInPackage>1</QtyInPackage>
      <ItemPrice>14.90</ItemPrice>
      <UnitOfMeasurePrice>7.45</UnitOfMeasurePrice>
      <AllowDiscount>1</AllowDiscount>
      <itemStatus>1</itemStatus>
      <LastUpdateDate />
      <LastUpdateTime />
    </Product>
    <Product>
      <PriceUpdateDate>2019/11/20 11:12</PriceUpdateDate>
      <ItemCode>7290112341921</ItemCode>
      <ItemType>1</ItemType>
      <ItemName>צנצנת מאסט קוביות בטעם קולה 58 גר` עלית</ItemName>
      <ManufactureName>שטראוס גרופ בעמ</ManufactureName>
      <ManufactureCountry />
      <ManufactureItemDescription />
      <UnitQty>יח`</UnitQty>
      <Quantity>0.58</Quantity>
      <UnitMeasure>100 גרם</UnitMeasure>
      <BisWeighted>0</BisWeighted>
      <QtyInPackage>1</QtyInPackage>
      <ItemPrice>9.90</ItemPrice>
      <UnitOfMeasurePrice>17.07</UnitOfMeasurePrice>
      <AllowDiscount>1</AllowDiscount>
      <itemStatus>1</itemStatus>
      <LastUpdateDate />
      <LastUpdateTime />
    </Product>
    <Product>
      <PriceUpdateDate>2020/01/09 07:57</PriceUpdateDate>
      <ItemCode>7290112342102</ItemCode>
      <ItemType>1</ItemType>
      <ItemName>סימפוניה בצל מקורמל 5% שטראוס</ItemName>
      <ManufactureName>שטראוס גרופ בעמ/מצונן</ManufactureName>
      <ManufactureCountry />
      <ManufactureItemDescription />
      <UnitQty>יח`</UnitQty>
      <Quantity>2</Quantity>
      <UnitMeasure>100 גרם</UnitMeasure>
      <BisWeighted>0</BisWeighted>
      <QtyInPackage>1</QtyInPackage>
      <ItemPrice>11.40</ItemPrice>
      <UnitOfMeasurePrice>5.70</UnitOfMeasurePrice>
      <AllowDiscount>0</AllowDiscount>
      <itemStatus>1</itemStatus>
      <LastUpdateDate />
      <LastUpdateTime />
    </Product>
    <Product>
      <PriceUpdateDate>2020/01/09 07:57</PriceUpdateDate>
      <ItemCode>7290112342195</ItemCode>
      <ItemType>1</ItemType>
      <ItemName>תפוצ`יפס מקלות טבעי 200 גרם כשלפ</ItemName>
      <ManufactureName>שטראוס פריטו ליי בעמ</ManufactureName>
      <ManufactureCountry />
      <ManufactureItemDescription />
      <UnitQty>יח`</UnitQty>
      <Quantity>2</Quantity>
      <UnitMeasure>100 גרם</UnitMeasure>
      <BisWeighted>0</BisWeighted>
      <QtyInPackage>1</QtyInPackage>
      <ItemPrice>10.90</ItemPrice>
      <UnitOfMeasurePrice>5.45</UnitOfMeasurePrice>
      <AllowDiscount>1</AllowDiscount>
      <itemStatus>1</itemStatus>
      <LastUpdateDate />
      <LastUpdateTime />
    </Product>
    <Product>
      <PriceUpdateDate>2019/11/10 14:29</PriceUpdateDate>
      <ItemCode>7290112342270</ItemCode>
      <ItemType>1</ItemType>
      <ItemName>קפה אינטנס 10% פלטינום</ItemName>
      <ManufactureName>שטראוס גרופ בעמ</ManufactureName>
      <ManufactureCountry />
      <ManufactureItemDescription />
      <UnitQty>יח`</UnitQty>
      <Quantity>1.25</Quantity>
      <UnitMeasure>100 גרם</UnitMeasure>
      <BisWeighted>0</BisWeighted>
      <QtyInPackage>1</QtyInPackage>
      <ItemPrice>19.90</ItemPrice>
      <UnitOfMeasurePrice>15.92</UnitOfMeasurePrice>
      <AllowDiscount>0</AllowDiscount>
      <itemStatus>1</itemStatus>
      <LastUpdateDate />
      <LastUpdateTime />
    </Product>
    <Product>
      <PriceUpdateDate>2019/09/25 09:45</PriceUpdateDate>
      <ItemCode>7290112342621</ItemCode>
      <ItemType>1</ItemType>
      <ItemName>שוקו בקבוק 350  גר`יטבתה</ItemName>
      <ManufactureName>שטראוס גרופ בעמ/מצונן</ManufactureName>
      <ManufactureCountry />
      <ManufactureItemDescription />
      <UnitQty>יח`</UnitQty>
      <Quantity>3.50</Quantity>
      <UnitMeasure>100 מ"ל</UnitMeasure>
      <BisWeighted>0</BisWeighted>
      <QtyInPackage>1</QtyInPackage>
      <ItemPrice>6.50</ItemPrice>
      <UnitOfMeasurePrice>1.86</UnitOfMeasurePrice>
      <AllowDiscount>0</AllowDiscount>
      <itemStatus>1</itemStatus>
      <LastUpdateDate />
      <LastUpdateTime />
    </Product>
    <Product>
      <PriceUpdateDate>2019/12/20 07:39</PriceUpdateDate>
      <ItemCode>7290112343307</ItemCode>
      <ItemType>1</ItemType>
      <ItemName>מיני עוגת שוקולד עשירה 240 גר` עלית</ItemName>
      <ManufactureName>שטראוס גרופ בעמ</ManufactureName>
      <ManufactureCountry />
      <ManufactureItemDescription />
      <UnitQty>יח`</UnitQty>
      <Quantity>2.40</Quantity>
      <UnitMeasure>100 גרם</UnitMeasure>
      <BisWeighted>0</BisWeighted>
      <QtyInPackage>1</QtyInPackage>
      <ItemPrice>17.90</ItemPrice>
      <UnitOfMeasurePrice>7.46</UnitOfMeasurePrice>
      <AllowDiscount>0</AllowDiscount>
      <itemStatus>1</itemStatus>
      <LastUpdateDate />
      <LastUpdateTime />
    </Product>
    <Product>
      <PriceUpdateDate>2019/09/29 07:35</PriceUpdateDate>
      <ItemCode>7290112344564</ItemCode>
      <ItemType>1</ItemType>
      <ItemName>רביולי גבינה 400 גר` kids שטראוס</ItemName>
      <ManufactureName>שטראוס גרופ בעמ/מצונן</ManufactureName>
      <ManufactureCountry />
      <ManufactureItemDescription />
      <UnitQty>יח`</UnitQty>
      <Quantity>4</Quantity>
      <UnitMeasure>100 גרם</UnitMeasure>
      <BisWeighted>0</BisWeighted>
      <QtyInPackage>1</QtyInPackage>
      <ItemPrice>20.90</ItemPrice>
      <UnitOfMeasurePrice>5.23</UnitOfMeasurePrice>
      <AllowDiscount>1</AllowDiscount>
      <itemStatus>1</itemStatus>
      <LastUpdateDate />
      <LastUpdateTime />
    </Product>
    <Product>
      <PriceUpdateDate>2020/02/14 07:53</PriceUpdateDate>
      <ItemCode>7290112344694</ItemCode>
      <ItemType>1</ItemType>
      <ItemName>מילקי קרם אגוזים 133 גרם שטראוס</ItemName>
      <ManufactureName>שטראוס גרופ בעמ/מצונן</ManufactureName>
      <ManufactureCountry />
      <ManufactureItemDescription />
      <UnitQty>יח`</UnitQty>
      <Quantity>1.33</Quantity>
      <UnitMeasure>100 מ"ל</UnitMeasure>
      <BisWeighted>0</BisWeighted>
      <QtyInPackage>1</QtyInPackage>
      <ItemPrice>2.70</ItemPrice>
      <UnitOfMeasurePrice>2.03</UnitOfMeasurePrice>
      <AllowDiscount>0</AllowDiscount>
      <itemStatus>1</itemStatus>
      <LastUpdateDate />
      <LastUpdateTime />
    </Product>
    <Product>
      <PriceUpdateDate>2020/02/14 07:53</PriceUpdateDate>
      <ItemCode>7290112344700</ItemCode>
      <ItemType>1</ItemType>
      <ItemName>מילקי קרם קרמל 133 גרם שטראוס</ItemName>
      <ManufactureName>שטראוס גרופ בעמ/מצונן</ManufactureName>
      <ManufactureCountry />
      <ManufactureItemDescription />
      <UnitQty>יח`</UnitQty>
      <Quantity>1.33</Quantity>
      <UnitMeasure>100 מ"ל</UnitMeasure>
      <BisWeighted>0</BisWeighted>
      <QtyInPackage>1</QtyInPackage>
      <ItemPrice>2.70</ItemPrice>
      <UnitOfMeasurePrice>2.03</UnitOfMeasurePrice>
      <AllowDiscount>0</AllowDiscount>
      <itemStatus>1</itemStatus>
      <LastUpdateDate />
      <LastUpdateTime />
    </Product>
    <Product>
      <PriceUpdateDate>2019/12/18 07:26</PriceUpdateDate>
      <ItemCode>7290112344724</ItemCode>
      <ItemType>1</ItemType>
      <ItemName>מעדן מוס שוקולד בלונדי 133  גר`מילקי</ItemName>
      <ManufactureName>שטראוס גרופ בעמ/מצונן</ManufactureName>
      <ManufactureCountry />
      <ManufactureItemDescription />
      <UnitQty>יח`</UnitQty>
      <Quantity>1.33</Quantity>
      <UnitMeasure>100 גרם</UnitMeasure>
      <BisWeighted>0</BisWeighted>
      <QtyInPackage>1</QtyInPackage>
      <ItemPrice>3.30</ItemPrice>
      <UnitOfMeasurePrice>2.48</UnitOfMeasurePrice>
      <AllowDiscount>0</AllowDiscount>
      <itemStatus>1</itemStatus>
      <LastUpdateDate />
      <LastUpdateTime />
    </Product>
    <Product>
      <PriceUpdateDate>2020/04/20 12:46</PriceUpdateDate>
      <ItemCode>7290112344779</ItemCode>
      <ItemType>1</ItemType>
      <ItemName>מילקי מתוק מלוח טופ בייגלה</ItemName>
      <ManufactureName>שטראוס גרופ בעמ/מצונן</ManufactureName>
      <ManufactureCountry />
      <ManufactureItemDescription />
      <UnitQty>יח`</UnitQty>
      <Quantity>1.39</Quantity>
      <UnitMeasure>100 מ"ל</UnitMeasure>
      <BisWeighted>0</BisWeighted>
      <QtyInPackage>1</QtyInPackage>
      <ItemPrice>4.60</ItemPrice>
      <UnitOfMeasurePrice>3.31</UnitOfMeasurePrice>
      <AllowDiscount>0</AllowDiscount>
      <itemStatus>1</itemStatus>
      <LastUpdateDate />
      <LastUpdateTime />
    </Product>
    <Product>
      <PriceUpdateDate>2019/08/09 11:31</PriceUpdateDate>
      <ItemCode>7290112345264</ItemCode>
      <ItemType>1</ItemType>
      <ItemName>מעדן חלב עם שוקולד מעושר בחלבון שטראוס</ItemName>
      <ManufactureName>שטראוס גרופ בעמ/מצונן</ManufactureName>
      <ManufactureCountry />
      <ManufactureItemDescription />
      <UnitQty>יח`</UnitQty>
      <Quantity>1.30</Quantity>
      <UnitMeasure>100 גרם</UnitMeasure>
      <BisWeighted>0</BisWeighted>
      <QtyInPackage>1</QtyInPackage>
      <ItemPrice>4.90</ItemPrice>
      <UnitOfMeasurePrice>3.77</UnitOfMeasurePrice>
      <AllowDiscount>0</AllowDiscount>
      <itemStatus>1</itemStatus>
      <LastUpdateDate />
      <LastUpdateTime />
    </Product>
    <Product>
      <PriceUpdateDate>2019/11/14 14:34</PriceUpdateDate>
      <ItemCode>7290112346575</ItemCode>
      <ItemType>1</ItemType>
      <ItemName>אקטיביה עם שכבת תות 150 גר`</ItemName>
      <ManufactureName>שטראוס גרופ בעמ/מצונן</ManufactureName>
      <ManufactureCountry />
      <ManufactureItemDescription />
      <UnitQty>יח`</UnitQty>
      <Quantity>1.50</Quantity>
      <UnitMeasure>100 מ"ל</UnitMeasure>
      <BisWeighted>0</BisWeighted>
      <QtyInPackage>1</QtyInPackage>
      <ItemPrice>4.50</ItemPrice>
      <UnitOfMeasurePrice>3</UnitOfMeasurePrice>
      <AllowDiscount>0</AllowDiscount>
      <itemStatus>1</itemStatus>
      <LastUpdateDate />
      <LastUpdateTime />
    </Product>
    <Product>
      <PriceUpdateDate>2019/12/17 12:51</PriceUpdateDate>
      <ItemCode>7290112346612</ItemCode>
      <ItemType>1</ItemType>
      <ItemName>דנונה בר עם תוספת שוקולד צבעוני</ItemName>
      <ManufactureName>שטראוס גרופ בעמ/מצונן</ManufactureName>
      <ManufactureCountry />
      <ManufactureItemDescription />
      <UnitQty>יח`</UnitQty>
      <Quantity>1.73</Quantity>
      <UnitMeasure>100 מ"ל</UnitMeasure>
      <BisWeighted>0</BisWeighted>
      <QtyInPackage>1</QtyInPackage>
      <ItemPrice>4.40</ItemPrice>
      <UnitOfMeasurePrice>2.54</UnitOfMeasurePrice>
      <AllowDiscount>0</AllowDiscount>
      <itemStatus>1</itemStatus>
      <LastUpdateDate />
      <LastUpdateTime />
    </Product>
    <Product>
      <PriceUpdateDate>2020/01/09 07:57</PriceUpdateDate>
      <ItemCode>7290112346643</ItemCode>
      <ItemType>1</ItemType>
      <ItemName>דנונה יווני עם שכבות תות 5.8% שטראוס</ItemName>
      <ManufactureName>שטראוס גרופ בעמ/מצונן</ManufactureName>
      <ManufactureCountry />
      <ManufactureItemDescription />
      <UnitQty>יח`</UnitQty>
      <Quantity>1.30</Quantity>
      <UnitMeasure>100 גרם</UnitMeasure>
      <BisWeighted>0</BisWeighted>
      <QtyInPackage>1</QtyInPackage>
      <ItemPrice>3.30</ItemPrice>
      <UnitOfMeasurePrice>2.54</UnitOfMeasurePrice>
      <AllowDiscount>0</AllowDiscount>
      <itemStatus>1</itemStatus>
      <LastUpdateDate />
      <LastUpdateTime />
    </Product>
    <Product>
      <PriceUpdateDate>2020/02/14 07:53</PriceUpdateDate>
      <ItemCode>7290112346681</ItemCode>
      <ItemType>1</ItemType>
      <ItemName>דנונה לשתיה פירות יער</ItemName>
      <ManufactureName>שטראוס גרופ בעמ/מצונן</ManufactureName>
      <ManufactureCountry />
      <ManufactureItemDescription />
      <UnitQty>יח`</UnitQty>
      <Quantity>2.67</Quantity>
      <UnitMeasure>100 מ"ל</UnitMeasure>
      <BisWeighted>0</BisWeighted>
      <QtyInPackage>1</QtyInPackage>
      <ItemPrice>4.90</ItemPrice>
      <UnitOfMeasurePrice>1.84</UnitOfMeasurePrice>
      <AllowDiscount>0</AllowDiscount>
      <itemStatus>1</itemStatus>
      <LastUpdateDate />
      <LastUpdateTime />
    </Product>
    <Product>
      <PriceUpdateDate>2020/02/14 07:53</PriceUpdateDate>
      <ItemCode>7290112346698</ItemCode>
      <ItemType>1</ItemType>
      <ItemName>דנונה לשתיה מנגו ואפרסק</ItemName>
      <ManufactureName>שטראוס גרופ בעמ/מצונן</ManufactureName>
      <ManufactureCountry />
      <ManufactureItemDescription />
      <UnitQty>יח`</UnitQty>
      <Quantity>2.67</Quantity>
      <UnitMeasure>100 גרם</UnitMeasure>
      <BisWeighted>0</BisWeighted>
      <QtyInPackage>1</QtyInPackage>
      <ItemPrice>4.90</ItemPrice>
      <UnitOfMeasurePrice>1.84</UnitOfMeasurePrice>
      <AllowDiscount>0</AllowDiscount>
      <itemStatus>1</itemStatus>
      <LastUpdateDate />
      <LastUpdateTime />
    </Product>
    <Product>
      <PriceUpdateDate>2020/01/09 07:57</PriceUpdateDate>
      <ItemCode>7290112346865</ItemCode>
      <ItemType>1</ItemType>
      <ItemName>דנונה פרו 15 גרם עם פירות יער שטראוס</ItemName>
      <ManufactureName>שטראוס גרופ בעמ/מצונן</ManufactureName>
      <ManufactureCountry />
      <ManufactureItemDescription />
      <UnitQty>יח`</UnitQty>
      <Quantity>2.05</Quantity>
      <UnitMeasure>100 גרם</UnitMeasure>
      <BisWeighted>0</BisWeighted>
      <QtyInPackage>1</QtyInPackage>
      <ItemPrice>5.90</ItemPrice>
      <UnitOfMeasurePrice>2.88</UnitOfMeasurePrice>
      <AllowDiscount>0</AllowDiscount>
      <itemStatus>1</itemStatus>
      <LastUpdateDate />
      <LastUpdateTime />
    </Product>
    <Product>
      <PriceUpdateDate>2020/02/14 07:53</PriceUpdateDate>
      <ItemCode>7290112346872</ItemCode>
      <ItemType>1</ItemType>
      <ItemName>דנונה פרו 10 קרם קוקוס 150 גרם-שטראוס</ItemName>
      <ManufactureName>שטראוס גרופ בעמ/מצונן</ManufactureName>
      <ManufactureCountry />
      <ManufactureItemDescription />
      <UnitQty>יח`</UnitQty>
      <Quantity>1.50</Quantity>
      <UnitMeasure>100 גרם</UnitMeasure>
      <BisWeighted>0</BisWeighted>
      <QtyInPackage>1</QtyInPackage>
      <ItemPrice>4.60</ItemPrice>
      <UnitOfMeasurePrice>3.07</UnitOfMeasurePrice>
      <AllowDiscount>0</AllowDiscount>
      <itemStatus>1</itemStatus>
      <LastUpdateDate />
      <LastUpdateTime />
    </Product>
    <Product>
      <PriceUpdateDate>2020/01/09 07:57</PriceUpdateDate>
      <ItemCode>7290112346889</ItemCode>
      <ItemType>1</ItemType>
      <ItemName>דנונה פרו 15 גרם עם אפרסק שטראוס</ItemName>
      <ManufactureName>שטראוס גרופ בעמ/מצונן</ManufactureName>
      <ManufactureCountry />
      <ManufactureItemDescription />
      <UnitQty>יח`</UnitQty>
      <Quantity>2.05</Quantity>
      <UnitMeasure>100 גרם</UnitMeasure>
      <BisWeighted>0</BisWeighted>
      <QtyInPackage>1</QtyInPackage>
      <ItemPrice>5.90</ItemPrice>
      <UnitOfMeasurePrice>2.88</UnitOfMeasurePrice>
      <AllowDiscount>0</AllowDiscount>
      <itemStatus>1</itemStatus>
      <LastUpdateDate />
      <LastUpdateTime />
    </Product>
    <Product>
      <PriceUpdateDate>2019/12/18 07:26</PriceUpdateDate>
      <ItemCode>7290112347008</ItemCode>
      <ItemType>1</ItemType>
      <ItemName>גמדים ארוחת בוקר תות סקוויז 100 גר</ItemName>
      <ManufactureName>שטראוס גרופ בעמ/מצונן</ManufactureName>
      <ManufactureCountry />
      <ManufactureItemDescription />
      <UnitQty>יח`</UnitQty>
      <Quantity>1</Quantity>
      <UnitMeasure>100 גרם</UnitMeasure>
      <BisWeighted>0</BisWeighted>
      <QtyInPackage>1</QtyInPackage>
      <ItemPrice>5.90</ItemPrice>
      <UnitOfMeasurePrice>5.90</UnitOfMeasurePrice>
      <AllowDiscount>1</AllowDiscount>
      <itemStatus>1</itemStatus>
      <LastUpdateDate />
      <LastUpdateTime />
    </Product>
    <Product>
      <PriceUpdateDate>2020/02/14 07:53</PriceUpdateDate>
      <ItemCode>7290112347251</ItemCode>
      <ItemType>1</ItemType>
      <ItemName>קפה נמס עלית (200 גרם)+קופסאת אחסון כשל</ItemName>
      <ManufactureName>שטראוס גרופ בעמ</ManufactureName>
      <ManufactureCountry />
      <ManufactureItemDescription />
      <UnitQty>יח`</UnitQty>
      <Quantity>2</Quantity>
      <UnitMeasure>100 גרם</UnitMeasure>
      <BisWeighted>0</BisWeighted>
      <QtyInPackage>1</QtyInPackage>
      <ItemPrice>19.90</ItemPrice>
      <UnitOfMeasurePrice>9.95</UnitOfMeasurePrice>
      <AllowDiscount>0</AllowDiscount>
      <itemStatus>1</itemStatus>
      <LastUpdateDate />
      <LastUpdateTime />
    </Product>
    <Product>
      <PriceUpdateDate>2020/01/09 07:57</PriceUpdateDate>
      <ItemCode>7290112347909</ItemCode>
      <ItemType>1</ItemType>
      <ItemName>טחינה במרקם עשיר 400 גרם אחלה</ItemName>
      <ManufactureName>שטראוס גרופ בעמ/מצונן</ManufactureName>
      <ManufactureCountry />
      <ManufactureItemDescription />
      <UnitQty>יח`</UnitQty>
      <Quantity>4</Quantity>
      <UnitMeasure>100 גרם</UnitMeasure>
      <BisWeighted>0</BisWeighted>
      <QtyInPackage>1</QtyInPackage>
      <ItemPrice>16.50</ItemPrice>
      <UnitOfMeasurePrice>4.13</UnitOfMeasurePrice>
      <AllowDiscount>0</AllowDiscount>
      <itemStatus>1</itemStatus>
      <LastUpdateDate />
      <LastUpdateTime />
    </Product>
    <Product>
      <PriceUpdateDate>2020/01/15 14:29</PriceUpdateDate>
      <ItemCode>7290112348548</ItemCode>
      <ItemType>1</ItemType>
      <ItemName>שוקולד פרה לבן רבנות 100  גר`עלית</ItemName>
      <ManufactureName>שטראוס גרופ בעמ</ManufactureName>
      <ManufactureCountry />
      <ManufactureItemDescription />
      <UnitQty>יח`</UnitQty>
      <Quantity>1</Quantity>
      <UnitMeasure>100 גרם</UnitMeasure>
      <BisWeighted>0</BisWeighted>
      <QtyInPackage>1</QtyInPackage>
      <ItemPrice>4.90</ItemPrice>
      <UnitOfMeasurePrice>4.90</UnitOfMeasurePrice>
      <AllowDiscount>1</AllowDiscount>
      <itemStatus>1</itemStatus>
      <LastUpdateDate />
      <LastUpdateTime />
    </Product>
    <Product>
      <PriceUpdateDate>2020/02/14 07:53</PriceUpdateDate>
      <ItemCode>7290112349545</ItemCode>
      <ItemType>1</ItemType>
      <ItemName>קפה טורקי עלית 200גר`+20% תוספת</ItemName>
      <ManufactureName>שטראוס גרופ בעמ</ManufactureName>
      <ManufactureCountry />
      <ManufactureItemDescription />
      <UnitQty>יח`</UnitQty>
      <Quantity>2.40</Quantity>
      <UnitMeasure>100 גרם</UnitMeasure>
      <BisWeighted>0</BisWeighted>
      <QtyInPackage>1</QtyInPackage>
      <ItemPrice>15.90</ItemPrice>
      <UnitOfMeasurePrice>6.63</UnitOfMeasurePrice>
      <AllowDiscount>1</AllowDiscount>
      <itemStatus>1</itemStatus>
      <LastUpdateDate />
      <LastUpdateTime />
    </Product>
    <Product>
      <PriceUpdateDate>2019/12/18 07:26</PriceUpdateDate>
      <ItemCode>7290112349675</ItemCode>
      <ItemType>1</ItemType>
      <ItemName>גמדים ארוחת בוקר וניל סקוויז 100 גר</ItemName>
      <ManufactureName>שטראוס גרופ בעמ/מצונן</ManufactureName>
      <ManufactureCountry />
      <ManufactureItemDescription />
      <UnitQty>יח`</UnitQty>
      <Quantity>1</Quantity>
      <UnitMeasure>100 גרם</UnitMeasure>
      <BisWeighted>0</BisWeighted>
      <QtyInPackage>1</QtyInPackage>
      <ItemPrice>5.90</ItemPrice>
      <UnitOfMeasurePrice>5.90</UnitOfMeasurePrice>
      <AllowDiscount>1</AllowDiscount>
      <itemStatus>1</itemStatus>
      <LastUpdateDate />
      <LastUpdateTime />
    </Product>
    <Product>
      <PriceUpdateDate>2020/02/14 07:53</PriceUpdateDate>
      <ItemCode>7290112349699</ItemCode>
      <ItemType>1</ItemType>
      <ItemName>מחית עגבניות חלקה 350 גר` פסאטה</ItemName>
      <ManufactureName>שטראוס גרופ בעמ</ManufactureName>
      <ManufactureCountry />
      <ManufactureItemDescription />
      <UnitQty>יח`</UnitQty>
      <Quantity>3.50</Quantity>
      <UnitMeasure>100 גרם</UnitMeasure>
      <BisWeighted>0</BisWeighted>
      <QtyInPackage>1</QtyInPackage>
      <ItemPrice>7.90</ItemPrice>
      <UnitOfMeasurePrice>2.26</UnitOfMeasurePrice>
      <AllowDiscount>0</AllowDiscount>
      <itemStatus>1</itemStatus>
      <LastUpdateDate />
      <LastUpdateTime />
    </Product>
    <Product>
      <PriceUpdateDate>2020/02/14 07:53</PriceUpdateDate>
      <ItemCode>7290112349743</ItemCode>
      <ItemType>1</ItemType>
      <ItemName>רוטב עגבניות פיקנטי לפסטה 350 גר` ארביאט</ItemName>
      <ManufactureName>שטראוס גרופ בעמ</ManufactureName>
      <ManufactureCountry />
      <ManufactureItemDescription />
      <UnitQty>יח`</UnitQty>
      <Quantity>3.50</Quantity>
      <UnitMeasure>100 גרם</UnitMeasure>
      <BisWeighted>0</BisWeighted>
      <QtyInPackage>1</QtyInPackage>
      <ItemPrice>10.90</ItemPrice>
      <UnitOfMeasurePrice>3.11</UnitOfMeasurePrice>
      <AllowDiscount>0</AllowDiscount>
      <itemStatus>1</itemStatus>
      <LastUpdateDate />
      <LastUpdateTime />
    </Product>
    <Product>
      <PriceUpdateDate>2020/02/14 07:53</PriceUpdateDate>
      <ItemCode>7290112357618</ItemCode>
      <ItemType>1</ItemType>
      <ItemName>מסטיק קוביות בטעם פירות טרופיים 58 גרם</ItemName>
      <ManufactureName>שטראוס גרופ בעמ</ManufactureName>
      <ManufactureCountry />
      <ManufactureItemDescription />
      <UnitQty>יח`</UnitQty>
      <Quantity>0.58</Quantity>
      <UnitMeasure>100 גרם</UnitMeasure>
      <BisWeighted>0</BisWeighted>
      <QtyInPackage>1</QtyInPackage>
      <ItemPrice>9.90</ItemPrice>
      <UnitOfMeasurePrice>17.07</UnitOfMeasurePrice>
      <AllowDiscount>1</AllowDiscount>
      <itemStatus>1</itemStatus>
      <LastUpdateDate />
      <LastUpdateTime />
    </Product>
    <Product>
      <PriceUpdateDate>2018/04/26 19:00</PriceUpdateDate>
      <ItemCode>7290112480330</ItemCode>
      <ItemType>1</ItemType>
      <ItemName>צלחות מרק טופ סטאר 25 יח</ItemName>
      <ManufactureName>פאלאס תעשיות נטו (2014) בעמ</ManufactureName>
      <ManufactureCountry />
      <ManufactureItemDescription />
      <UnitQty>יח`</UnitQty>
      <Quantity>1</Quantity>
      <UnitMeasure />
      <BisWeighted>0</BisWeighted>
      <QtyInPackage>1</QtyInPackage>
      <ItemPrice>4.90</ItemPrice>
      <UnitOfMeasurePrice>4.90</UnitOfMeasurePrice>
      <AllowDiscount>1</AllowDiscount>
      <itemStatus>1</itemStatus>
      <LastUpdateDate />
      <LastUpdateTime />
    </Product>
    <Product>
      <PriceUpdateDate>2019/02/25 10:47</PriceUpdateDate>
      <ItemCode>7290112480347</ItemCode>
      <ItemType>1</ItemType>
      <ItemName>צלחות לפתן טופ סטאר) (25</ItemName>
      <ManufactureName>פאלאס תעשיות נטו (2014) בעמ</ManufactureName>
      <ManufactureCountry />
      <ManufactureItemDescription />
      <UnitQty>יח`</UnitQty>
      <Quantity>1</Quantity>
      <UnitMeasure />
      <BisWeighted>0</BisWeighted>
      <QtyInPackage>1</QtyInPackage>
      <ItemPrice>2.50</ItemPrice>
      <UnitOfMeasurePrice>2.50</UnitOfMeasurePrice>
      <AllowDiscount>1</AllowDiscount>
      <itemStatus>1</itemStatus>
      <LastUpdateDate />
      <LastUpdateTime />
    </Product>
    <Product>
      <PriceUpdateDate>2019/02/14 08:17</PriceUpdateDate>
      <ItemCode>7290112481894</ItemCode>
      <ItemType>1</ItemType>
      <ItemName>תבנית אלומיניום בינונית 31R +מכסה 5יח פ</ItemName>
      <ManufactureName>פאלאס תעשיות נטו (2014) בעמ</ManufactureName>
      <ManufactureCountry />
      <ManufactureItemDescription />
      <UnitQty>יח`</UnitQty>
      <Quantity>1</Quantity>
      <UnitMeasure />
      <BisWeighted>0</BisWeighted>
      <QtyInPackage>1</QtyInPackage>
      <ItemPrice>9.90</ItemPrice>
      <UnitOfMeasurePrice>9.90</UnitOfMeasurePrice>
      <AllowDiscount>1</AllowDiscount>
      <itemStatus>1</itemStatus>
      <LastUpdateDate />
      <LastUpdateTime />
    </Product>
    <Product>
      <PriceUpdateDate>2018/12/06 09:25</PriceUpdateDate>
      <ItemCode>7290112481900</ItemCode>
      <ItemType>1</ItemType>
      <ItemName>כוסות מעוטרות לפיד) (50</ItemName>
      <ManufactureName>פאלאס תעשיות נטו (2014) בעמ</ManufactureName>
      <ManufactureCountry />
      <ManufactureItemDescription />
      <UnitQty>יח`</UnitQty>
      <Quantity>1</Quantity>
      <UnitMeasure />
      <BisWeighted>0</BisWeighted>
      <QtyInPackage>1</QtyInPackage>
      <ItemPrice>12.90</ItemPrice>
      <UnitOfMeasurePrice>12.90</UnitOfMeasurePrice>
      <AllowDiscount>1</AllowDiscount>
      <itemStatus>1</itemStatus>
      <LastUpdateDate />
      <LastUpdateTime />
    </Product>
    <Product>
      <PriceUpdateDate>2019/10/16 09:02</PriceUpdateDate>
      <ItemCode>7290112482174</ItemCode>
      <ItemType>1</ItemType>
      <ItemName>קערה לסלט שקופה פאלאס 10 יח</ItemName>
      <ManufactureName>פאלאס תעשיות נטו (2014) בעמ</ManufactureName>
      <ManufactureCountry />
      <ManufactureItemDescription />
      <UnitQty>יח`</UnitQty>
      <Quantity>1</Quantity>
      <UnitMeasure />
      <BisWeighted>0</BisWeighted>
      <QtyInPackage>1</QtyInPackage>
      <ItemPrice>9.90</ItemPrice>
      <UnitOfMeasurePrice>9.90</UnitOfMeasurePrice>
      <AllowDiscount>0</AllowDiscount>
      <itemStatus>1</itemStatus>
      <LastUpdateDate />
      <LastUpdateTime />
    </Product>
    <Product>
      <PriceUpdateDate>2019/06/06 09:28</PriceUpdateDate>
      <ItemCode>7290112482181</ItemCode>
      <ItemType>1</ItemType>
      <ItemName>צלחת גדולה לבנה 50 יח לפיד</ItemName>
      <ManufactureName>פאלאס תעשיות נטו (2014) בעמ</ManufactureName>
      <ManufactureCountry />
      <ManufactureItemDescription />
      <UnitQty>יח`</UnitQty>
      <Quantity>1</Quantity>
      <UnitMeasure />
      <BisWeighted>0</BisWeighted>
      <QtyInPackage>1</QtyInPackage>
      <ItemPrice>6.90</ItemPrice>
      <UnitOfMeasurePrice>6.90</UnitOfMeasurePrice>
      <AllowDiscount>1</AllowDiscount>
      <itemStatus>1</itemStatus>
      <LastUpdateDate />
      <LastUpdateTime />
    </Product>
    <Product>
      <PriceUpdateDate>2019/12/12 14:13</PriceUpdateDate>
      <ItemCode>7290112483010</ItemCode>
      <ItemType>1</ItemType>
      <ItemName>צלחת קטנה שחורה פרח 20 יח לפיד</ItemName>
      <ManufactureName>פאלאס תעשיות נטו (2014) בעמ</ManufactureName>
      <ManufactureCountry />
      <ManufactureItemDescription />
      <UnitQty>יח`</UnitQty>
      <Quantity>1</Quantity>
      <UnitMeasure />
      <BisWeighted>0</BisWeighted>
      <QtyInPackage>1</QtyInPackage>
      <ItemPrice>9.90</ItemPrice>
      <UnitOfMeasurePrice>9.90</UnitOfMeasurePrice>
      <AllowDiscount>1</AllowDiscount>
      <itemStatus>1</itemStatus>
      <LastUpdateDate />
      <LastUpdateTime />
    </Product>
    <Product>
      <PriceUpdateDate>2019/12/12 14:13</PriceUpdateDate>
      <ItemCode>7290112483027</ItemCode>
      <ItemType>1</ItemType>
      <ItemName>צלחת גדולה שחורה פרח 20 יח לפיד</ItemName>
      <ManufactureName>פאלאס תעשיות נטו (2014) בעמ</ManufactureName>
      <ManufactureCountry />
      <ManufactureItemDescription />
      <UnitQty>יח`</UnitQty>
      <Quantity>1</Quantity>
      <UnitMeasure />
      <BisWeighted>0</BisWeighted>
      <QtyInPackage>1</QtyInPackage>
      <ItemPrice>12.90</ItemPrice>
      <UnitOfMeasurePrice>12.90</UnitOfMeasurePrice>
      <AllowDiscount>1</AllowDiscount>
      <itemStatus>1</itemStatus>
      <LastUpdateDate />
      <LastUpdateTime />
    </Product>
    <Product>
      <PriceUpdateDate>2019/12/15 11:59</PriceUpdateDate>
      <ItemCode>7290112483058</ItemCode>
      <ItemType>1</ItemType>
      <ItemName>צלחת קטנה קרם פרח 20 יח לפיד</ItemName>
      <ManufactureName>פאלאס תעשיות נטו (2014) בעמ</ManufactureName>
      <ManufactureCountry />
      <ManufactureItemDescription />
      <UnitQty>יח`</UnitQty>
      <Quantity>1</Quantity>
      <UnitMeasure />
      <BisWeighted>0</BisWeighted>
      <QtyInPackage>1</QtyInPackage>
      <ItemPrice>9.90</ItemPrice>
      <UnitOfMeasurePrice>9.90</UnitOfMeasurePrice>
      <AllowDiscount>1</AllowDiscount>
      <itemStatus>1</itemStatus>
      <LastUpdateDate />
      <LastUpdateTime />
    </Product>
    <Product>
      <PriceUpdateDate>2019/12/15 11:59</PriceUpdateDate>
      <ItemCode>7290112483065</ItemCode>
      <ItemType>1</ItemType>
      <ItemName>צלחת גדולה קרם פרח 20 יח לפיד</ItemName>
      <ManufactureName>פאלאס תעשיות נטו (2014) בעמ</ManufactureName>
      <ManufactureCountry />
      <ManufactureItemDescription />
      <UnitQty>יח`</UnitQty>
      <Quantity>1</Quantity>
      <UnitMeasure />
      <BisWeighted>0</BisWeighted>
      <QtyInPackage>1</QtyInPackage>
      <ItemPrice>12.90</ItemPrice>
      <UnitOfMeasurePrice>12.90</UnitOfMeasurePrice>
      <AllowDiscount>1</AllowDiscount>
      <itemStatus>1</itemStatus>
      <LastUpdateDate />
      <LastUpdateTime />
    </Product>
    <Product>
      <PriceUpdateDate>2018/08/20 10:48</PriceUpdateDate>
      <ItemCode>7290112490063</ItemCode>
      <ItemType>1</ItemType>
      <ItemName>מאגדת כיפלי בצל 4*36 גר` תלמה</ItemName>
      <ManufactureName>יוניליוור ישראל שיווק בעמ</ManufactureName>
      <ManufactureCountry />
      <ManufactureItemDescription />
      <UnitQty>יח`</UnitQty>
      <Quantity>1.44</Quantity>
      <UnitMeasure>100 גרם</UnitMeasure>
      <BisWeighted>0</BisWeighted>
      <QtyInPackage>1</QtyInPackage>
      <ItemPrice>9.90</ItemPrice>
      <UnitOfMeasurePrice>6.88</UnitOfMeasurePrice>
      <AllowDiscount>0</AllowDiscount>
      <itemStatus>1</itemStatus>
      <LastUpdateDate />
      <LastUpdateTime />
    </Product>
    <Product>
      <PriceUpdateDate>2018/08/17 13:34</PriceUpdateDate>
      <ItemCode>7290112490209</ItemCode>
      <ItemType>1</ItemType>
      <ItemName>מרק נמס בכוס עגבניות קנור (2*28)</ItemName>
      <ManufactureName>יוניליוור ישראל שיווק בעמ</ManufactureName>
      <ManufactureCountry />
      <ManufactureItemDescription />
      <UnitQty>יח`</UnitQty>
      <Quantity>0.56</Quantity>
      <UnitMeasure>100 גרם</UnitMeasure>
      <BisWeighted>0</BisWeighted>
      <QtyInPackage>1</QtyInPackage>
      <ItemPrice>6.90</ItemPrice>
      <UnitOfMeasurePrice>12.32</UnitOfMeasurePrice>
      <AllowDiscount>0</AllowDiscount>
      <itemStatus>1</itemStatus>
      <LastUpdateDate />
      <LastUpdateTime />
    </Product>
    <Product>
      <PriceUpdateDate>2018/08/17 13:34</PriceUpdateDate>
      <ItemCode>7290112490216</ItemCode>
      <ItemType>1</ItemType>
      <ItemName>מרק נמס בכוס טעם עוף קנור(2*24 גר` )</ItemName>
      <ManufactureName>יוניליוור ישראל שיווק בעמ</ManufactureName>
      <ManufactureCountry />
      <ManufactureItemDescription />
      <UnitQty>יח`</UnitQty>
      <Quantity>0.48</Quantity>
      <UnitMeasure>100 גרם</UnitMeasure>
      <BisWeighted>0</BisWeighted>
      <QtyInPackage>1</QtyInPackage>
      <ItemPrice>6.90</ItemPrice>
      <UnitOfMeasurePrice>14.38</UnitOfMeasurePrice>
      <AllowDiscount>0</AllowDiscount>
      <itemStatus>1</itemStatus>
      <LastUpdateDate />
      <LastUpdateTime />
    </Product>
    <Product>
      <PriceUpdateDate>2018/08/20 06:50</PriceUpdateDate>
      <ItemCode>7290112490582</ItemCode>
      <ItemType>1</ItemType>
      <ItemName>חרדל דיז`ון צרפתי 350 גר` הלמנס</ItemName>
      <ManufactureName>יוניליוור ישראל שיווק בעמ</ManufactureName>
      <ManufactureCountry />
      <ManufactureItemDescription />
      <UnitQty>יח`</UnitQty>
      <Quantity>3.50</Quantity>
      <UnitMeasure>100 גרם</UnitMeasure>
      <BisWeighted>0</BisWeighted>
      <QtyInPackage>1</QtyInPackage>
      <ItemPrice>12.90</ItemPrice>
      <UnitOfMeasurePrice>3.69</UnitOfMeasurePrice>
      <AllowDiscount>1</AllowDiscount>
      <itemStatus>1</itemStatus>
      <LastUpdateDate />
      <LastUpdateTime />
    </Product>
    <Product>
      <PriceUpdateDate>2018/08/20 06:50</PriceUpdateDate>
      <ItemCode>7290112490599</ItemCode>
      <ItemType>1</ItemType>
      <ItemName>חרדל צרפתי עם גרגרים שלמים 350 גר` הלמנס</ItemName>
      <ManufactureName>יוניליוור ישראל שיווק בעמ</ManufactureName>
      <ManufactureCountry />
      <ManufactureItemDescription />
      <UnitQty>יח`</UnitQty>
      <Quantity>3.50</Quantity>
      <UnitMeasure>100 גרם</UnitMeasure>
      <BisWeighted>0</BisWeighted>
      <QtyInPackage>1</QtyInPackage>
      <ItemPrice>12.90</ItemPrice>
      <UnitOfMeasurePrice>3.69</UnitOfMeasurePrice>
      <AllowDiscount>1</AllowDiscount>
      <itemStatus>1</itemStatus>
      <LastUpdateDate />
      <LastUpdateTime />
    </Product>
    <Product>
      <PriceUpdateDate>2018/08/17 13:34</PriceUpdateDate>
      <ItemCode>7290112490650</ItemCode>
      <ItemType>1</ItemType>
      <ItemName>קונפיטורת תות שדה 788 (340 גר` )</ItemName>
      <ManufactureName>יוניליוור ישראל שיווק בעמ</ManufactureName>
      <ManufactureCountry />
      <ManufactureItemDescription />
      <UnitQty>יח`</UnitQty>
      <Quantity>3.40</Quantity>
      <UnitMeasure>100 גרם</UnitMeasure>
      <BisWeighted>0</BisWeighted>
      <QtyInPackage>1</QtyInPackage>
      <ItemPrice>13.90</ItemPrice>
      <UnitOfMeasurePrice>4.09</UnitOfMeasurePrice>
      <AllowDiscount>1</AllowDiscount>
      <itemStatus>1</itemStatus>
      <LastUpdateDate />
      <LastUpdateTime />
    </Product>
    <Product>
      <PriceUpdateDate>2018/08/17 13:34</PriceUpdateDate>
      <ItemCode>7290112490667</ItemCode>
      <ItemType>1</ItemType>
      <ItemName>קונפיטורת משמשים 788 ( 340 גר` )</ItemName>
      <ManufactureName>יוניליוור ישראל שיווק בעמ</ManufactureName>
      <ManufactureCountry />
      <ManufactureItemDescription />
      <UnitQty>יח`</UnitQty>
      <Quantity>3.40</Quantity>
      <UnitMeasure>100 גרם</UnitMeasure>
      <BisWeighted>0</BisWeighted>
      <QtyInPackage>1</QtyInPackage>
      <ItemPrice>13.90</ItemPrice>
      <UnitOfMeasurePrice>4.09</UnitOfMeasurePrice>
      <AllowDiscount>1</AllowDiscount>
      <itemStatus>1</itemStatus>
      <LastUpdateDate />
      <LastUpdateTime />
    </Product>
    <Product>
      <PriceUpdateDate>2018/08/17 13:34</PriceUpdateDate>
      <ItemCode>7290112490681</ItemCode>
      <ItemType>1</ItemType>
      <ItemName>קונפיטורת שזיפים 788 ( 340 גר` )</ItemName>
      <ManufactureName>יוניליוור ישראל שיווק בעמ</ManufactureName>
      <ManufactureCountry />
      <ManufactureItemDescription />
      <UnitQty>יח`</UnitQty>
      <Quantity>3.40</Quantity>
      <UnitMeasure>100 גרם</UnitMeasure>
      <BisWeighted>0</BisWeighted>
      <QtyInPackage>1</QtyInPackage>
      <ItemPrice>13.90</ItemPrice>
      <UnitOfMeasurePrice>4.09</UnitOfMeasurePrice>
      <AllowDiscount>1</AllowDiscount>
      <itemStatus>1</itemStatus>
      <LastUpdateDate />
      <LastUpdateTime />
    </Product>
    <Product>
      <PriceUpdateDate>2018/10/15 09:25</PriceUpdateDate>
      <ItemCode>7290112490742</ItemCode>
      <ItemType>1</ItemType>
      <ItemName>מרק עשיר פטריות עם גריסים קנור רכיבים טב</ItemName>
      <ManufactureName>יוניליוור ישראל שיווק בעמ</ManufactureName>
      <ManufactureCountry />
      <ManufactureItemDescription />
      <UnitQty>יח`</UnitQty>
      <Quantity>1.04</Quantity>
      <UnitMeasure>100 גרם</UnitMeasure>
      <BisWeighted>0</BisWeighted>
      <QtyInPackage>1</QtyInPackage>
      <ItemPrice>12.90</ItemPrice>
      <UnitOfMeasurePrice>12.40</UnitOfMeasurePrice>
      <AllowDiscount>0</AllowDiscount>
      <itemStatus>1</itemStatus>
      <LastUpdateDate />
      <LastUpdateTime />
    </Product>
    <Product>
      <PriceUpdateDate>2018/10/12 09:48</PriceUpdateDate>
      <ItemCode>7290112490827</ItemCode>
      <ItemType>1</ItemType>
      <ItemName>בדין תרסיס למייבש כביסה בייבי 500 מל</ItemName>
      <ManufactureName>יוניליוור ישראל שיווק בעמ</ManufactureName>
      <ManufactureCountry />
      <ManufactureItemDescription />
      <UnitQty>יח`</UnitQty>
      <Quantity>5</Quantity>
      <UnitMeasure>100 מ"ל</UnitMeasure>
      <BisWeighted>0</BisWeighted>
      <QtyInPackage>1</QtyInPackage>
      <ItemPrice>19.90</ItemPrice>
      <UnitOfMeasurePrice>3.98</UnitOfMeasurePrice>
      <AllowDiscount>1</AllowDiscount>
      <itemStatus>1</itemStatus>
      <LastUpdateDate />
      <LastUpdateTime />
    </Product>
    <Product>
      <PriceUpdateDate>2019/01/09 14:14</PriceUpdateDate>
      <ItemCode>7290112490896</ItemCode>
      <ItemType>1</ItemType>
      <ItemName>רוטב צ`ילי חריף קנור (370מל)</ItemName>
      <ManufactureName>יוניליוור ישראל שיווק בעמ</ManufactureName>
      <ManufactureCountry />
      <ManufactureItemDescription />
      <UnitQty>יח`</UnitQty>
      <Quantity>3.70</Quantity>
      <UnitMeasure>100 מ"ל</UnitMeasure>
      <BisWeighted>0</BisWeighted>
      <QtyInPackage>1</QtyInPackage>
      <ItemPrice>12.90</ItemPrice>
      <UnitOfMeasurePrice>3.49</UnitOfMeasurePrice>
      <AllowDiscount>1</AllowDiscount>
      <itemStatus>1</itemStatus>
      <LastUpdateDate />
      <LastUpdateTime />
    </Product>
    <Product>
      <PriceUpdateDate>2019/05/15 15:06</PriceUpdateDate>
      <ItemCode>7290112491442</ItemCode>
      <ItemType>1</ItemType>
      <ItemName>נוזל לניקוי רצפות וכללי בניחוח מרכך כביס</ItemName>
      <ManufactureName>יוניליוור ישראל שיווק בעמ</ManufactureName>
      <ManufactureCountry />
      <ManufactureItemDescription />
      <UnitQty>יח`</UnitQty>
      <Quantity>1</Quantity>
      <UnitMeasure />
      <BisWeighted>0</BisWeighted>
      <QtyInPackage>1</QtyInPackage>
      <ItemPrice>16.90</ItemPrice>
      <UnitOfMeasurePrice>16.90</UnitOfMeasurePrice>
      <AllowDiscount>0</AllowDiscount>
      <itemStatus>1</itemStatus>
      <LastUpdateDate />
      <LastUpdateTime />
    </Product>
    <Product>
      <PriceUpdateDate>2019/04/05 10:19</PriceUpdateDate>
      <ItemCode>7290112491558</ItemCode>
      <ItemType>1</ItemType>
      <ItemName>שוקולד מריר פרווה ורד הגליל (100x6 גרם)</ItemName>
      <ManufactureName>יוניליוור ישראל שיווק בעמ</ManufactureName>
      <ManufactureCountry />
      <ManufactureItemDescription />
      <UnitQty>יח`</UnitQty>
      <Quantity>6</Quantity>
      <UnitMeasure>100 גרם</UnitMeasure>
      <BisWeighted>0</BisWeighted>
      <QtyInPackage>1</QtyInPackage>
      <ItemPrice>22.90</ItemPrice>
      <UnitOfMeasurePrice>3.82</UnitOfMeasurePrice>
      <AllowDiscount>1</AllowDiscount>
      <itemStatus>1</itemStatus>
      <LastUpdateDate />
      <LastUpdateTime />
    </Product>
    <Product>
      <PriceUpdateDate>2019/01/15 19:58</PriceUpdateDate>
      <ItemCode>7290112491794</ItemCode>
      <ItemType>1</ItemType>
      <ItemName>בייגלה דקים דקים שמנת בצל 300 גר`</ItemName>
      <ManufactureName>יוניליוור ישראל שיווק בעמ</ManufactureName>
      <ManufactureCountry />
      <ManufactureItemDescription />
      <UnitQty>יח`</UnitQty>
      <Quantity>3</Quantity>
      <UnitMeasure>100 גרם</UnitMeasure>
      <BisWeighted>0</BisWeighted>
      <QtyInPackage>1</QtyInPackage>
      <ItemPrice>10.90</ItemPrice>
      <UnitOfMeasurePrice>3.63</UnitOfMeasurePrice>
      <AllowDiscount>1</AllowDiscount>
      <itemStatus>1</itemStatus>
      <LastUpdateDate />
      <LastUpdateTime />
    </Product>
    <Product>
      <PriceUpdateDate>2019/05/15 08:45</PriceUpdateDate>
      <ItemCode>7290112492203</ItemCode>
      <ItemType>1</ItemType>
      <ItemName>פריכיות כוסמת דקות עם ציה ואורגנו 25 גר`</ItemName>
      <ManufactureName>יוניליוור ישראל שיווק בעמ</ManufactureName>
      <ManufactureCountry />
      <ManufactureItemDescription />
      <UnitQty>יח`</UnitQty>
      <Quantity>0.25</Quantity>
      <UnitMeasure>100 גרם</UnitMeasure>
      <BisWeighted>0</BisWeighted>
      <QtyInPackage>1</QtyInPackage>
      <ItemPrice>3.90</ItemPrice>
      <UnitOfMeasurePrice>15.60</UnitOfMeasurePrice>
      <AllowDiscount>1</AllowDiscount>
      <itemStatus>1</itemStatus>
      <LastUpdateDate />
      <LastUpdateTime />
    </Product>
    <Product>
      <PriceUpdateDate>2019/05/15 08:45</PriceUpdateDate>
      <ItemCode>7290112492210</ItemCode>
      <ItemType>1</ItemType>
      <ItemName>פריכיות תירס דקות עם קינואה ובזיליקום 25</ItemName>
      <ManufactureName>יוניליוור ישראל שיווק בעמ</ManufactureName>
      <ManufactureCountry />
      <ManufactureItemDescription />
      <UnitQty>יח`</UnitQty>
      <Quantity>0.25</Quantity>
      <UnitMeasure>100 גרם</UnitMeasure>
      <BisWeighted>0</BisWeighted>
      <QtyInPackage>1</QtyInPackage>
      <ItemPrice>3.90</ItemPrice>
      <UnitOfMeasurePrice>15.60</UnitOfMeasurePrice>
      <AllowDiscount>1</AllowDiscount>
      <itemStatus>1</itemStatus>
      <LastUpdateDate />
      <LastUpdateTime />
    </Product>
    <Product>
      <PriceUpdateDate>2019/08/07 13:27</PriceUpdateDate>
      <ItemCode>7290112492234</ItemCode>
      <ItemType>1</ItemType>
      <ItemName>מאגדת פריכיות תירס דקות עם תירס מלא</ItemName>
      <ManufactureName>יוניליוור ישראל שיווק בעמ</ManufactureName>
      <ManufactureCountry />
      <ManufactureItemDescription />
      <UnitQty>יח`</UnitQty>
      <Quantity>1</Quantity>
      <UnitMeasure>100 גרם</UnitMeasure>
      <BisWeighted>0</BisWeighted>
      <QtyInPackage>1</QtyInPackage>
      <ItemPrice>10.90</ItemPrice>
      <UnitOfMeasurePrice>10.90</UnitOfMeasurePrice>
      <AllowDiscount>1</AllowDiscount>
      <itemStatus>1</itemStatus>
      <LastUpdateDate />
      <LastUpdateTime />
    </Product>
    <Product>
      <PriceUpdateDate>2019/05/15 08:45</PriceUpdateDate>
      <ItemCode>7290112492258</ItemCode>
      <ItemType>1</ItemType>
      <ItemName>פריכיות תירס דקות עם תירס מלא 25 גר`</ItemName>
      <ManufactureName>יוניליוור ישראל שיווק בעמ</ManufactureName>
      <ManufactureCountry />
      <ManufactureItemDescription />
      <UnitQty>יח`</UnitQty>
      <Quantity>0.25</Quantity>
      <UnitMeasure>100 גרם</UnitMeasure>
      <BisWeighted>0</BisWeighted>
      <QtyInPackage>1</QtyInPackage>
      <ItemPrice>3.90</ItemPrice>
      <UnitOfMeasurePrice>15.60</UnitOfMeasurePrice>
      <AllowDiscount>1</AllowDiscount>
      <itemStatus>1</itemStatus>
      <LastUpdateDate />
      <LastUpdateTime />
    </Product>
    <Product>
      <PriceUpdateDate>2019/05/15 08:45</PriceUpdateDate>
      <ItemCode>7290112492357</ItemCode>
      <ItemType>1</ItemType>
      <ItemName>פריכיות כוסמת דקות עם ציה 19 גר`</ItemName>
      <ManufactureName>יוניליוור ישראל שיווק בעמ</ManufactureName>
      <ManufactureCountry />
      <ManufactureItemDescription />
      <UnitQty>יח`</UnitQty>
      <Quantity>0.19</Quantity>
      <UnitMeasure>100 גרם</UnitMeasure>
      <BisWeighted>0</BisWeighted>
      <QtyInPackage>1</QtyInPackage>
      <ItemPrice>3.90</ItemPrice>
      <UnitOfMeasurePrice>20.53</UnitOfMeasurePrice>
      <AllowDiscount>1</AllowDiscount>
      <itemStatus>1</itemStatus>
      <LastUpdateDate />
      <LastUpdateTime />
    </Product>
    <Product>
      <PriceUpdateDate>2020/04/30 08:21</PriceUpdateDate>
      <ItemCode>7290112492449</ItemCode>
      <ItemType>1</ItemType>
      <ItemName>שמפו פינוק שיער רגיל 700 מל</ItemName>
      <ManufactureName>יוניליוור ישראל שיווק בעמ</ManufactureName>
      <ManufactureCountry />
      <ManufactureItemDescription />
      <UnitQty>יח`</UnitQty>
      <Quantity>7</Quantity>
      <UnitMeasure>100 גרם</UnitMeasure>
      <BisWeighted>0</BisWeighted>
      <QtyInPackage>1</QtyInPackage>
      <ItemPrice>12.90</ItemPrice>
      <UnitOfMeasurePrice>1.84</UnitOfMeasurePrice>
      <AllowDiscount>1</AllowDiscount>
      <itemStatus>1</itemStatus>
      <LastUpdateDate />
      <LastUpdateTime />
    </Product>
    <Product>
      <PriceUpdateDate>2020/04/30 08:21</PriceUpdateDate>
      <ItemCode>7290112492456</ItemCode>
      <ItemType>1</ItemType>
      <ItemName>שמפו לשיער יבש פינוק (700 מל)</ItemName>
      <ManufactureName>יוניליוור ישראל שיווק בעמ</ManufactureName>
      <ManufactureCountry />
      <ManufactureItemDescription />
      <UnitQty>יח`</UnitQty>
      <Quantity>7</Quantity>
      <UnitMeasure>100 מ"ל</UnitMeasure>
      <BisWeighted>0</BisWeighted>
      <QtyInPackage>1</QtyInPackage>
      <ItemPrice>12.90</ItemPrice>
      <UnitOfMeasurePrice>1.84</UnitOfMeasurePrice>
      <AllowDiscount>1</AllowDiscount>
      <itemStatus>1</itemStatus>
      <LastUpdateDate />
      <LastUpdateTime />
    </Product>
    <Product>
      <PriceUpdateDate>2020/04/30 08:21</PriceUpdateDate>
      <ItemCode>7290112492463</ItemCode>
      <ItemType>1</ItemType>
      <ItemName>שמפו פינוק 2ב (7001 מל)</ItemName>
      <ManufactureName>יוניליוור ישראל שיווק בעמ</ManufactureName>
      <ManufactureCountry />
      <ManufactureItemDescription />
      <UnitQty>יח`</UnitQty>
      <Quantity>7</Quantity>
      <UnitMeasure>100 מ"ל</UnitMeasure>
      <BisWeighted>0</BisWeighted>
      <QtyInPackage>1</QtyInPackage>
      <ItemPrice>12.90</ItemPrice>
      <UnitOfMeasurePrice>1.84</UnitOfMeasurePrice>
      <AllowDiscount>1</AllowDiscount>
      <itemStatus>1</itemStatus>
      <LastUpdateDate />
      <LastUpdateTime />
    </Product>
    <Product>
      <PriceUpdateDate>2020/04/30 08:21</PriceUpdateDate>
      <ItemCode>7290112492487</ItemCode>
      <ItemType>1</ItemType>
      <ItemName>שמפו פינוק שמן מרוקאי (700 מל)</ItemName>
      <ManufactureName>יוניליוור ישראל שיווק בעמ</ManufactureName>
      <ManufactureCountry />
      <ManufactureItemDescription />
      <UnitQty>יח`</UnitQty>
      <Quantity>7</Quantity>
      <UnitMeasure>100 מ"ל</UnitMeasure>
      <BisWeighted>0</BisWeighted>
      <QtyInPackage>1</QtyInPackage>
      <ItemPrice>12.90</ItemPrice>
      <UnitOfMeasurePrice>1.84</UnitOfMeasurePrice>
      <AllowDiscount>1</AllowDiscount>
      <itemStatus>1</itemStatus>
      <LastUpdateDate />
      <LastUpdateTime />
    </Product>
    <Product>
      <PriceUpdateDate>2020/04/30 08:21</PriceUpdateDate>
      <ItemCode>7290112492500</ItemCode>
      <ItemType>1</ItemType>
      <ItemName>שמפו פינוק שמן קוקוס (700 מל)</ItemName>
      <ManufactureName>יוניליוור ישראל שיווק בעמ</ManufactureName>
      <ManufactureCountry />
      <ManufactureItemDescription />
      <UnitQty>יח`</UnitQty>
      <Quantity>7</Quantity>
      <UnitMeasure>100 מ"ל</UnitMeasure>
      <BisWeighted>0</BisWeighted>
      <QtyInPackage>1</QtyInPackage>
      <ItemPrice>12.90</ItemPrice>
      <UnitOfMeasurePrice>1.84</UnitOfMeasurePrice>
      <AllowDiscount>1</AllowDiscount>
      <itemStatus>1</itemStatus>
      <LastUpdateDate />
      <LastUpdateTime />
    </Product>
    <Product>
      <PriceUpdateDate>2020/04/30 08:21</PriceUpdateDate>
      <ItemCode>7290112492579</ItemCode>
      <ItemType>1</ItemType>
      <ItemName>מרכך פינוק לשיער רגיל (700 מל)</ItemName>
      <ManufactureName>יוניליוור ישראל שיווק בעמ</ManufactureName>
      <ManufactureCountry />
      <ManufactureItemDescription />
      <UnitQty>יח`</UnitQty>
      <Quantity>7</Quantity>
      <UnitMeasure>100 מ"ל</UnitMeasure>
      <BisWeighted>0</BisWeighted>
      <QtyInPackage>1</QtyInPackage>
      <ItemPrice>12.90</ItemPrice>
      <UnitOfMeasurePrice>1.84</UnitOfMeasurePrice>
      <AllowDiscount>1</AllowDiscount>
      <itemStatus>1</itemStatus>
      <LastUpdateDate />
      <LastUpdateTime />
    </Product>
    <Product>
      <PriceUpdateDate>2020/03/18 08:05</PriceUpdateDate>
      <ItemCode>7290112492616</ItemCode>
      <ItemType>1</ItemType>
      <ItemName>פינוק תחליב רחצה בתוספת שמן מרוקאי 700</ItemName>
      <ManufactureName>יוניליוור ישראל שיווק בעמ</ManufactureName>
      <ManufactureCountry />
      <ManufactureItemDescription />
      <UnitQty>יח`</UnitQty>
      <Quantity>7</Quantity>
      <UnitMeasure>100 מ"ל</UnitMeasure>
      <BisWeighted>0</BisWeighted>
      <QtyInPackage>1</QtyInPackage>
      <ItemPrice>12.90</ItemPrice>
      <UnitOfMeasurePrice>1.84</UnitOfMeasurePrice>
      <AllowDiscount>0</AllowDiscount>
      <itemStatus>1</itemStatus>
      <LastUpdateDate />
      <LastUpdateTime />
    </Product>
    <Product>
      <PriceUpdateDate>2020/01/06 11:00</PriceUpdateDate>
      <ItemCode>7290112492623</ItemCode>
      <ItemType>1</ItemType>
      <ItemName>תחליב רחצה בשמן קוקוס (700  מל)פינוק</ItemName>
      <ManufactureName>יוניליוור ישראל שיווק בעמ</ManufactureName>
      <ManufactureCountry />
      <ManufactureItemDescription />
      <UnitQty>יח`</UnitQty>
      <Quantity>7</Quantity>
      <UnitMeasure>100 מ"ל</UnitMeasure>
      <BisWeighted>0</BisWeighted>
      <QtyInPackage>1</QtyInPackage>
      <ItemPrice>12.90</ItemPrice>
      <UnitOfMeasurePrice>1.84</UnitOfMeasurePrice>
      <AllowDiscount>0</AllowDiscount>
      <itemStatus>1</itemStatus>
      <LastUpdateDate />
      <LastUpdateTime />
    </Product>
    <Product>
      <PriceUpdateDate>2020/02/14 07:53</PriceUpdateDate>
      <ItemCode>7290112492968</ItemCode>
      <ItemType>1</ItemType>
      <ItemName>אבקת מרק בצל 400 גר` כשלפ</ItemName>
      <ManufactureName>יוניליוור ישראל שיווק בעמ</ManufactureName>
      <ManufactureCountry />
      <ManufactureItemDescription />
      <UnitQty>יח`</UnitQty>
      <Quantity>4</Quantity>
      <UnitMeasure>100 גרם</UnitMeasure>
      <BisWeighted>0</BisWeighted>
      <QtyInPackage>1</QtyInPackage>
      <ItemPrice>27.90</ItemPrice>
      <UnitOfMeasurePrice>6.98</UnitOfMeasurePrice>
      <AllowDiscount>0</AllowDiscount>
      <itemStatus>1</itemStatus>
      <LastUpdateDate />
      <LastUpdateTime />
    </Product>
    <Product>
      <PriceUpdateDate>2019/12/15 15:00</PriceUpdateDate>
      <ItemCode>7290112492999</ItemCode>
      <ItemType>1</ItemType>
      <ItemName>אבקת מרק טעם עוף 400 גר` קנור</ItemName>
      <ManufactureName>יוניליוור ישראל שיווק בעמ</ManufactureName>
      <ManufactureCountry />
      <ManufactureItemDescription />
      <UnitQty>יח`</UnitQty>
      <Quantity>4</Quantity>
      <UnitMeasure>100 גרם</UnitMeasure>
      <BisWeighted>0</BisWeighted>
      <QtyInPackage>1</QtyInPackage>
      <ItemPrice>15.90</ItemPrice>
      <UnitOfMeasurePrice>3.98</UnitOfMeasurePrice>
      <AllowDiscount>1</AllowDiscount>
      <itemStatus>1</itemStatus>
      <LastUpdateDate />
      <LastUpdateTime />
    </Product>
    <Product>
      <PriceUpdateDate>2019/11/04 08:05</PriceUpdateDate>
      <ItemCode>7290112493033</ItemCode>
      <ItemType>1</ItemType>
      <ItemName>נמס בכוס טעם עוף עם אטריות וקרטונים קנור</ItemName>
      <ManufactureName>יוניליוור ישראל שיווק בעמ</ManufactureName>
      <ManufactureCountry />
      <ManufactureItemDescription />
      <UnitQty>יח`</UnitQty>
      <Quantity>0.58</Quantity>
      <UnitMeasure>100 גרם</UnitMeasure>
      <BisWeighted>0</BisWeighted>
      <QtyInPackage>1</QtyInPackage>
      <ItemPrice>4.90</ItemPrice>
      <UnitOfMeasurePrice>8.45</UnitOfMeasurePrice>
      <AllowDiscount>0</AllowDiscount>
      <itemStatus>1</itemStatus>
      <LastUpdateDate />
      <LastUpdateTime />
    </Product>
    <Product>
      <PriceUpdateDate>2019/08/04 10:24</PriceUpdateDate>
      <ItemCode>7290112493071</ItemCode>
      <ItemType>1</ItemType>
      <ItemName>מרק היום עדשים כתומות 100% רכיבים טביעיי</ItemName>
      <ManufactureName>יוניליוור ישראל שיווק בעמ</ManufactureName>
      <ManufactureCountry />
      <ManufactureItemDescription />
      <UnitQty>יח`</UnitQty>
      <Quantity>0.85</Quantity>
      <UnitMeasure>100 גרם</UnitMeasure>
      <BisWeighted>0</BisWeighted>
      <QtyInPackage>1</QtyInPackage>
      <ItemPrice>12.90</ItemPrice>
      <UnitOfMeasurePrice>15.18</UnitOfMeasurePrice>
      <AllowDiscount>0</AllowDiscount>
      <itemStatus>1</itemStatus>
      <LastUpdateDate />
      <LastUpdateTime />
    </Product>
    <Product>
      <PriceUpdateDate>2019/08/01 08:34</PriceUpdateDate>
      <ItemCode>7290112493095</ItemCode>
      <ItemType>1</ItemType>
      <ItemName>נמס בכוס עגבניות חריף 100% רכיבים טביעי</ItemName>
      <ManufactureName>יוניליוור ישראל שיווק בעמ</ManufactureName>
      <ManufactureCountry />
      <ManufactureItemDescription />
      <UnitQty>יח`</UnitQty>
      <Quantity>0.48</Quantity>
      <UnitMeasure>100 גרם</UnitMeasure>
      <BisWeighted>0</BisWeighted>
      <QtyInPackage>1</QtyInPackage>
      <ItemPrice>6.90</ItemPrice>
      <UnitOfMeasurePrice>14.38</UnitOfMeasurePrice>
      <AllowDiscount>0</AllowDiscount>
      <itemStatus>1</itemStatus>
      <LastUpdateDate />
      <LastUpdateTime />
    </Product>
    <Product>
      <PriceUpdateDate>2019/07/14 10:05</PriceUpdateDate>
      <ItemCode>7290112493255</ItemCode>
      <ItemType>1</ItemType>
      <ItemName>אקטיב שוקולד חלב 350 גר` תלמה</ItemName>
      <ManufactureName>יוניליוור ישראל שיווק בעמ</ManufactureName>
      <ManufactureCountry />
      <ManufactureItemDescription />
      <UnitQty>יח`</UnitQty>
      <Quantity>3.50</Quantity>
      <UnitMeasure>100 גרם</UnitMeasure>
      <BisWeighted>0</BisWeighted>
      <QtyInPackage>1</QtyInPackage>
      <ItemPrice>19.90</ItemPrice>
      <UnitOfMeasurePrice>5.69</UnitOfMeasurePrice>
      <AllowDiscount>1</AllowDiscount>
      <itemStatus>1</itemStatus>
      <LastUpdateDate />
      <LastUpdateTime />
    </Product>
    <Product>
      <PriceUpdateDate>2019/07/14 10:05</PriceUpdateDate>
      <ItemCode>7290112493279</ItemCode>
      <ItemType>1</ItemType>
      <ItemName>אקטיב צימוקים ושקדים 350 גר` תלמה</ItemName>
      <ManufactureName>יוניליוור ישראל שיווק בעמ</ManufactureName>
      <ManufactureCountry />
      <ManufactureItemDescription />
      <UnitQty>יח`</UnitQty>
      <Quantity>3.50</Quantity>
      <UnitMeasure>100 גרם</UnitMeasure>
      <BisWeighted>0</BisWeighted>
      <QtyInPackage>1</QtyInPackage>
      <ItemPrice>19.90</ItemPrice>
      <UnitOfMeasurePrice>5.69</UnitOfMeasurePrice>
      <AllowDiscount>1</AllowDiscount>
      <itemStatus>1</itemStatus>
      <LastUpdateDate />
      <LastUpdateTime />
    </Product>
    <Product>
      <PriceUpdateDate>2019/08/01 08:34</PriceUpdateDate>
      <ItemCode>7290112493293</ItemCode>
      <ItemType>1</ItemType>
      <ItemName>נמס בכוס ירקות 100% רכיבים טביעיים קנור</ItemName>
      <ManufactureName>יוניליוור ישראל שיווק בעמ</ManufactureName>
      <ManufactureCountry />
      <ManufactureItemDescription />
      <UnitQty>יח`</UnitQty>
      <Quantity>0.44</Quantity>
      <UnitMeasure>100 גרם</UnitMeasure>
      <BisWeighted>0</BisWeighted>
      <QtyInPackage>1</QtyInPackage>
      <ItemPrice>6.90</ItemPrice>
      <UnitOfMeasurePrice>15.68</UnitOfMeasurePrice>
      <AllowDiscount>0</AllowDiscount>
      <itemStatus>1</itemStatus>
      <LastUpdateDate />
      <LastUpdateTime />
    </Product>
    <Product>
      <PriceUpdateDate>2020/01/07 14:40</PriceUpdateDate>
      <ItemCode>7290112493873</ItemCode>
      <ItemType>1</ItemType>
      <ItemName>חטיף אפוי דג דג (400 גרם) בייגל בייגל</ItemName>
      <ManufactureName>יוניליוור ישראל שיווק בעמ</ManufactureName>
      <ManufactureCountry />
      <ManufactureItemDescription />
      <UnitQty>יח`</UnitQty>
      <Quantity>4</Quantity>
      <UnitMeasure>100 גרם</UnitMeasure>
      <BisWeighted>0</BisWeighted>
      <QtyInPackage>1</QtyInPackage>
      <ItemPrice>13.90</ItemPrice>
      <UnitOfMeasurePrice>3.48</UnitOfMeasurePrice>
      <AllowDiscount>1</AllowDiscount>
      <itemStatus>1</itemStatus>
      <LastUpdateDate />
      <LastUpdateTime />
    </Product>
    <Product>
      <PriceUpdateDate>2020/01/09 07:57</PriceUpdateDate>
      <ItemCode>7290112493927</ItemCode>
      <ItemType>1</ItemType>
      <ItemName>שטראוס קרמיסימו בטעם ריבת חלב</ItemName>
      <ManufactureName>גלידות שטראוס בעמ</ManufactureName>
      <ManufactureCountry />
      <ManufactureItemDescription />
      <UnitQty>יח`</UnitQty>
      <Quantity>1.33</Quantity>
      <UnitMeasure>1 ליטר</UnitMeasure>
      <BisWeighted>0</BisWeighted>
      <QtyInPackage>1</QtyInPackage>
      <ItemPrice>18.90</ItemPrice>
      <UnitOfMeasurePrice>14.21</UnitOfMeasurePrice>
      <AllowDiscount>1</AllowDiscount>
      <itemStatus>1</itemStatus>
      <LastUpdateDate />
      <LastUpdateTime />
    </Product>
    <Product>
      <PriceUpdateDate>2020/01/09 07:57</PriceUpdateDate>
      <ItemCode>7290112493934</ItemCode>
      <ItemType>1</ItemType>
      <ItemName>שטראוס קרמיסימו וניל צרפתי</ItemName>
      <ManufactureName>גלידות שטראוס בעמ</ManufactureName>
      <ManufactureCountry />
      <ManufactureItemDescription />
      <UnitQty>יח`</UnitQty>
      <Quantity>1.33</Quantity>
      <UnitMeasure>1 ליטר</UnitMeasure>
      <BisWeighted>0</BisWeighted>
      <QtyInPackage>1</QtyInPackage>
      <ItemPrice>18.90</ItemPrice>
      <UnitOfMeasurePrice>14.21</UnitOfMeasurePrice>
      <AllowDiscount>1</AllowDiscount>
      <itemStatus>1</itemStatus>
      <LastUpdateDate />
      <LastUpdateTime />
    </Product>
    <Product>
      <PriceUpdateDate>2020/01/09 07:57</PriceUpdateDate>
      <ItemCode>7290112493965</ItemCode>
      <ItemType>1</ItemType>
      <ItemName>שטראוס קרמיסימו וניל ומסטיק</ItemName>
      <ManufactureName>גלידות שטראוס בעמ</ManufactureName>
      <ManufactureCountry />
      <ManufactureItemDescription />
      <UnitQty>יח`</UnitQty>
      <Quantity>1.33</Quantity>
      <UnitMeasure>1 ליטר</UnitMeasure>
      <BisWeighted>0</BisWeighted>
      <QtyInPackage>1</QtyInPackage>
      <ItemPrice>18.90</ItemPrice>
      <UnitOfMeasurePrice>14.21</UnitOfMeasurePrice>
      <AllowDiscount>1</AllowDiscount>
      <itemStatus>1</itemStatus>
      <LastUpdateDate />
      <LastUpdateTime />
    </Product>
    <Product>
      <PriceUpdateDate>2019/06/10 09:46</PriceUpdateDate>
      <ItemCode>7290112494009</ItemCode>
      <ItemType>1</ItemType>
      <ItemName>מאגדת כיפלי גריל 4*36 גר` תלמה</ItemName>
      <ManufactureName>יוניליוור ישראל שיווק בעמ</ManufactureName>
      <ManufactureCountry />
      <ManufactureItemDescription />
      <UnitQty>יח`</UnitQty>
      <Quantity>1.44</Quantity>
      <UnitMeasure>100 גרם</UnitMeasure>
      <BisWeighted>0</BisWeighted>
      <QtyInPackage>1</QtyInPackage>
      <ItemPrice>9.90</ItemPrice>
      <UnitOfMeasurePrice>6.88</UnitOfMeasurePrice>
      <AllowDiscount>0</AllowDiscount>
      <itemStatus>1</itemStatus>
      <LastUpdateDate />
      <LastUpdateTime />
    </Product>
    <Product>
      <PriceUpdateDate>2019/07/17 13:07</PriceUpdateDate>
      <ItemCode>7290112494016</ItemCode>
      <ItemType>1</ItemType>
      <ItemName>מיונז תלמה מופחת שומן (500 גרם)</ItemName>
      <ManufactureName>יוניליוור ישראל שיווק בעמ</ManufactureName>
      <ManufactureCountry />
      <ManufactureItemDescription />
      <UnitQty>יח`</UnitQty>
      <Quantity>5</Quantity>
      <UnitMeasure>100 גרם</UnitMeasure>
      <BisWeighted>0</BisWeighted>
      <QtyInPackage>1</QtyInPackage>
      <ItemPrice>9.90</ItemPrice>
      <UnitOfMeasurePrice>1.98</UnitOfMeasurePrice>
      <AllowDiscount>0</AllowDiscount>
      <itemStatus>1</itemStatus>
      <LastUpdateDate />
      <LastUpdateTime />
    </Product>
    <Product>
      <PriceUpdateDate>2019/08/15 09:26</PriceUpdateDate>
      <ItemCode>7290112494023</ItemCode>
      <ItemType>1</ItemType>
      <ItemName>חטיף חלבון טו גו קוקוס 200 גר</ItemName>
      <ManufactureName>יוניליוור ישראל שיווק בעמ</ManufactureName>
      <ManufactureCountry />
      <ManufactureItemDescription />
      <UnitQty>יח`</UnitQty>
      <Quantity>2</Quantity>
      <UnitMeasure>100 גרם</UnitMeasure>
      <BisWeighted>0</BisWeighted>
      <QtyInPackage>1</QtyInPackage>
      <ItemPrice>21.90</ItemPrice>
      <UnitOfMeasurePrice>10.95</UnitOfMeasurePrice>
      <AllowDiscount>1</AllowDiscount>
      <itemStatus>1</itemStatus>
      <LastUpdateDate />
      <LastUpdateTime />
    </Product>
    <Product>
      <PriceUpdateDate>2019/11/22 08:57</PriceUpdateDate>
      <ItemCode>7290112494221</ItemCode>
      <ItemType>1</ItemType>
      <ItemName>חטיף ביסקויט שוקולד חלב קליק (65 גרם)</ItemName>
      <ManufactureName>יוניליוור ישראל שיווק בעמ</ManufactureName>
      <ManufactureCountry />
      <ManufactureItemDescription />
      <UnitQty>יח`</UnitQty>
      <Quantity>0.65</Quantity>
      <UnitMeasure>100 גרם</UnitMeasure>
      <BisWeighted>0</BisWeighted>
      <QtyInPackage>1</QtyInPackage>
      <ItemPrice>5.90</ItemPrice>
      <UnitOfMeasurePrice>9.08</UnitOfMeasurePrice>
      <AllowDiscount>1</AllowDiscount>
      <itemStatus>1</itemStatus>
      <LastUpdateDate />
      <LastUpdateTime />
    </Product>
    <Product>
      <PriceUpdateDate>2019/11/12 10:23</PriceUpdateDate>
      <ItemCode>7290112494238</ItemCode>
      <ItemType>1</ItemType>
      <ItemName>חטיף כדורים שוקולד חלב קליק (65 גרם)</ItemName>
      <ManufactureName>יוניליוור ישראל שיווק בעמ</ManufactureName>
      <ManufactureCountry />
      <ManufactureItemDescription />
      <UnitQty>יח`</UnitQty>
      <Quantity>0.65</Quantity>
      <UnitMeasure>100 גרם</UnitMeasure>
      <BisWeighted>0</BisWeighted>
      <QtyInPackage>1</QtyInPackage>
      <ItemPrice>5.90</ItemPrice>
      <UnitOfMeasurePrice>9.08</UnitOfMeasurePrice>
      <AllowDiscount>1</AllowDiscount>
      <itemStatus>1</itemStatus>
      <LastUpdateDate />
      <LastUpdateTime />
    </Product>
    <Product>
      <PriceUpdateDate>2019/11/12 10:23</PriceUpdateDate>
      <ItemCode>7290112494269</ItemCode>
      <ItemType>1</ItemType>
      <ItemName>חטיף קליק כריות צוקולטה 65 גר`</ItemName>
      <ManufactureName>יוניליוור ישראל שיווק בעמ</ManufactureName>
      <ManufactureCountry />
      <ManufactureItemDescription />
      <UnitQty>יח`</UnitQty>
      <Quantity>0.65</Quantity>
      <UnitMeasure>100 גרם</UnitMeasure>
      <BisWeighted>0</BisWeighted>
      <QtyInPackage>1</QtyInPackage>
      <ItemPrice>5.90</ItemPrice>
      <UnitOfMeasurePrice>9.08</UnitOfMeasurePrice>
      <AllowDiscount>1</AllowDiscount>
      <itemStatus>1</itemStatus>
      <LastUpdateDate />
      <LastUpdateTime />
    </Product>
    <Product>
      <PriceUpdateDate>2019/11/12 10:23</PriceUpdateDate>
      <ItemCode>7290112494276</ItemCode>
      <ItemType>1</ItemType>
      <ItemName>חטיף קליק כריות 65 גר`</ItemName>
      <ManufactureName>יוניליוור ישראל שיווק בעמ</ManufactureName>
      <ManufactureCountry />
      <ManufactureItemDescription />
      <UnitQty>יח`</UnitQty>
      <Quantity>0.65</Quantity>
      <UnitMeasure>100 גרם</UnitMeasure>
      <BisWeighted>0</BisWeighted>
      <QtyInPackage>1</QtyInPackage>
      <ItemPrice>5.90</ItemPrice>
      <UnitOfMeasurePrice>9.08</UnitOfMeasurePrice>
      <AllowDiscount>1</AllowDiscount>
      <itemStatus>1</itemStatus>
      <LastUpdateDate />
      <LastUpdateTime />
    </Product>
    <Product>
      <PriceUpdateDate>2019/11/12 10:23</PriceUpdateDate>
      <ItemCode>7290112494283</ItemCode>
      <ItemType>1</ItemType>
      <ItemName>חטיף כדורים מעורב חום לבו 65 גר` קליק</ItemName>
      <ManufactureName>יוניליוור ישראל שיווק בעמ</ManufactureName>
      <ManufactureCountry />
      <ManufactureItemDescription />
      <UnitQty>יח`</UnitQty>
      <Quantity>0.65</Quantity>
      <UnitMeasure>100 גרם</UnitMeasure>
      <BisWeighted>0</BisWeighted>
      <QtyInPackage>1</QtyInPackage>
      <ItemPrice>5.90</ItemPrice>
      <UnitOfMeasurePrice>9.08</UnitOfMeasurePrice>
      <AllowDiscount>1</AllowDiscount>
      <itemStatus>1</itemStatus>
      <LastUpdateDate />
      <LastUpdateTime />
    </Product>
    <Product>
      <PriceUpdateDate>2019/11/22 08:57</PriceUpdateDate>
      <ItemCode>7290112494290</ItemCode>
      <ItemType>1</ItemType>
      <ItemName>קליק שקיות עוגי 65 גר`</ItemName>
      <ManufactureName>יוניליוור ישראל שיווק בעמ</ManufactureName>
      <ManufactureCountry />
      <ManufactureItemDescription />
      <UnitQty>יח`</UnitQty>
      <Quantity>0.75</Quantity>
      <UnitMeasure>100 גרם</UnitMeasure>
      <BisWeighted>0</BisWeighted>
      <QtyInPackage>1</QtyInPackage>
      <ItemPrice>5.90</ItemPrice>
      <UnitOfMeasurePrice>7.87</UnitOfMeasurePrice>
      <AllowDiscount>1</AllowDiscount>
      <itemStatus>1</itemStatus>
      <LastUpdateDate />
      <LastUpdateTime />
    </Product>
    <Product>
      <PriceUpdateDate>2019/11/12 10:23</PriceUpdateDate>
      <ItemCode>7290112494313</ItemCode>
      <ItemType>1</ItemType>
      <ItemName>חטיף קליק קורנפלקס 65 גר`</ItemName>
      <ManufactureName>יוניליוור ישראל שיווק בעמ</ManufactureName>
      <ManufactureCountry />
      <ManufactureItemDescription />
      <UnitQty>יח`</UnitQty>
      <Quantity>0.65</Quantity>
      <UnitMeasure>100 גרם</UnitMeasure>
      <BisWeighted>0</BisWeighted>
      <QtyInPackage>1</QtyInPackage>
      <ItemPrice>5.90</ItemPrice>
      <UnitOfMeasurePrice>9.08</UnitOfMeasurePrice>
      <AllowDiscount>1</AllowDiscount>
      <itemStatus>1</itemStatus>
      <LastUpdateDate />
      <LastUpdateTime />
    </Product>
    <Product>
      <PriceUpdateDate>2020/03/17 10:11</PriceUpdateDate>
      <ItemCode>7290112494344</ItemCode>
      <ItemType>1</ItemType>
      <ItemName>קורנפלקס של אלופים תלמה (850 גרם)רבנות</ItemName>
      <ManufactureName>יוניליוור ישראל שיווק בעמ</ManufactureName>
      <ManufactureCountry />
      <ManufactureItemDescription />
      <UnitQty>יח`</UnitQty>
      <Quantity>8.50</Quantity>
      <UnitMeasure>100 גרם</UnitMeasure>
      <BisWeighted>0</BisWeighted>
      <QtyInPackage>1</QtyInPackage>
      <ItemPrice>18.90</ItemPrice>
      <UnitOfMeasurePrice>2.22</UnitOfMeasurePrice>
      <AllowDiscount>1</AllowDiscount>
      <itemStatus>1</itemStatus>
      <LastUpdateDate />
      <LastUpdateTime />
    </Product>
    <Product>
      <PriceUpdateDate>2020/03/17 10:12</PriceUpdateDate>
      <ItemCode>7290112494351</ItemCode>
      <ItemType>1</ItemType>
      <ItemName>קורנפלקס של אלופים תלמה (850 גרם).בדצ</ItemName>
      <ManufactureName>יוניליוור ישראל שיווק בעמ</ManufactureName>
      <ManufactureCountry />
      <ManufactureItemDescription />
      <UnitQty>יח`</UnitQty>
      <Quantity>8.50</Quantity>
      <UnitMeasure>100 גרם</UnitMeasure>
      <BisWeighted>0</BisWeighted>
      <QtyInPackage>1</QtyInPackage>
      <ItemPrice>18.90</ItemPrice>
      <UnitOfMeasurePrice>2.22</UnitOfMeasurePrice>
      <AllowDiscount>1</AllowDiscount>
      <itemStatus>1</itemStatus>
      <LastUpdateDate />
      <LastUpdateTime />
    </Product>
    <Product>
      <PriceUpdateDate>2019/08/04 10:24</PriceUpdateDate>
      <ItemCode>7290112494528</ItemCode>
      <ItemType>1</ItemType>
      <ItemName>כריות בטעם עוגיות 686  גר`תלמה</ItemName>
      <ManufactureName>יוניליוור ישראל שיווק בעמ</ManufactureName>
      <ManufactureCountry />
      <ManufactureItemDescription />
      <UnitQty>יח`</UnitQty>
      <Quantity>6.86</Quantity>
      <UnitMeasure>100 גרם</UnitMeasure>
      <BisWeighted>0</BisWeighted>
      <QtyInPackage>1</QtyInPackage>
      <ItemPrice>29.90</ItemPrice>
      <UnitOfMeasurePrice>4.36</UnitOfMeasurePrice>
      <AllowDiscount>1</AllowDiscount>
      <itemStatus>1</itemStatus>
      <LastUpdateDate />
      <LastUpdateTime />
    </Product>
    <Product>
      <PriceUpdateDate>2019/11/19 10:59</PriceUpdateDate>
      <ItemCode>7290112494795</ItemCode>
      <ItemType>1</ItemType>
      <ItemName>ג`ל כביסה לבנה וצבעונית בניחוח בדין כחול</ItemName>
      <ManufactureName>יוניליוור ישראל שיווק בעמ</ManufactureName>
      <ManufactureCountry />
      <ManufactureItemDescription />
      <UnitQty>יח`</UnitQty>
      <Quantity>1</Quantity>
      <UnitMeasure />
      <BisWeighted>0</BisWeighted>
      <QtyInPackage>1</QtyInPackage>
      <ItemPrice>29.90</ItemPrice>
      <UnitOfMeasurePrice>29.90</UnitOfMeasurePrice>
      <AllowDiscount>0</AllowDiscount>
      <itemStatus>1</itemStatus>
      <LastUpdateDate />
      <LastUpdateTime />
    </Product>
    <Product>
      <PriceUpdateDate>2019/11/19 10:59</PriceUpdateDate>
      <ItemCode>7290112494818</ItemCode>
      <ItemType>1</ItemType>
      <ItemName>ג`ל כביסה לבנה וצבעונית בייבי 2.5 קג</ItemName>
      <ManufactureName>יוניליוור ישראל שיווק בעמ</ManufactureName>
      <ManufactureCountry />
      <ManufactureItemDescription />
      <UnitQty>יח`</UnitQty>
      <Quantity>1</Quantity>
      <UnitMeasure />
      <BisWeighted>0</BisWeighted>
      <QtyInPackage>1</QtyInPackage>
      <ItemPrice>29.90</ItemPrice>
      <UnitOfMeasurePrice>29.90</UnitOfMeasurePrice>
      <AllowDiscount>0</AllowDiscount>
      <itemStatus>1</itemStatus>
      <LastUpdateDate />
      <LastUpdateTime />
    </Product>
    <Product>
      <PriceUpdateDate>2019/12/15 15:00</PriceUpdateDate>
      <ItemCode>7290112494962</ItemCode>
      <ItemType>1</ItemType>
      <ItemName>רוטב לימון עם שמן זית ועשבי תיבול 330 גר</ItemName>
      <ManufactureName>יוניליוור ישראל שיווק בעמ</ManufactureName>
      <ManufactureCountry />
      <ManufactureItemDescription />
      <UnitQty>יח`</UnitQty>
      <Quantity>3.30</Quantity>
      <UnitMeasure>100 מ"ל</UnitMeasure>
      <BisWeighted>0</BisWeighted>
      <QtyInPackage>1</QtyInPackage>
      <ItemPrice>12.90</ItemPrice>
      <UnitOfMeasurePrice>3.91</UnitOfMeasurePrice>
      <AllowDiscount>1</AllowDiscount>
      <itemStatus>1</itemStatus>
      <LastUpdateDate />
      <LastUpdateTime />
    </Product>
    <Product>
      <PriceUpdateDate>2019/11/12 10:23</PriceUpdateDate>
      <ItemCode>7290112494993</ItemCode>
      <ItemType>1</ItemType>
      <ItemName>כריות וניל 686 גר` תלמה</ItemName>
      <ManufactureName>יוניליוור ישראל שיווק בעמ</ManufactureName>
      <ManufactureCountry />
      <ManufactureItemDescription />
      <UnitQty>יח`</UnitQty>
      <Quantity>6.86</Quantity>
      <UnitMeasure>100 גרם</UnitMeasure>
      <BisWeighted>0</BisWeighted>
      <QtyInPackage>1</QtyInPackage>
      <ItemPrice>29.90</ItemPrice>
      <UnitOfMeasurePrice>4.36</UnitOfMeasurePrice>
      <AllowDiscount>1</AllowDiscount>
      <itemStatus>1</itemStatus>
      <LastUpdateDate />
      <LastUpdateTime />
    </Product>
    <Product>
      <PriceUpdateDate>2019/11/12 10:23</PriceUpdateDate>
      <ItemCode>7290112495006</ItemCode>
      <ItemType>1</ItemType>
      <ItemName>כריות נוגט 686 גר` תלמה</ItemName>
      <ManufactureName>יוניליוור ישראל שיווק בעמ</ManufactureName>
      <ManufactureCountry />
      <ManufactureItemDescription />
      <UnitQty>יח`</UnitQty>
      <Quantity>6.86</Quantity>
      <UnitMeasure>100 גרם</UnitMeasure>
      <BisWeighted>0</BisWeighted>
      <QtyInPackage>1</QtyInPackage>
      <ItemPrice>24.90</ItemPrice>
      <UnitOfMeasurePrice>3.63</UnitOfMeasurePrice>
      <AllowDiscount>1</AllowDiscount>
      <itemStatus>1</itemStatus>
      <LastUpdateDate />
      <LastUpdateTime />
    </Product>
    <Product>
      <PriceUpdateDate>2019/11/05 08:08</PriceUpdateDate>
      <ItemCode>7290112495020</ItemCode>
      <ItemType>1</ItemType>
      <ItemName>כריות צ`וקולדה תלמה (686 גר` )</ItemName>
      <ManufactureName>יוניליוור ישראל שיווק בעמ</ManufactureName>
      <ManufactureCountry />
      <ManufactureItemDescription />
      <UnitQty>יח`</UnitQty>
      <Quantity>6.86</Quantity>
      <UnitMeasure>100 גרם</UnitMeasure>
      <BisWeighted>0</BisWeighted>
      <QtyInPackage>1</QtyInPackage>
      <ItemPrice>29.90</ItemPrice>
      <UnitOfMeasurePrice>4.36</UnitOfMeasurePrice>
      <AllowDiscount>1</AllowDiscount>
      <itemStatus>1</itemStatus>
      <LastUpdateDate />
      <LastUpdateTime />
    </Product>
    <Product>
      <PriceUpdateDate>2019/11/12 10:23</PriceUpdateDate>
      <ItemCode>7290112495037</ItemCode>
      <ItemType>1</ItemType>
      <ItemName>קוקומן כדורים 375 גר` תלמה</ItemName>
      <ManufactureName>יוניליוור ישראל שיווק בעמ</ManufactureName>
      <ManufactureCountry />
      <ManufactureItemDescription />
      <UnitQty>יח`</UnitQty>
      <Quantity>3.75</Quantity>
      <UnitMeasure>100 גרם</UnitMeasure>
      <BisWeighted>0</BisWeighted>
      <QtyInPackage>1</QtyInPackage>
      <ItemPrice>21.90</ItemPrice>
      <UnitOfMeasurePrice>5.84</UnitOfMeasurePrice>
      <AllowDiscount>1</AllowDiscount>
      <itemStatus>1</itemStatus>
      <LastUpdateDate />
      <LastUpdateTime />
    </Product>
    <Product>
      <PriceUpdateDate>2019/11/04 08:05</PriceUpdateDate>
      <ItemCode>7290112495099</ItemCode>
      <ItemType>1</ItemType>
      <ItemName>דגני בוקר בטעם טופי קרמל 375 גר` פרוזן</ItemName>
      <ManufactureName>יוניליוור ישראל שיווק בעמ</ManufactureName>
      <ManufactureCountry />
      <ManufactureItemDescription />
      <UnitQty>יח`</UnitQty>
      <Quantity>3.75</Quantity>
      <UnitMeasure>100 גרם</UnitMeasure>
      <BisWeighted>0</BisWeighted>
      <QtyInPackage>1</QtyInPackage>
      <ItemPrice>21.90</ItemPrice>
      <UnitOfMeasurePrice>5.84</UnitOfMeasurePrice>
      <AllowDiscount>1</AllowDiscount>
      <itemStatus>1</itemStatus>
      <LastUpdateDate />
      <LastUpdateTime />
    </Product>
    <Product>
      <PriceUpdateDate>2019/11/05 08:08</PriceUpdateDate>
      <ItemCode>7290112495105</ItemCode>
      <ItemType>1</ItemType>
      <ItemName>נישנושים תפוא שמנת בצל 260 גר`</ItemName>
      <ManufactureName>יוניליוור ישראל שיווק בעמ</ManufactureName>
      <ManufactureCountry />
      <ManufactureItemDescription />
      <UnitQty>יח`</UnitQty>
      <Quantity>2.60</Quantity>
      <UnitMeasure>100 גרם</UnitMeasure>
      <BisWeighted>0</BisWeighted>
      <QtyInPackage>1</QtyInPackage>
      <ItemPrice>12.90</ItemPrice>
      <UnitOfMeasurePrice>4.96</UnitOfMeasurePrice>
      <AllowDiscount>1</AllowDiscount>
      <itemStatus>1</itemStatus>
      <LastUpdateDate />
      <LastUpdateTime />
    </Product>
    <Product>
      <PriceUpdateDate>2019/11/05 08:08</PriceUpdateDate>
      <ItemCode>7290112495112</ItemCode>
      <ItemType>1</ItemType>
      <ItemName>נישנושים זעתר 260 גר`</ItemName>
      <ManufactureName>יוניליוור ישראל שיווק בעמ</ManufactureName>
      <ManufactureCountry />
      <ManufactureItemDescription />
      <UnitQty>יח`</UnitQty>
      <Quantity>2.60</Quantity>
      <UnitMeasure>100 גרם</UnitMeasure>
      <BisWeighted>0</BisWeighted>
      <QtyInPackage>1</QtyInPackage>
      <ItemPrice>12.90</ItemPrice>
      <UnitOfMeasurePrice>4.96</UnitOfMeasurePrice>
      <AllowDiscount>1</AllowDiscount>
      <itemStatus>1</itemStatus>
      <LastUpdateDate />
      <LastUpdateTime />
    </Product>
    <Product>
      <PriceUpdateDate>2019/11/13 12:09</PriceUpdateDate>
      <ItemCode>7290112495150</ItemCode>
      <ItemType>1</ItemType>
      <ItemName>נשנושי קרקר עיגולים מלוחים 300 גר`</ItemName>
      <ManufactureName>יוניליוור ישראל שיווק בעמ</ManufactureName>
      <ManufactureCountry />
      <ManufactureItemDescription />
      <UnitQty>יח`</UnitQty>
      <Quantity>3</Quantity>
      <UnitMeasure>100 גרם</UnitMeasure>
      <BisWeighted>0</BisWeighted>
      <QtyInPackage>1</QtyInPackage>
      <ItemPrice>12.90</ItemPrice>
      <UnitOfMeasurePrice>4.30</UnitOfMeasurePrice>
      <AllowDiscount>1</AllowDiscount>
      <itemStatus>1</itemStatus>
      <LastUpdateDate />
      <LastUpdateTime />
    </Product>
    <Product>
      <PriceUpdateDate>2019/12/30 08:20</PriceUpdateDate>
      <ItemCode>7290112495228</ItemCode>
      <ItemType>1</ItemType>
      <ItemName>קורנפלקס דבש 448 גר` תלמה</ItemName>
      <ManufactureName>יוניליוור ישראל שיווק בעמ</ManufactureName>
      <ManufactureCountry />
      <ManufactureItemDescription />
      <UnitQty>יח`</UnitQty>
      <Quantity>4.84</Quantity>
      <UnitMeasure>100 גרם</UnitMeasure>
      <BisWeighted>0</BisWeighted>
      <QtyInPackage>1</QtyInPackage>
      <ItemPrice>16.90</ItemPrice>
      <UnitOfMeasurePrice>3.49</UnitOfMeasurePrice>
      <AllowDiscount>1</AllowDiscount>
      <itemStatus>1</itemStatus>
      <LastUpdateDate />
      <LastUpdateTime />
    </Product>
    <Product>
      <PriceUpdateDate>2019/11/12 10:23</PriceUpdateDate>
      <ItemCode>7290112495235</ItemCode>
      <ItemType>1</ItemType>
      <ItemName>קורנפלקס וניל 415  גר`תלמה</ItemName>
      <ManufactureName>יוניליוור ישראל שיווק בעמ</ManufactureName>
      <ManufactureCountry />
      <ManufactureItemDescription />
      <UnitQty>יח`</UnitQty>
      <Quantity>4.15</Quantity>
      <UnitMeasure>100 גרם</UnitMeasure>
      <BisWeighted>0</BisWeighted>
      <QtyInPackage>1</QtyInPackage>
      <ItemPrice>19.90</ItemPrice>
      <UnitOfMeasurePrice>4.80</UnitOfMeasurePrice>
      <AllowDiscount>1</AllowDiscount>
      <itemStatus>1</itemStatus>
      <LastUpdateDate />
      <LastUpdateTime />
    </Product>
    <Product>
      <PriceUpdateDate>2020/01/06 11:00</PriceUpdateDate>
      <ItemCode>7290112495242</ItemCode>
      <ItemType>1</ItemType>
      <ItemName>קורנפלקס מייפל 448  גר`תלמה</ItemName>
      <ManufactureName>יוניליוור ישראל שיווק בעמ</ManufactureName>
      <ManufactureCountry />
      <ManufactureItemDescription />
      <UnitQty>יח`</UnitQty>
      <Quantity>4.48</Quantity>
      <UnitMeasure>100 גרם</UnitMeasure>
      <BisWeighted>0</BisWeighted>
      <QtyInPackage>1</QtyInPackage>
      <ItemPrice>16.90</ItemPrice>
      <UnitOfMeasurePrice>3.77</UnitOfMeasurePrice>
      <AllowDiscount>1</AllowDiscount>
      <itemStatus>1</itemStatus>
      <LastUpdateDate />
      <LastUpdateTime />
    </Product>
    <Product>
      <PriceUpdateDate>2020/02/14 07:53</PriceUpdateDate>
      <ItemCode>7290112495280</ItemCode>
      <ItemType>1</ItemType>
      <ItemName>ברנפלקס ריבועי קינמון תלמה (400 גרם)</ItemName>
      <ManufactureName>יוניליוור ישראל שיווק בעמ</ManufactureName>
      <ManufactureCountry />
      <ManufactureItemDescription />
      <UnitQty>יח`</UnitQty>
      <Quantity>4</Quantity>
      <UnitMeasure>100 גרם</UnitMeasure>
      <BisWeighted>0</BisWeighted>
      <QtyInPackage>1</QtyInPackage>
      <ItemPrice>22.90</ItemPrice>
      <UnitOfMeasurePrice>5.73</UnitOfMeasurePrice>
      <AllowDiscount>1</AllowDiscount>
      <itemStatus>1</itemStatus>
      <LastUpdateDate />
      <LastUpdateTime />
    </Product>
    <Product>
      <PriceUpdateDate>2020/01/06 11:00</PriceUpdateDate>
      <ItemCode>7290112495396</ItemCode>
      <ItemType>1</ItemType>
      <ItemName>בייגלה שבלולים עם מלח 270 גר` בייגל בייג</ItemName>
      <ManufactureName>יוניליוור ישראל שיווק בעמ</ManufactureName>
      <ManufactureCountry />
      <ManufactureItemDescription />
      <UnitQty>יח`</UnitQty>
      <Quantity>2.70</Quantity>
      <UnitMeasure>100 גרם</UnitMeasure>
      <BisWeighted>0</BisWeighted>
      <QtyInPackage>1</QtyInPackage>
      <ItemPrice>10.90</ItemPrice>
      <UnitOfMeasurePrice>4.04</UnitOfMeasurePrice>
      <AllowDiscount>1</AllowDiscount>
      <itemStatus>1</itemStatus>
      <LastUpdateDate />
      <LastUpdateTime />
    </Product>
    <Product>
      <PriceUpdateDate>2019/08/27 09:04</PriceUpdateDate>
      <ItemCode>7290112495433</ItemCode>
      <ItemType>1</ItemType>
      <ItemName>דליפקאן תוספת אגוזי פקאן ושקדים תלמה (40</ItemName>
      <ManufactureName>יוניליוור ישראל שיווק בעמ</ManufactureName>
      <ManufactureCountry />
      <ManufactureItemDescription />
      <UnitQty>יח`</UnitQty>
      <Quantity>4</Quantity>
      <UnitMeasure>100 גרם</UnitMeasure>
      <BisWeighted>0</BisWeighted>
      <QtyInPackage>1</QtyInPackage>
      <ItemPrice>22.90</ItemPrice>
      <UnitOfMeasurePrice>5.73</UnitOfMeasurePrice>
      <AllowDiscount>1</AllowDiscount>
      <itemStatus>1</itemStatus>
      <LastUpdateDate />
      <LastUpdateTime />
    </Product>
    <Product>
      <PriceUpdateDate>2020/02/14 07:53</PriceUpdateDate>
      <ItemCode>7290112495488</ItemCode>
      <ItemType>1</ItemType>
      <ItemName>קורנפלקס ללא גלוטן תלמה 500 גרם</ItemName>
      <ManufactureName>יוניליוור ישראל שיווק בעמ</ManufactureName>
      <ManufactureCountry />
      <ManufactureItemDescription />
      <UnitQty>יח`</UnitQty>
      <Quantity>5</Quantity>
      <UnitMeasure>100 גרם</UnitMeasure>
      <BisWeighted>0</BisWeighted>
      <QtyInPackage>1</QtyInPackage>
      <ItemPrice>15.90</ItemPrice>
      <UnitOfMeasurePrice>3.18</UnitOfMeasurePrice>
      <AllowDiscount>0</AllowDiscount>
      <itemStatus>1</itemStatus>
      <LastUpdateDate />
      <LastUpdateTime />
    </Product>
    <Product>
      <PriceUpdateDate>2020/03/22 15:11</PriceUpdateDate>
      <ItemCode>7290112495501</ItemCode>
      <ItemType>1</ItemType>
      <ItemName>שוגי ללא גלוטן 375 גר`</ItemName>
      <ManufactureName>יוניליוור ישראל שיווק בעמ</ManufactureName>
      <ManufactureCountry />
      <ManufactureItemDescription />
      <UnitQty>יח`</UnitQty>
      <Quantity>3.75</Quantity>
      <UnitMeasure>100 גרם</UnitMeasure>
      <BisWeighted>0</BisWeighted>
      <QtyInPackage>1</QtyInPackage>
      <ItemPrice>24.90</ItemPrice>
      <UnitOfMeasurePrice>6.64</UnitOfMeasurePrice>
      <AllowDiscount>0</AllowDiscount>
      <itemStatus>1</itemStatus>
      <LastUpdateDate />
      <LastUpdateTime />
    </Product>
    <Product>
      <PriceUpdateDate>2020/01/06 11:00</PriceUpdateDate>
      <ItemCode>7290112495594</ItemCode>
      <ItemType>1</ItemType>
      <ItemName>שמינחןת גדולות ללא מלח 400 גר בייגל בייג</ItemName>
      <ManufactureName>יוניליוור ישראל שיווק בעמ</ManufactureName>
      <ManufactureCountry />
      <ManufactureItemDescription />
      <UnitQty>יח`</UnitQty>
      <Quantity>4</Quantity>
      <UnitMeasure>100 גרם</UnitMeasure>
      <BisWeighted>0</BisWeighted>
      <QtyInPackage>1</QtyInPackage>
      <ItemPrice>12.90</ItemPrice>
      <UnitOfMeasurePrice>3.23</UnitOfMeasurePrice>
      <AllowDiscount>0</AllowDiscount>
      <itemStatus>1</itemStatus>
      <LastUpdateDate />
      <LastUpdateTime />
    </Product>
    <Product>
      <PriceUpdateDate>2020/02/14 07:53</PriceUpdateDate>
      <ItemCode>7290112495662</ItemCode>
      <ItemType>1</ItemType>
      <ItemName>קרקר חיטה מלאה עם פשתן 300 גרם</ItemName>
      <ManufactureName>יוניליוור ישראל שיווק בעמ</ManufactureName>
      <ManufactureCountry />
      <ManufactureItemDescription />
      <UnitQty>יח`</UnitQty>
      <Quantity>3</Quantity>
      <UnitMeasure>100 גרם</UnitMeasure>
      <BisWeighted>0</BisWeighted>
      <QtyInPackage>1</QtyInPackage>
      <ItemPrice>8.90</ItemPrice>
      <UnitOfMeasurePrice>2.97</UnitOfMeasurePrice>
      <AllowDiscount>0</AllowDiscount>
      <itemStatus>1</itemStatus>
      <LastUpdateDate />
      <LastUpdateTime />
    </Product>
    <Product>
      <PriceUpdateDate>2020/01/06 11:00</PriceUpdateDate>
      <ItemCode>7290112495747</ItemCode>
      <ItemType>1</ItemType>
      <ItemName>רוטב צ`ילי מתוק 340 מל ( 70% מופחת סוכר)</ItemName>
      <ManufactureName>יוניליוור ישראל שיווק בעמ</ManufactureName>
      <ManufactureCountry />
      <ManufactureItemDescription />
      <UnitQty>יח`</UnitQty>
      <Quantity>3.40</Quantity>
      <UnitMeasure>100 מ"ל</UnitMeasure>
      <BisWeighted>0</BisWeighted>
      <QtyInPackage>1</QtyInPackage>
      <ItemPrice>12.90</ItemPrice>
      <UnitOfMeasurePrice>3.79</UnitOfMeasurePrice>
      <AllowDiscount>1</AllowDiscount>
      <itemStatus>1</itemStatus>
      <LastUpdateDate />
      <LastUpdateTime />
    </Product>
    <Product>
      <PriceUpdateDate>2020/01/06 11:00</PriceUpdateDate>
      <ItemCode>7290112495754</ItemCode>
      <ItemType>1</ItemType>
      <ItemName>רוטב לסלט אלף האיים הלמנס (305 מל)</ItemName>
      <ManufactureName>יוניליוור ישראל שיווק בעמ</ManufactureName>
      <ManufactureCountry />
      <ManufactureItemDescription />
      <UnitQty>יח`</UnitQty>
      <Quantity>3.05</Quantity>
      <UnitMeasure>100 מ"ל</UnitMeasure>
      <BisWeighted>0</BisWeighted>
      <QtyInPackage>1</QtyInPackage>
      <ItemPrice>12.90</ItemPrice>
      <UnitOfMeasurePrice>4.23</UnitOfMeasurePrice>
      <AllowDiscount>1</AllowDiscount>
      <itemStatus>1</itemStatus>
      <LastUpdateDate />
      <LastUpdateTime />
    </Product>
    <Product>
      <PriceUpdateDate>2020/01/06 11:00</PriceUpdateDate>
      <ItemCode>7290112495761</ItemCode>
      <ItemType>1</ItemType>
      <ItemName>רוטב לסלט אלף האיים לייט הלמנס (305 מל)</ItemName>
      <ManufactureName>יוניליוור ישראל שיווק בעמ</ManufactureName>
      <ManufactureCountry />
      <ManufactureItemDescription />
      <UnitQty>יח`</UnitQty>
      <Quantity>3.05</Quantity>
      <UnitMeasure>100 מ"ל</UnitMeasure>
      <BisWeighted>0</BisWeighted>
      <QtyInPackage>1</QtyInPackage>
      <ItemPrice>12.90</ItemPrice>
      <UnitOfMeasurePrice>4.23</UnitOfMeasurePrice>
      <AllowDiscount>1</AllowDiscount>
      <itemStatus>1</itemStatus>
      <LastUpdateDate />
      <LastUpdateTime />
    </Product>
    <Product>
      <PriceUpdateDate>2020/01/06 11:00</PriceUpdateDate>
      <ItemCode>7290112495785</ItemCode>
      <ItemType>1</ItemType>
      <ItemName>רוטב לסלט שום (300 גרם) הלמנס</ItemName>
      <ManufactureName>יוניליוור ישראל שיווק בעמ</ManufactureName>
      <ManufactureCountry />
      <ManufactureItemDescription />
      <UnitQty>יח`</UnitQty>
      <Quantity>3</Quantity>
      <UnitMeasure>100 גרם</UnitMeasure>
      <BisWeighted>0</BisWeighted>
      <QtyInPackage>1</QtyInPackage>
      <ItemPrice>12.90</ItemPrice>
      <UnitOfMeasurePrice>4.30</UnitOfMeasurePrice>
      <AllowDiscount>1</AllowDiscount>
      <itemStatus>1</itemStatus>
      <LastUpdateDate />
      <LastUpdateTime />
    </Product>
    <Product>
      <PriceUpdateDate>2020/01/06 11:00</PriceUpdateDate>
      <ItemCode>7290112495792</ItemCode>
      <ItemType>1</ItemType>
      <ItemName>רוטב שום לייט 300 גר הלמנס</ItemName>
      <ManufactureName>יוניליוור ישראל שיווק בעמ</ManufactureName>
      <ManufactureCountry />
      <ManufactureItemDescription />
      <UnitQty>יח`</UnitQty>
      <Quantity>3</Quantity>
      <UnitMeasure>100 גרם</UnitMeasure>
      <BisWeighted>0</BisWeighted>
      <QtyInPackage>1</QtyInPackage>
      <ItemPrice>12.90</ItemPrice>
      <UnitOfMeasurePrice>4.30</UnitOfMeasurePrice>
      <AllowDiscount>1</AllowDiscount>
      <itemStatus>1</itemStatus>
      <LastUpdateDate />
      <LastUpdateTime />
    </Product>
    <Product>
      <PriceUpdateDate>2020/01/06 11:00</PriceUpdateDate>
      <ItemCode>7290112495808</ItemCode>
      <ItemType>1</ItemType>
      <ItemName>רוטב לסלט חרדל ודבש הלמנס (305 מל)</ItemName>
      <ManufactureName>יוניליוור ישראל שיווק בעמ</ManufactureName>
      <ManufactureCountry />
      <ManufactureItemDescription />
      <UnitQty>יח`</UnitQty>
      <Quantity>3.05</Quantity>
      <UnitMeasure>100 מ"ל</UnitMeasure>
      <BisWeighted>0</BisWeighted>
      <QtyInPackage>1</QtyInPackage>
      <ItemPrice>12.90</ItemPrice>
      <UnitOfMeasurePrice>4.23</UnitOfMeasurePrice>
      <AllowDiscount>0</AllowDiscount>
      <itemStatus>1</itemStatus>
      <LastUpdateDate />
      <LastUpdateTime />
    </Product>
    <Product>
      <PriceUpdateDate>2020/03/29 13:15</PriceUpdateDate>
      <ItemCode>7290112495815</ItemCode>
      <ItemType>1</ItemType>
      <ItemName>רוטב לסלט חרדל ודבש לייט (305  גרם)הלמנס</ItemName>
      <ManufactureName>יוניליוור ישראל שיווק בעמ</ManufactureName>
      <ManufactureCountry />
      <ManufactureItemDescription />
      <UnitQty>יח`</UnitQty>
      <Quantity>3.05</Quantity>
      <UnitMeasure>100 גרם</UnitMeasure>
      <BisWeighted>0</BisWeighted>
      <QtyInPackage>1</QtyInPackage>
      <ItemPrice>12.90</ItemPrice>
      <UnitOfMeasurePrice>4.23</UnitOfMeasurePrice>
      <AllowDiscount>0</AllowDiscount>
      <itemStatus>1</itemStatus>
      <LastUpdateDate />
      <LastUpdateTime />
    </Product>
    <Product>
      <PriceUpdateDate>2020/03/16 12:10</PriceUpdateDate>
      <ItemCode>7290112495921</ItemCode>
      <ItemType>1</ItemType>
      <ItemName>מרק דגש טעם עוף קנור (1 קג) כשר לפסח</ItemName>
      <ManufactureName>יוניליוור ישראל שיווק בעמ</ManufactureName>
      <ManufactureCountry />
      <ManufactureItemDescription />
      <UnitQty>יח`</UnitQty>
      <Quantity>10</Quantity>
      <UnitMeasure>100 גרם</UnitMeasure>
      <BisWeighted>0</BisWeighted>
      <QtyInPackage>1</QtyInPackage>
      <ItemPrice>17.90</ItemPrice>
      <UnitOfMeasurePrice>1.79</UnitOfMeasurePrice>
      <AllowDiscount>0</AllowDiscount>
      <itemStatus>1</itemStatus>
      <LastUpdateDate />
      <LastUpdateTime />
    </Product>
    <Product>
      <PriceUpdateDate>2020/04/22 16:10</PriceUpdateDate>
      <ItemCode>7290112496218</ItemCode>
      <ItemType>1</ItemType>
      <ItemName>טריאקי הפחתה של 50% סוכר ונתרן</ItemName>
      <ManufactureName>יוניליוור ישראל שיווק בעמ</ManufactureName>
      <ManufactureCountry />
      <ManufactureItemDescription />
      <UnitQty>יח`</UnitQty>
      <Quantity>3.40</Quantity>
      <UnitMeasure>100 מ"ל</UnitMeasure>
      <BisWeighted>0</BisWeighted>
      <QtyInPackage>1</QtyInPackage>
      <ItemPrice>12.90</ItemPrice>
      <UnitOfMeasurePrice>3.79</UnitOfMeasurePrice>
      <AllowDiscount>0</AllowDiscount>
      <itemStatus>1</itemStatus>
      <LastUpdateDate />
      <LastUpdateTime />
    </Product>
    <Product>
      <PriceUpdateDate>2020/01/09 07:57</PriceUpdateDate>
      <ItemCode>7290112499691</ItemCode>
      <ItemType>1</ItemType>
      <ItemName>מאגדת-מיני מגנום לבן שקדים מובחרים</ItemName>
      <ManufactureName>גלידות שטראוס בעמ</ManufactureName>
      <ManufactureCountry />
      <ManufactureItemDescription />
      <UnitQty>יח`</UnitQty>
      <Quantity>2.50</Quantity>
      <UnitMeasure>100 גרם</UnitMeasure>
      <BisWeighted>0</BisWeighted>
      <QtyInPackage>1</QtyInPackage>
      <ItemPrice>32.90</ItemPrice>
      <UnitOfMeasurePrice>13.16</UnitOfMeasurePrice>
      <AllowDiscount>1</AllowDiscount>
      <itemStatus>1</itemStatus>
      <LastUpdateDate />
      <LastUpdateTime />
    </Product>
    <Product>
      <PriceUpdateDate>2020/04/03 10:05</PriceUpdateDate>
      <ItemCode>7290112499769</ItemCode>
      <ItemType>1</ItemType>
      <ItemName>קרמיסימו גלידונית 60 יח` בטעם קפה מצופה</ItemName>
      <ManufactureName>גלידות שטראוס בעמ</ManufactureName>
      <ManufactureCountry />
      <ManufactureItemDescription />
      <UnitQty>יח`</UnitQty>
      <Quantity>6.30</Quantity>
      <UnitMeasure>100 גרם</UnitMeasure>
      <BisWeighted>0</BisWeighted>
      <QtyInPackage>1</QtyInPackage>
      <ItemPrice>47.90</ItemPrice>
      <UnitOfMeasurePrice>7.60</UnitOfMeasurePrice>
      <AllowDiscount>1</AllowDiscount>
      <itemStatus>1</itemStatus>
      <LastUpdateDate />
      <LastUpdateTime />
    </Product>
    <Product>
      <PriceUpdateDate>2020/04/03 10:05</PriceUpdateDate>
      <ItemCode>7290112499776</ItemCode>
      <ItemType>1</ItemType>
      <ItemName>מאגדת לייט וניל עוגיות  עד( 99  קלוריות)</ItemName>
      <ManufactureName>גלידות שטראוס בעמ</ManufactureName>
      <ManufactureCountry />
      <ManufactureItemDescription />
      <UnitQty>יח`</UnitQty>
      <Quantity>3.42</Quantity>
      <UnitMeasure>100 גרם</UnitMeasure>
      <BisWeighted>0</BisWeighted>
      <QtyInPackage>1</QtyInPackage>
      <ItemPrice>30.90</ItemPrice>
      <UnitOfMeasurePrice>9.04</UnitOfMeasurePrice>
      <AllowDiscount>0</AllowDiscount>
      <itemStatus>1</itemStatus>
      <LastUpdateDate />
      <LastUpdateTime />
    </Product>
    <Product>
      <PriceUpdateDate>2020/01/09 07:57</PriceUpdateDate>
      <ItemCode>7290112499844</ItemCode>
      <ItemType>1</ItemType>
      <ItemName>מאגדת-מיני מגנום דואט שוקולד עם נוגט</ItemName>
      <ManufactureName>גלידות שטראוס בעמ</ManufactureName>
      <ManufactureCountry />
      <ManufactureItemDescription />
      <UnitQty>יח`</UnitQty>
      <Quantity>1</Quantity>
      <UnitMeasure />
      <BisWeighted>0</BisWeighted>
      <QtyInPackage>1</QtyInPackage>
      <ItemPrice>27.90</ItemPrice>
      <UnitOfMeasurePrice>27.90</UnitOfMeasurePrice>
      <AllowDiscount>1</AllowDiscount>
      <itemStatus>1</itemStatus>
      <LastUpdateDate />
      <LastUpdateTime />
    </Product>
    <Product>
      <PriceUpdateDate>2020/01/09 07:57</PriceUpdateDate>
      <ItemCode>7290112499943</ItemCode>
      <ItemType>1</ItemType>
      <ItemName>מאגדת-מיני מגנום קלאסיק שוקולד</ItemName>
      <ManufactureName>גלידות שטראוס בעמ</ManufactureName>
      <ManufactureCountry />
      <ManufactureItemDescription />
      <UnitQty>יח`</UnitQty>
      <Quantity>1</Quantity>
      <UnitMeasure />
      <BisWeighted>0</BisWeighted>
      <QtyInPackage>1</QtyInPackage>
      <ItemPrice>32.90</ItemPrice>
      <UnitOfMeasurePrice>32.90</UnitOfMeasurePrice>
      <AllowDiscount>1</AllowDiscount>
      <itemStatus>1</itemStatus>
      <LastUpdateDate />
      <LastUpdateTime />
    </Product>
    <Product>
      <PriceUpdateDate>2018/12/19 10:44</PriceUpdateDate>
      <ItemCode>7290112961143</ItemCode>
      <ItemType>1</ItemType>
      <ItemName>נתחי בקר צמוחניים 470 גר` טבעול</ItemName>
      <ManufactureName>קבוצת אסם סחר שות. מוגבלת</ManufactureName>
      <ManufactureCountry />
      <ManufactureItemDescription />
      <UnitQty>יח`</UnitQty>
      <Quantity>4.70</Quantity>
      <UnitMeasure>100 גרם</UnitMeasure>
      <BisWeighted>0</BisWeighted>
      <QtyInPackage>1</QtyInPackage>
      <ItemPrice>32.90</ItemPrice>
      <UnitOfMeasurePrice>7</UnitOfMeasurePrice>
      <AllowDiscount>1</AllowDiscount>
      <itemStatus>1</itemStatus>
      <LastUpdateDate />
      <LastUpdateTime />
    </Product>
    <Product>
      <PriceUpdateDate>2019/04/11 10:00</PriceUpdateDate>
      <ItemCode>7290112961266</ItemCode>
      <ItemType>1</ItemType>
      <ItemName>בייגלה כפיות פיזור איטלקי 300 גר` אסם</ItemName>
      <ManufactureName>קבוצת אסם סחר שות. מוגבלת</ManufactureName>
      <ManufactureCountry />
      <ManufactureItemDescription />
      <UnitQty>יח`</UnitQty>
      <Quantity>3</Quantity>
      <UnitMeasure>100 גרם</UnitMeasure>
      <BisWeighted>0</BisWeighted>
      <QtyInPackage>1</QtyInPackage>
      <ItemPrice>9.90</ItemPrice>
      <UnitOfMeasurePrice>3.30</UnitOfMeasurePrice>
      <AllowDiscount>0</AllowDiscount>
      <itemStatus>1</itemStatus>
      <LastUpdateDate />
      <LastUpdateTime />
    </Product>
    <Product>
      <PriceUpdateDate>2018/12/19 10:44</PriceUpdateDate>
      <ItemCode>7290112961372</ItemCode>
      <ItemType>1</ItemType>
      <ItemName>חטיפי פריכיות דקות קינמון 60  גר`פיטנס</ItemName>
      <ManufactureName>קבוצת אסם סחר שות. מוגבלת</ManufactureName>
      <ManufactureCountry />
      <ManufactureItemDescription />
      <UnitQty>יח`</UnitQty>
      <Quantity>0.60</Quantity>
      <UnitMeasure>100 גרם</UnitMeasure>
      <BisWeighted>0</BisWeighted>
      <QtyInPackage>1</QtyInPackage>
      <ItemPrice>8.90</ItemPrice>
      <UnitOfMeasurePrice>14.83</UnitOfMeasurePrice>
      <AllowDiscount>0</AllowDiscount>
      <itemStatus>1</itemStatus>
      <LastUpdateDate />
      <LastUpdateTime />
    </Product>
    <Product>
      <PriceUpdateDate>2018/12/19 10:44</PriceUpdateDate>
      <ItemCode>7290112961464</ItemCode>
      <ItemType>1</ItemType>
      <ItemName>חטיפי פריכיות דקות מתובלות 60  גר`פיטנס</ItemName>
      <ManufactureName>קבוצת אסם סחר שות. מוגבלת</ManufactureName>
      <ManufactureCountry />
      <ManufactureItemDescription />
      <UnitQty>יח`</UnitQty>
      <Quantity>0.60</Quantity>
      <UnitMeasure>100 גרם</UnitMeasure>
      <BisWeighted>0</BisWeighted>
      <QtyInPackage>1</QtyInPackage>
      <ItemPrice>8.90</ItemPrice>
      <UnitOfMeasurePrice>14.83</UnitOfMeasurePrice>
      <AllowDiscount>0</AllowDiscount>
      <itemStatus>1</itemStatus>
      <LastUpdateDate />
      <LastUpdateTime />
    </Product>
    <Product>
      <PriceUpdateDate>2019/01/17 14:10</PriceUpdateDate>
      <ItemCode>7290112961754</ItemCode>
      <ItemType>1</ItemType>
      <ItemName>עוגיות שוקוצ`יפס קרם אגוזים (220 גר`) אס</ItemName>
      <ManufactureName>קבוצת אסם סחר שות. מוגבלת</ManufactureName>
      <ManufactureCountry />
      <ManufactureItemDescription />
      <UnitQty>יח`</UnitQty>
      <Quantity>2.20</Quantity>
      <UnitMeasure>100 גרם</UnitMeasure>
      <BisWeighted>0</BisWeighted>
      <QtyInPackage>1</QtyInPackage>
      <ItemPrice>11.90</ItemPrice>
      <UnitOfMeasurePrice>5.41</UnitOfMeasurePrice>
      <AllowDiscount>0</AllowDiscount>
      <itemStatus>1</itemStatus>
      <LastUpdateDate />
      <LastUpdateTime />
    </Product>
    <Product>
      <PriceUpdateDate>2018/12/19 10:44</PriceUpdateDate>
      <ItemCode>7290112962201</ItemCode>
      <ItemType>1</ItemType>
      <ItemName>חציל בטעם כבד מלך הסלטים 400 גר` צבר</ItemName>
      <ManufactureName>קבוצת אסם סחר שות. מוגבלת</ManufactureName>
      <ManufactureCountry />
      <ManufactureItemDescription />
      <UnitQty>יח`</UnitQty>
      <Quantity>4</Quantity>
      <UnitMeasure>100 גרם</UnitMeasure>
      <BisWeighted>0</BisWeighted>
      <QtyInPackage>1</QtyInPackage>
      <ItemPrice>15.90</ItemPrice>
      <UnitOfMeasurePrice>3.98</UnitOfMeasurePrice>
      <AllowDiscount>1</AllowDiscount>
      <itemStatus>1</itemStatus>
      <LastUpdateDate />
      <LastUpdateTime />
    </Product>
    <Product>
      <PriceUpdateDate>2019/07/08 20:41</PriceUpdateDate>
      <ItemCode>7290112962249</ItemCode>
      <ItemType>1</ItemType>
      <ItemName>לביבות בטטה 500 גר` טבעול</ItemName>
      <ManufactureName>קבוצת אסם סחר שות. מוגבלת</ManufactureName>
      <ManufactureCountry />
      <ManufactureItemDescription />
      <UnitQty>יח`</UnitQty>
      <Quantity>5</Quantity>
      <UnitMeasure>100 גרם</UnitMeasure>
      <BisWeighted>0</BisWeighted>
      <QtyInPackage>1</QtyInPackage>
      <ItemPrice>32.90</ItemPrice>
      <UnitOfMeasurePrice>6.58</UnitOfMeasurePrice>
      <AllowDiscount>1</AllowDiscount>
      <itemStatus>1</itemStatus>
      <LastUpdateDate />
      <LastUpdateTime />
    </Product>
    <Product>
      <PriceUpdateDate>2020/01/26 10:00</PriceUpdateDate>
      <ItemCode>7290112962287</ItemCode>
      <ItemType>1</ItemType>
      <ItemName>שווארמה טבעונית 450 גר` טבעול</ItemName>
      <ManufactureName>קבוצת אסם סחר שות. מוגבלת</ManufactureName>
      <ManufactureCountry />
      <ManufactureItemDescription />
      <UnitQty>יח`</UnitQty>
      <Quantity>4.50</Quantity>
      <UnitMeasure>100 גרם</UnitMeasure>
      <BisWeighted>0</BisWeighted>
      <QtyInPackage>1</QtyInPackage>
      <ItemPrice>32.90</ItemPrice>
      <UnitOfMeasurePrice>7.31</UnitOfMeasurePrice>
      <AllowDiscount>1</AllowDiscount>
      <itemStatus>1</itemStatus>
      <LastUpdateDate />
      <LastUpdateTime />
    </Product>
    <Product>
      <PriceUpdateDate>2019/05/19 17:11</PriceUpdateDate>
      <ItemCode>7290112962324</ItemCode>
      <ItemType>1</ItemType>
      <ItemName>שניצל כרובית 99 קלוריות טבעול 500 גר`</ItemName>
      <ManufactureName>קבוצת אסם סחר שות. מוגבלת</ManufactureName>
      <ManufactureCountry />
      <ManufactureItemDescription />
      <UnitQty>יח`</UnitQty>
      <Quantity>5</Quantity>
      <UnitMeasure>100 גרם</UnitMeasure>
      <BisWeighted>0</BisWeighted>
      <QtyInPackage>1</QtyInPackage>
      <ItemPrice>32.90</ItemPrice>
      <UnitOfMeasurePrice>6.58</UnitOfMeasurePrice>
      <AllowDiscount>1</AllowDiscount>
      <itemStatus>1</itemStatus>
      <LastUpdateDate />
      <LastUpdateTime />
    </Product>
    <Product>
      <PriceUpdateDate>2019/02/21 14:42</PriceUpdateDate>
      <ItemCode>7290112962652</ItemCode>
      <ItemType>1</ItemType>
      <ItemName>מרק טעם עוף 800  גר`אסם</ItemName>
      <ManufactureName>קבוצת אסם סחר שות. מוגבלת</ManufactureName>
      <ManufactureCountry />
      <ManufactureItemDescription />
      <UnitQty>יח`</UnitQty>
      <Quantity>8</Quantity>
      <UnitMeasure>100 גרם</UnitMeasure>
      <BisWeighted>0</BisWeighted>
      <QtyInPackage>1</QtyInPackage>
      <ItemPrice>9.90</ItemPrice>
      <UnitOfMeasurePrice>1.24</UnitOfMeasurePrice>
      <AllowDiscount>0</AllowDiscount>
      <itemStatus>1</itemStatus>
      <LastUpdateDate />
      <LastUpdateTime />
    </Product>
    <Product>
      <PriceUpdateDate>2018/12/19 10:44</PriceUpdateDate>
      <ItemCode>7290112962737</ItemCode>
      <ItemType>1</ItemType>
      <ItemName>טבעול-שניצל מן הצומח עם חלבון 664 גר`</ItemName>
      <ManufactureName>קבוצת אסם סחר שות. מוגבלת</ManufactureName>
      <ManufactureCountry />
      <ManufactureItemDescription />
      <UnitQty>יח`</UnitQty>
      <Quantity>6.64</Quantity>
      <UnitMeasure>100 גרם</UnitMeasure>
      <BisWeighted>0</BisWeighted>
      <QtyInPackage>1</QtyInPackage>
      <ItemPrice>24.90</ItemPrice>
      <UnitOfMeasurePrice>3.75</UnitOfMeasurePrice>
      <AllowDiscount>0</AllowDiscount>
      <itemStatus>1</itemStatus>
      <LastUpdateDate />
      <LastUpdateTime />
    </Product>
    <Product>
      <PriceUpdateDate>2020/01/26 10:00</PriceUpdateDate>
      <ItemCode>7290112963000</ItemCode>
      <ItemType>1</ItemType>
      <ItemName>רוטב צ`לי מתוק מוחפת נתרן וסוכר 290 מל</ItemName>
      <ManufactureName>קבוצת אסם סחר שות. מוגבלת</ManufactureName>
      <ManufactureCountry />
      <ManufactureItemDescription />
      <UnitQty>יח`</UnitQty>
      <Quantity>1</Quantity>
      <UnitMeasure />
      <BisWeighted>0</BisWeighted>
      <QtyInPackage>1</QtyInPackage>
      <ItemPrice>12.90</ItemPrice>
      <UnitOfMeasurePrice>12.90</UnitOfMeasurePrice>
      <AllowDiscount>0</AllowDiscount>
      <itemStatus>1</itemStatus>
      <LastUpdateDate />
      <LastUpdateTime />
    </Product>
    <Product>
      <PriceUpdateDate>2019/06/13 13:07</PriceUpdateDate>
      <ItemCode>7290112963895</ItemCode>
      <ItemType>1</ItemType>
      <ItemName>חטיפי קרקר דק כפרי 150 פיטנס</ItemName>
      <ManufactureName>קבוצת אסם סחר שות. מוגבלת</ManufactureName>
      <ManufactureCountry />
      <ManufactureItemDescription />
      <UnitQty>יח`</UnitQty>
      <Quantity>1.50</Quantity>
      <UnitMeasure>100 גרם</UnitMeasure>
      <BisWeighted>0</BisWeighted>
      <QtyInPackage>1</QtyInPackage>
      <ItemPrice>11.90</ItemPrice>
      <UnitOfMeasurePrice>7.93</UnitOfMeasurePrice>
      <AllowDiscount>1</AllowDiscount>
      <itemStatus>1</itemStatus>
      <LastUpdateDate />
      <LastUpdateTime />
    </Product>
    <Product>
      <PriceUpdateDate>2019/06/13 13:07</PriceUpdateDate>
      <ItemCode>7290112963918</ItemCode>
      <ItemType>1</ItemType>
      <ItemName>חטיפי קרקר דק רוזמרין 140 גר` פיטנס</ItemName>
      <ManufactureName>קבוצת אסם סחר שות. מוגבלת</ManufactureName>
      <ManufactureCountry />
      <ManufactureItemDescription />
      <UnitQty>יח`</UnitQty>
      <Quantity>1.40</Quantity>
      <UnitMeasure>100 גרם</UnitMeasure>
      <BisWeighted>0</BisWeighted>
      <QtyInPackage>1</QtyInPackage>
      <ItemPrice>11.90</ItemPrice>
      <UnitOfMeasurePrice>8.50</UnitOfMeasurePrice>
      <AllowDiscount>1</AllowDiscount>
      <itemStatus>1</itemStatus>
      <LastUpdateDate />
      <LastUpdateTime />
    </Product>
    <Product>
      <PriceUpdateDate>2019/07/08 20:41</PriceUpdateDate>
      <ItemCode>7290112964113</ItemCode>
      <ItemType>1</ItemType>
      <ItemName>חטיפי רולים 200 גר` דוגלי</ItemName>
      <ManufactureName>קבוצת אסם סחר שות. מוגבלת</ManufactureName>
      <ManufactureCountry />
      <ManufactureItemDescription />
      <UnitQty>יח`</UnitQty>
      <Quantity>2</Quantity>
      <UnitMeasure>100 גרם</UnitMeasure>
      <BisWeighted>0</BisWeighted>
      <QtyInPackage>1</QtyInPackage>
      <ItemPrice>17.90</ItemPrice>
      <UnitOfMeasurePrice>8.95</UnitOfMeasurePrice>
      <AllowDiscount>0</AllowDiscount>
      <itemStatus>1</itemStatus>
      <LastUpdateDate />
      <LastUpdateTime />
    </Product>
    <Product>
      <PriceUpdateDate>2019/07/08 20:41</PriceUpdateDate>
      <ItemCode>7290112964144</ItemCode>
      <ItemType>1</ItemType>
      <ItemName>חטיפי לבבות 200 גר` דוגלי</ItemName>
      <ManufactureName>קבוצת אסם סחר שות. מוגבלת</ManufactureName>
      <ManufactureCountry />
      <ManufactureItemDescription />
      <UnitQty>יח`</UnitQty>
      <Quantity>2</Quantity>
      <UnitMeasure>100 גרם</UnitMeasure>
      <BisWeighted>0</BisWeighted>
      <QtyInPackage>1</QtyInPackage>
      <ItemPrice>17.90</ItemPrice>
      <UnitOfMeasurePrice>8.95</UnitOfMeasurePrice>
      <AllowDiscount>0</AllowDiscount>
      <itemStatus>1</itemStatus>
      <LastUpdateDate />
      <LastUpdateTime />
    </Product>
    <Product>
      <PriceUpdateDate>2019/07/08 20:41</PriceUpdateDate>
      <ItemCode>7290112964212</ItemCode>
      <ItemType>1</ItemType>
      <ItemName>פסטה קונכיות פתיתים 400 גר` אסם</ItemName>
      <ManufactureName>קבוצת אסם סחר שות. מוגבלת</ManufactureName>
      <ManufactureCountry />
      <ManufactureItemDescription />
      <UnitQty>יח`</UnitQty>
      <Quantity>4</Quantity>
      <UnitMeasure>100 גרם</UnitMeasure>
      <BisWeighted>0</BisWeighted>
      <QtyInPackage>1</QtyInPackage>
      <ItemPrice>8.90</ItemPrice>
      <UnitOfMeasurePrice>2.23</UnitOfMeasurePrice>
      <AllowDiscount>1</AllowDiscount>
      <itemStatus>1</itemStatus>
      <LastUpdateDate />
      <LastUpdateTime />
    </Product>
    <Product>
      <PriceUpdateDate>2019/07/08 20:41</PriceUpdateDate>
      <ItemCode>7290112964298</ItemCode>
      <ItemType>1</ItemType>
      <ItemName>פסטה קונכיות פתיתים תרד 400 גר` אסם</ItemName>
      <ManufactureName>קבוצת אסם סחר שות. מוגבלת</ManufactureName>
      <ManufactureCountry />
      <ManufactureItemDescription />
      <UnitQty>יח`</UnitQty>
      <Quantity>4</Quantity>
      <UnitMeasure>100 גרם</UnitMeasure>
      <BisWeighted>0</BisWeighted>
      <QtyInPackage>1</QtyInPackage>
      <ItemPrice>8.90</ItemPrice>
      <UnitOfMeasurePrice>2.23</UnitOfMeasurePrice>
      <AllowDiscount>1</AllowDiscount>
      <itemStatus>1</itemStatus>
      <LastUpdateDate />
      <LastUpdateTime />
    </Product>
    <Product>
      <PriceUpdateDate>2019/06/13 13:07</PriceUpdateDate>
      <ItemCode>7290112964410</ItemCode>
      <ItemType>1</ItemType>
      <ItemName>רוטב אלף האיים לסלט ( 290 גר`) אסם</ItemName>
      <ManufactureName>קבוצת אסם סחר שות. מוגבלת</ManufactureName>
      <ManufactureCountry />
      <ManufactureItemDescription />
      <UnitQty>יח`</UnitQty>
      <Quantity>2.90</Quantity>
      <UnitMeasure>100 מ"ל</UnitMeasure>
      <BisWeighted>0</BisWeighted>
      <QtyInPackage>1</QtyInPackage>
      <ItemPrice>11.90</ItemPrice>
      <UnitOfMeasurePrice>4.10</UnitOfMeasurePrice>
      <AllowDiscount>1</AllowDiscount>
      <itemStatus>1</itemStatus>
      <LastUpdateDate />
      <LastUpdateTime />
    </Product>
    <Product>
      <PriceUpdateDate>2019/06/21 07:03</PriceUpdateDate>
      <ItemCode>7290112964502</ItemCode>
      <ItemType>1</ItemType>
      <ItemName>רוטב אלף האיים לסלט אסם (600 מל)</ItemName>
      <ManufactureName>קבוצת אסם סחר שות. מוגבלת</ManufactureName>
      <ManufactureCountry />
      <ManufactureItemDescription />
      <UnitQty>יח`</UnitQty>
      <Quantity>6</Quantity>
      <UnitMeasure>100 מ"ל</UnitMeasure>
      <BisWeighted>0</BisWeighted>
      <QtyInPackage>1</QtyInPackage>
      <ItemPrice>17.90</ItemPrice>
      <UnitOfMeasurePrice>2.98</UnitOfMeasurePrice>
      <AllowDiscount>0</AllowDiscount>
      <itemStatus>1</itemStatus>
      <LastUpdateDate />
      <LastUpdateTime />
    </Product>
    <Product>
      <PriceUpdateDate>2019/06/13 13:07</PriceUpdateDate>
      <ItemCode>7290112964564</ItemCode>
      <ItemType>1</ItemType>
      <ItemName>רוטב אלף האיים לייט לסלט אסם (295 מל)</ItemName>
      <ManufactureName>קבוצת אסם סחר שות. מוגבלת</ManufactureName>
      <ManufactureCountry />
      <ManufactureItemDescription />
      <UnitQty>יח`</UnitQty>
      <Quantity>2.95</Quantity>
      <UnitMeasure>100 מ"ל</UnitMeasure>
      <BisWeighted>0</BisWeighted>
      <QtyInPackage>1</QtyInPackage>
      <ItemPrice>11.90</ItemPrice>
      <UnitOfMeasurePrice>4.03</UnitOfMeasurePrice>
      <AllowDiscount>1</AllowDiscount>
      <itemStatus>1</itemStatus>
      <LastUpdateDate />
      <LastUpdateTime />
    </Product>
    <Product>
      <PriceUpdateDate>2019/05/19 17:11</PriceUpdateDate>
      <ItemCode>7290112964601</ItemCode>
      <ItemType>1</ItemType>
      <ItemName>רוטב בנוסח סצואן 290 מל אסם</ItemName>
      <ManufactureName>קבוצת אסם סחר שות. מוגבלת</ManufactureName>
      <ManufactureCountry />
      <ManufactureItemDescription />
      <UnitQty>יח`</UnitQty>
      <Quantity>2.90</Quantity>
      <UnitMeasure>100 מ"ל</UnitMeasure>
      <BisWeighted>0</BisWeighted>
      <QtyInPackage>1</QtyInPackage>
      <ItemPrice>14.90</ItemPrice>
      <UnitOfMeasurePrice>5.14</UnitOfMeasurePrice>
      <AllowDiscount>1</AllowDiscount>
      <itemStatus>1</itemStatus>
      <LastUpdateDate />
      <LastUpdateTime />
    </Product>
    <Product>
      <PriceUpdateDate>2019/06/14 08:32</PriceUpdateDate>
      <ItemCode>7290112964724</ItemCode>
      <ItemType>1</ItemType>
      <ItemName>המבורגר טבעוני 580  גר`טבעול</ItemName>
      <ManufactureName>קבוצת אסם סחר שות. מוגבלת</ManufactureName>
      <ManufactureCountry />
      <ManufactureItemDescription />
      <UnitQty>יח`</UnitQty>
      <Quantity>5.04</Quantity>
      <UnitMeasure>100 גרם</UnitMeasure>
      <BisWeighted>0</BisWeighted>
      <QtyInPackage>1</QtyInPackage>
      <ItemPrice>32.90</ItemPrice>
      <UnitOfMeasurePrice>6.53</UnitOfMeasurePrice>
      <AllowDiscount>0</AllowDiscount>
      <itemStatus>1</itemStatus>
      <LastUpdateDate />
      <LastUpdateTime />
    </Product>
    <Product>
      <PriceUpdateDate>2019/06/14 08:32</PriceUpdateDate>
      <ItemCode>7290112965042</ItemCode>
      <ItemType>1</ItemType>
      <ItemName>מנה חמה פסטה ברוטב פטריות מוקרם 64  גר`א</ItemName>
      <ManufactureName>קבוצת אסם סחר שות. מוגבלת</ManufactureName>
      <ManufactureCountry />
      <ManufactureItemDescription />
      <UnitQty>יח`</UnitQty>
      <Quantity>0.64</Quantity>
      <UnitMeasure>100 גרם</UnitMeasure>
      <BisWeighted>0</BisWeighted>
      <QtyInPackage>1</QtyInPackage>
      <ItemPrice>6.90</ItemPrice>
      <UnitOfMeasurePrice>10.78</UnitOfMeasurePrice>
      <AllowDiscount>1</AllowDiscount>
      <itemStatus>1</itemStatus>
      <LastUpdateDate />
      <LastUpdateTime />
    </Product>
    <Product>
      <PriceUpdateDate>2019/06/14 08:32</PriceUpdateDate>
      <ItemCode>7290112965127</ItemCode>
      <ItemType>1</ItemType>
      <ItemName>מנה חמה פסטה ברוטב עגבניות מוקרם 66 גר`</ItemName>
      <ManufactureName>קבוצת אסם סחר שות. מוגבלת</ManufactureName>
      <ManufactureCountry />
      <ManufactureItemDescription />
      <UnitQty>יח`</UnitQty>
      <Quantity>0.66</Quantity>
      <UnitMeasure>100 גרם</UnitMeasure>
      <BisWeighted>0</BisWeighted>
      <QtyInPackage>1</QtyInPackage>
      <ItemPrice>6.90</ItemPrice>
      <UnitOfMeasurePrice>10.45</UnitOfMeasurePrice>
      <AllowDiscount>1</AllowDiscount>
      <itemStatus>1</itemStatus>
      <LastUpdateDate />
      <LastUpdateTime />
    </Product>
    <Product>
      <PriceUpdateDate>2019/08/21 07:41</PriceUpdateDate>
      <ItemCode>7290112965301</ItemCode>
      <ItemType>1</ItemType>
      <ItemName>מרק נמס סוף זוג טעם עוף 38  גר`אסם</ItemName>
      <ManufactureName>קבוצת אסם סחר שות. מוגבלת</ManufactureName>
      <ManufactureCountry />
      <ManufactureItemDescription />
      <UnitQty>יח`</UnitQty>
      <Quantity>0.38</Quantity>
      <UnitMeasure>100 גרם</UnitMeasure>
      <BisWeighted>0</BisWeighted>
      <QtyInPackage>1</QtyInPackage>
      <ItemPrice>6.90</ItemPrice>
      <UnitOfMeasurePrice>18.16</UnitOfMeasurePrice>
      <AllowDiscount>0</AllowDiscount>
      <itemStatus>1</itemStatus>
      <LastUpdateDate />
      <LastUpdateTime />
    </Product>
    <Product>
      <PriceUpdateDate>2019/09/29 07:35</PriceUpdateDate>
      <ItemCode>7290112965363</ItemCode>
      <ItemType>1</ItemType>
      <ItemName>קציצת קינואה וברוקולי 525  גר`טבעול</ItemName>
      <ManufactureName>קבוצת אסם סחר שות. מוגבלת</ManufactureName>
      <ManufactureCountry />
      <ManufactureItemDescription />
      <UnitQty>יח`</UnitQty>
      <Quantity>5.25</Quantity>
      <UnitMeasure>100 גרם</UnitMeasure>
      <BisWeighted>0</BisWeighted>
      <QtyInPackage>1</QtyInPackage>
      <ItemPrice>32.90</ItemPrice>
      <UnitOfMeasurePrice>6.27</UnitOfMeasurePrice>
      <AllowDiscount>0</AllowDiscount>
      <itemStatus>1</itemStatus>
      <LastUpdateDate />
      <LastUpdateTime />
    </Product>
    <Product>
      <PriceUpdateDate>2020/01/13 09:47</PriceUpdateDate>
      <ItemCode>7290112965424</ItemCode>
      <ItemType>1</ItemType>
      <ItemName>סירופ ענבים ויטמינצ`יק 50% פוחת סוכר 500</ItemName>
      <ManufactureName>קבוצת אסם סחר שות. מוגבלת</ManufactureName>
      <ManufactureCountry />
      <ManufactureItemDescription />
      <UnitQty>יח`</UnitQty>
      <Quantity>5</Quantity>
      <UnitMeasure>100 מ"ל</UnitMeasure>
      <BisWeighted>0</BisWeighted>
      <QtyInPackage>1</QtyInPackage>
      <ItemPrice>14.90</ItemPrice>
      <UnitOfMeasurePrice>2.98</UnitOfMeasurePrice>
      <AllowDiscount>0</AllowDiscount>
      <itemStatus>1</itemStatus>
      <LastUpdateDate />
      <LastUpdateTime />
    </Product>
    <Product>
      <PriceUpdateDate>2020/01/13 09:47</PriceUpdateDate>
      <ItemCode>7290112965448</ItemCode>
      <ItemType>1</ItemType>
      <ItemName>סירופ פטל ויטמינצ`יק 50% פוחת סוכר 500 מ</ItemName>
      <ManufactureName>קבוצת אסם סחר שות. מוגבלת</ManufactureName>
      <ManufactureCountry />
      <ManufactureItemDescription />
      <UnitQty>יח`</UnitQty>
      <Quantity>5</Quantity>
      <UnitMeasure>100 מ"ל</UnitMeasure>
      <BisWeighted>0</BisWeighted>
      <QtyInPackage>1</QtyInPackage>
      <ItemPrice>14.90</ItemPrice>
      <UnitOfMeasurePrice>2.98</UnitOfMeasurePrice>
      <AllowDiscount>0</AllowDiscount>
      <itemStatus>1</itemStatus>
      <LastUpdateDate />
      <LastUpdateTime />
    </Product>
    <Product>
      <PriceUpdateDate>2019/11/14 14:34</PriceUpdateDate>
      <ItemCode>7290112965523</ItemCode>
      <ItemType>1</ItemType>
      <ItemName>קטשופ פיצה 710  גר`אסם</ItemName>
      <ManufactureName>קבוצת אסם סחר שות. מוגבלת</ManufactureName>
      <ManufactureCountry />
      <ManufactureItemDescription />
      <UnitQty>יח`</UnitQty>
      <Quantity>7.10</Quantity>
      <UnitMeasure>100 גרם</UnitMeasure>
      <BisWeighted>0</BisWeighted>
      <QtyInPackage>1</QtyInPackage>
      <ItemPrice>10.90</ItemPrice>
      <UnitOfMeasurePrice>1.54</UnitOfMeasurePrice>
      <AllowDiscount>0</AllowDiscount>
      <itemStatus>1</itemStatus>
      <LastUpdateDate />
      <LastUpdateTime />
    </Product>
    <Product>
      <PriceUpdateDate>2019/07/08 20:41</PriceUpdateDate>
      <ItemCode>7290112965585</ItemCode>
      <ItemType>1</ItemType>
      <ItemName>פסטה קסרצה 500 גר` פרפקטו אסם</ItemName>
      <ManufactureName>קבוצת אסם סחר שות. מוגבלת</ManufactureName>
      <ManufactureCountry />
      <ManufactureItemDescription />
      <UnitQty>יח`</UnitQty>
      <Quantity>5</Quantity>
      <UnitMeasure>100 גרם</UnitMeasure>
      <BisWeighted>0</BisWeighted>
      <QtyInPackage>1</QtyInPackage>
      <ItemPrice>6.90</ItemPrice>
      <UnitOfMeasurePrice>1.38</UnitOfMeasurePrice>
      <AllowDiscount>1</AllowDiscount>
      <itemStatus>1</itemStatus>
      <LastUpdateDate />
      <LastUpdateTime />
    </Product>
    <Product>
      <PriceUpdateDate>2019/12/17 07:28</PriceUpdateDate>
      <ItemCode>7290112965622</ItemCode>
      <ItemType>1</ItemType>
      <ItemName>חטיפי קרקר במליחות מעודנת 300  גר`אסם</ItemName>
      <ManufactureName>קבוצת אסם סחר שות. מוגבלת</ManufactureName>
      <ManufactureCountry />
      <ManufactureItemDescription />
      <UnitQty>יח`</UnitQty>
      <Quantity>3</Quantity>
      <UnitMeasure>100 גרם</UnitMeasure>
      <BisWeighted>0</BisWeighted>
      <QtyInPackage>1</QtyInPackage>
      <ItemPrice>11.90</ItemPrice>
      <UnitOfMeasurePrice>3.97</UnitOfMeasurePrice>
      <AllowDiscount>0</AllowDiscount>
      <itemStatus>1</itemStatus>
      <LastUpdateDate />
      <LastUpdateTime />
    </Product>
    <Product>
      <PriceUpdateDate>2019/12/17 07:28</PriceUpdateDate>
      <ItemCode>7290112965868</ItemCode>
      <ItemType>1</ItemType>
      <ItemName>קרם קרקר במליחות מעודנת 250 גר` אסם</ItemName>
      <ManufactureName>קבוצת אסם סחר שות. מוגבלת</ManufactureName>
      <ManufactureCountry />
      <ManufactureItemDescription />
      <UnitQty>יח`</UnitQty>
      <Quantity>2.50</Quantity>
      <UnitMeasure>100 גרם</UnitMeasure>
      <BisWeighted>0</BisWeighted>
      <QtyInPackage>1</QtyInPackage>
      <ItemPrice>9.90</ItemPrice>
      <UnitOfMeasurePrice>3.96</UnitOfMeasurePrice>
      <AllowDiscount>1</AllowDiscount>
      <itemStatus>1</itemStatus>
      <LastUpdateDate />
      <LastUpdateTime />
    </Product>
    <Product>
      <PriceUpdateDate>2019/12/18 17:11</PriceUpdateDate>
      <ItemCode>7290112966025</ItemCode>
      <ItemType>1</ItemType>
      <ItemName>בייגלה כפיות כפרי טוגו 60  גר`אסם</ItemName>
      <ManufactureName>קבוצת אסם סחר שות. מוגבלת</ManufactureName>
      <ManufactureCountry />
      <ManufactureItemDescription />
      <UnitQty>יח`</UnitQty>
      <Quantity>0.60</Quantity>
      <UnitMeasure>100 גרם</UnitMeasure>
      <BisWeighted>0</BisWeighted>
      <QtyInPackage>1</QtyInPackage>
      <ItemPrice>2.90</ItemPrice>
      <UnitOfMeasurePrice>4.83</UnitOfMeasurePrice>
      <AllowDiscount>0</AllowDiscount>
      <itemStatus>1</itemStatus>
      <LastUpdateDate />
      <LastUpdateTime />
    </Product>
    <Product>
      <PriceUpdateDate>2019/12/17 07:28</PriceUpdateDate>
      <ItemCode>7290112966223</ItemCode>
      <ItemType>1</ItemType>
      <ItemName>קרמוגית שוקו במילוי קרם בננה 200 גר` אסם</ItemName>
      <ManufactureName>קבוצת אסם סחר שות. מוגבלת</ManufactureName>
      <ManufactureCountry />
      <ManufactureItemDescription />
      <UnitQty>יח`</UnitQty>
      <Quantity>2</Quantity>
      <UnitMeasure>100 גרם</UnitMeasure>
      <BisWeighted>0</BisWeighted>
      <QtyInPackage>1</QtyInPackage>
      <ItemPrice>11.90</ItemPrice>
      <UnitOfMeasurePrice>5.95</UnitOfMeasurePrice>
      <AllowDiscount>0</AllowDiscount>
      <itemStatus>1</itemStatus>
      <LastUpdateDate />
      <LastUpdateTime />
    </Product>
    <Product>
      <PriceUpdateDate>2019/11/14 14:34</PriceUpdateDate>
      <ItemCode>7290112966506</ItemCode>
      <ItemType>1</ItemType>
      <ItemName>קוקטייל זיתים בית השיטה (336 גרם)</ItemName>
      <ManufactureName>קבוצת אסם סחר שות. מוגבלת</ManufactureName>
      <ManufactureCountry />
      <ManufactureItemDescription />
      <UnitQty>יח`</UnitQty>
      <Quantity>3.36</Quantity>
      <UnitMeasure>100 גרם</UnitMeasure>
      <BisWeighted>0</BisWeighted>
      <QtyInPackage>1</QtyInPackage>
      <ItemPrice>11.90</ItemPrice>
      <UnitOfMeasurePrice>3.54</UnitOfMeasurePrice>
      <AllowDiscount>0</AllowDiscount>
      <itemStatus>1</itemStatus>
      <LastUpdateDate />
      <LastUpdateTime />
    </Product>
    <Product>
      <PriceUpdateDate>2019/10/10 09:50</PriceUpdateDate>
      <ItemCode>7290112966704</ItemCode>
      <ItemType>1</ItemType>
      <ItemName>טחינה עשבי תיבול ונענע 350 גר` צבר</ItemName>
      <ManufactureName>קבוצת אסם סחר שות. מוגבלת</ManufactureName>
      <ManufactureCountry />
      <ManufactureItemDescription />
      <UnitQty>יח`</UnitQty>
      <Quantity>3.50</Quantity>
      <UnitMeasure>100 גרם</UnitMeasure>
      <BisWeighted>0</BisWeighted>
      <QtyInPackage>1</QtyInPackage>
      <ItemPrice>14.90</ItemPrice>
      <UnitOfMeasurePrice>4.26</UnitOfMeasurePrice>
      <AllowDiscount>1</AllowDiscount>
      <itemStatus>1</itemStatus>
      <LastUpdateDate />
      <LastUpdateTime />
    </Product>
    <Product>
      <PriceUpdateDate>2019/10/10 09:50</PriceUpdateDate>
      <ItemCode>7290112966728</ItemCode>
      <ItemType>1</ItemType>
      <ItemName>טחינה בלאדי פלפלים חריפים 350 גר` צבר</ItemName>
      <ManufactureName>קבוצת אסם סחר שות. מוגבלת</ManufactureName>
      <ManufactureCountry />
      <ManufactureItemDescription />
      <UnitQty>יח`</UnitQty>
      <Quantity>3.50</Quantity>
      <UnitMeasure>100 גרם</UnitMeasure>
      <BisWeighted>0</BisWeighted>
      <QtyInPackage>1</QtyInPackage>
      <ItemPrice>14.90</ItemPrice>
      <UnitOfMeasurePrice>4.26</UnitOfMeasurePrice>
      <AllowDiscount>1</AllowDiscount>
      <itemStatus>1</itemStatus>
      <LastUpdateDate />
      <LastUpdateTime />
    </Product>
    <Product>
      <PriceUpdateDate>2019/10/10 09:50</PriceUpdateDate>
      <ItemCode>7290112966780</ItemCode>
      <ItemType>1</ItemType>
      <ItemName>טחינה בלאדי עם חציל קלוי 350 גר` צבר</ItemName>
      <ManufactureName>קבוצת אסם סחר שות. מוגבלת</ManufactureName>
      <ManufactureCountry />
      <ManufactureItemDescription />
      <UnitQty>יח`</UnitQty>
      <Quantity>3.50</Quantity>
      <UnitMeasure>100 גרם</UnitMeasure>
      <BisWeighted>0</BisWeighted>
      <QtyInPackage>1</QtyInPackage>
      <ItemPrice>14.90</ItemPrice>
      <UnitOfMeasurePrice>4.26</UnitOfMeasurePrice>
      <AllowDiscount>1</AllowDiscount>
      <itemStatus>1</itemStatus>
      <LastUpdateDate />
      <LastUpdateTime />
    </Product>
    <Product>
      <PriceUpdateDate>2019/12/18 17:11</PriceUpdateDate>
      <ItemCode>7290112966841</ItemCode>
      <ItemType>1</ItemType>
      <ItemName>פודינג בטעם שוקולד מריר 90 גר` אסם</ItemName>
      <ManufactureName>קבוצת אסם סחר שות. מוגבלת</ManufactureName>
      <ManufactureCountry />
      <ManufactureItemDescription />
      <UnitQty>יח`</UnitQty>
      <Quantity>0.90</Quantity>
      <UnitMeasure>100 גרם</UnitMeasure>
      <BisWeighted>0</BisWeighted>
      <QtyInPackage>1</QtyInPackage>
      <ItemPrice>5.90</ItemPrice>
      <UnitOfMeasurePrice>6.56</UnitOfMeasurePrice>
      <AllowDiscount>1</AllowDiscount>
      <itemStatus>1</itemStatus>
      <LastUpdateDate />
      <LastUpdateTime />
    </Product>
    <Product>
      <PriceUpdateDate>2019/12/18 17:11</PriceUpdateDate>
      <ItemCode>7290112967138</ItemCode>
      <ItemType>1</ItemType>
      <ItemName>בייגלה שמיניות ללא גלוטן 250  גר`אסם</ItemName>
      <ManufactureName>קבוצת אסם סחר שות. מוגבלת</ManufactureName>
      <ManufactureCountry />
      <ManufactureItemDescription />
      <UnitQty>יח`</UnitQty>
      <Quantity>2.50</Quantity>
      <UnitMeasure>100 גרם</UnitMeasure>
      <BisWeighted>0</BisWeighted>
      <QtyInPackage>1</QtyInPackage>
      <ItemPrice>13.90</ItemPrice>
      <UnitOfMeasurePrice>5.56</UnitOfMeasurePrice>
      <AllowDiscount>0</AllowDiscount>
      <itemStatus>1</itemStatus>
      <LastUpdateDate />
      <LastUpdateTime />
    </Product>
    <Product>
      <PriceUpdateDate>2020/01/26 10:00</PriceUpdateDate>
      <ItemCode>7290112967534</ItemCode>
      <ItemType>1</ItemType>
      <ItemName>חטיפי תירס 440 גר` כשר לפסח טבעול</ItemName>
      <ManufactureName>קבוצת אסם סחר שות. מוגבלת</ManufactureName>
      <ManufactureCountry />
      <ManufactureItemDescription />
      <UnitQty>יח`</UnitQty>
      <Quantity>4.40</Quantity>
      <UnitMeasure>100 גרם</UnitMeasure>
      <BisWeighted>0</BisWeighted>
      <QtyInPackage>1</QtyInPackage>
      <ItemPrice>32.90</ItemPrice>
      <UnitOfMeasurePrice>7.48</UnitOfMeasurePrice>
      <AllowDiscount>1</AllowDiscount>
      <itemStatus>1</itemStatus>
      <LastUpdateDate />
      <LastUpdateTime />
    </Product>
    <Product>
      <PriceUpdateDate>2020/01/21 07:10</PriceUpdateDate>
      <ItemCode>7290112967619</ItemCode>
      <ItemType>1</ItemType>
      <ItemName>רוטב סויה קלאסי מופחת נתרן (290 מל) אסם</ItemName>
      <ManufactureName>קבוצת אסם סחר שות. מוגבלת</ManufactureName>
      <ManufactureCountry />
      <ManufactureItemDescription />
      <UnitQty>יח`</UnitQty>
      <Quantity>2.90</Quantity>
      <UnitMeasure>100 מ"ל</UnitMeasure>
      <BisWeighted>0</BisWeighted>
      <QtyInPackage>1</QtyInPackage>
      <ItemPrice>14.90</ItemPrice>
      <UnitOfMeasurePrice>5.14</UnitOfMeasurePrice>
      <AllowDiscount>1</AllowDiscount>
      <itemStatus>1</itemStatus>
      <LastUpdateDate />
      <LastUpdateTime />
    </Product>
    <Product>
      <PriceUpdateDate>2019/12/17 07:28</PriceUpdateDate>
      <ItemCode>7290112967749</ItemCode>
      <ItemType>1</ItemType>
      <ItemName>פרפקטו פסטה נוציאולה 500 גר` אסם</ItemName>
      <ManufactureName>קבוצת אסם סחר שות. מוגבלת</ManufactureName>
      <ManufactureCountry />
      <ManufactureItemDescription />
      <UnitQty>יח`</UnitQty>
      <Quantity>5</Quantity>
      <UnitMeasure>100 גרם</UnitMeasure>
      <BisWeighted>0</BisWeighted>
      <QtyInPackage>1</QtyInPackage>
      <ItemPrice>6.90</ItemPrice>
      <UnitOfMeasurePrice>1.38</UnitOfMeasurePrice>
      <AllowDiscount>1</AllowDiscount>
      <itemStatus>1</itemStatus>
      <LastUpdateDate />
      <LastUpdateTime />
    </Product>
    <Product>
      <PriceUpdateDate>2020/01/26 10:00</PriceUpdateDate>
      <ItemCode>7290112967923</ItemCode>
      <ItemType>1</ItemType>
      <ItemName>במבה תינוקת אסם (80 גרם)</ItemName>
      <ManufactureName>קבוצת אסם סחר שות. מוגבלת</ManufactureName>
      <ManufactureCountry />
      <ManufactureItemDescription />
      <UnitQty>יח`</UnitQty>
      <Quantity>0.80</Quantity>
      <UnitMeasure>100 גרם</UnitMeasure>
      <BisWeighted>0</BisWeighted>
      <QtyInPackage>1</QtyInPackage>
      <ItemPrice>4.30</ItemPrice>
      <UnitOfMeasurePrice>5.38</UnitOfMeasurePrice>
      <AllowDiscount>1</AllowDiscount>
      <itemStatus>1</itemStatus>
      <LastUpdateDate />
      <LastUpdateTime />
    </Product>
    <Product>
      <PriceUpdateDate>2020/01/26 10:00</PriceUpdateDate>
      <ItemCode>7290112967992</ItemCode>
      <ItemType>1</ItemType>
      <ItemName>חטיף פופקו ים מארז כשר לפסח 20גר`*8 אסם</ItemName>
      <ManufactureName>קבוצת אסם סחר שות. מוגבלת</ManufactureName>
      <ManufactureCountry />
      <ManufactureItemDescription />
      <UnitQty>יח`</UnitQty>
      <Quantity>0.80</Quantity>
      <UnitMeasure>100 גרם</UnitMeasure>
      <BisWeighted>0</BisWeighted>
      <QtyInPackage>1</QtyInPackage>
      <ItemPrice>13.90</ItemPrice>
      <UnitOfMeasurePrice>17.38</UnitOfMeasurePrice>
      <AllowDiscount>1</AllowDiscount>
      <itemStatus>1</itemStatus>
      <LastUpdateDate />
      <LastUpdateTime />
    </Product>
    <Product>
      <PriceUpdateDate>2020/02/21 08:29</PriceUpdateDate>
      <ItemCode>7290112968128</ItemCode>
      <ItemType>1</ItemType>
      <ItemName>סלט תפוח אדמה ובצלים 220 גר צבר</ItemName>
      <ManufactureName>קבוצת אסם סחר שות. מוגבלת</ManufactureName>
      <ManufactureCountry />
      <ManufactureItemDescription />
      <UnitQty>יח`</UnitQty>
      <Quantity>2.20</Quantity>
      <UnitMeasure>100 גרם</UnitMeasure>
      <BisWeighted>0</BisWeighted>
      <QtyInPackage>1</QtyInPackage>
      <ItemPrice>10.90</ItemPrice>
      <UnitOfMeasurePrice>4.95</UnitOfMeasurePrice>
      <AllowDiscount>1</AllowDiscount>
      <itemStatus>1</itemStatus>
      <LastUpdateDate />
      <LastUpdateTime />
    </Product>
    <Product>
      <PriceUpdateDate>2020/02/20 15:35</PriceUpdateDate>
      <ItemCode>7290112968142</ItemCode>
      <ItemType>1</ItemType>
      <ItemName>סלט חצילים ופלפלים 220 גר` צבר</ItemName>
      <ManufactureName>קבוצת אסם סחר שות. מוגבלת</ManufactureName>
      <ManufactureCountry />
      <ManufactureItemDescription />
      <UnitQty>יח`</UnitQty>
      <Quantity>2.20</Quantity>
      <UnitMeasure>100 גרם</UnitMeasure>
      <BisWeighted>0</BisWeighted>
      <QtyInPackage>1</QtyInPackage>
      <ItemPrice>10.90</ItemPrice>
      <UnitOfMeasurePrice>4.95</UnitOfMeasurePrice>
      <AllowDiscount>1</AllowDiscount>
      <itemStatus>1</itemStatus>
      <LastUpdateDate />
      <LastUpdateTime />
    </Product>
    <Product>
      <PriceUpdateDate>2020/02/20 15:35</PriceUpdateDate>
      <ItemCode>7290112968166</ItemCode>
      <ItemType>1</ItemType>
      <ItemName>סלט מטבוחה חריפה 220 גר` צבר</ItemName>
      <ManufactureName>קבוצת אסם סחר שות. מוגבלת</ManufactureName>
      <ManufactureCountry />
      <ManufactureItemDescription />
      <UnitQty>יח`</UnitQty>
      <Quantity>2.20</Quantity>
      <UnitMeasure>100 גרם</UnitMeasure>
      <BisWeighted>0</BisWeighted>
      <QtyInPackage>1</QtyInPackage>
      <ItemPrice>10.90</ItemPrice>
      <UnitOfMeasurePrice>4.95</UnitOfMeasurePrice>
      <AllowDiscount>1</AllowDiscount>
      <itemStatus>1</itemStatus>
      <LastUpdateDate />
      <LastUpdateTime />
    </Product>
    <Product>
      <PriceUpdateDate>2020/01/26 10:00</PriceUpdateDate>
      <ItemCode>7290112968388</ItemCode>
      <ItemType>1</ItemType>
      <ItemName>חומוס תבלינים 400 גר` צבר</ItemName>
      <ManufactureName>קבוצת אסם סחר שות. מוגבלת</ManufactureName>
      <ManufactureCountry />
      <ManufactureItemDescription />
      <UnitQty>יח`</UnitQty>
      <Quantity>4</Quantity>
      <UnitMeasure>100 גרם</UnitMeasure>
      <BisWeighted>0</BisWeighted>
      <QtyInPackage>1</QtyInPackage>
      <ItemPrice>12.90</ItemPrice>
      <UnitOfMeasurePrice>3.23</UnitOfMeasurePrice>
      <AllowDiscount>1</AllowDiscount>
      <itemStatus>1</itemStatus>
      <LastUpdateDate />
      <LastUpdateTime />
    </Product>
    <Product>
      <PriceUpdateDate>2020/02/21 08:29</PriceUpdateDate>
      <ItemCode>7290112968449</ItemCode>
      <ItemType>1</ItemType>
      <ItemName>סלט כרוב אדום 250 גר` צבר</ItemName>
      <ManufactureName>קבוצת אסם סחר שות. מוגבלת</ManufactureName>
      <ManufactureCountry />
      <ManufactureItemDescription />
      <UnitQty>יח`</UnitQty>
      <Quantity>2.50</Quantity>
      <UnitMeasure>100 גרם</UnitMeasure>
      <BisWeighted>0</BisWeighted>
      <QtyInPackage>1</QtyInPackage>
      <ItemPrice>9.90</ItemPrice>
      <UnitOfMeasurePrice>3.96</UnitOfMeasurePrice>
      <AllowDiscount>1</AllowDiscount>
      <itemStatus>1</itemStatus>
      <LastUpdateDate />
      <LastUpdateTime />
    </Product>
    <Product>
      <PriceUpdateDate>2020/02/21 08:29</PriceUpdateDate>
      <ItemCode>7290112968524</ItemCode>
      <ItemType>1</ItemType>
      <ItemName>סלט חומוס סמיר 250 גר` צבר</ItemName>
      <ManufactureName>קבוצת אסם סחר שות. מוגבלת</ManufactureName>
      <ManufactureCountry />
      <ManufactureItemDescription />
      <UnitQty>יח`</UnitQty>
      <Quantity>2.50</Quantity>
      <UnitMeasure>100 גרם</UnitMeasure>
      <BisWeighted>0</BisWeighted>
      <QtyInPackage>1</QtyInPackage>
      <ItemPrice>9.90</ItemPrice>
      <UnitOfMeasurePrice>3.96</UnitOfMeasurePrice>
      <AllowDiscount>1</AllowDiscount>
      <itemStatus>1</itemStatus>
      <LastUpdateDate />
      <LastUpdateTime />
    </Product>
    <Product>
      <PriceUpdateDate>2020/03/29 13:15</PriceUpdateDate>
      <ItemCode>7290113192324</ItemCode>
      <ItemType>1</ItemType>
      <ItemName>זיתים ירוקים שלמים בינוניים 560  גר`בית</ItemName>
      <ManufactureName>קבוצת אסם סחר שות. מוגבלת</ManufactureName>
      <ManufactureCountry />
      <ManufactureItemDescription />
      <UnitQty>יח`</UnitQty>
      <Quantity>5.60</Quantity>
      <UnitMeasure>100 גרם</UnitMeasure>
      <BisWeighted>0</BisWeighted>
      <QtyInPackage>1</QtyInPackage>
      <ItemPrice>7.90</ItemPrice>
      <UnitOfMeasurePrice>1.41</UnitOfMeasurePrice>
      <AllowDiscount>0</AllowDiscount>
      <itemStatus>1</itemStatus>
      <LastUpdateDate />
      <LastUpdateTime />
    </Product>
    <Product>
      <PriceUpdateDate>2020/04/23 08:11</PriceUpdateDate>
      <ItemCode>7290113192331</ItemCode>
      <ItemType>1</ItemType>
      <ItemName>זיתים יורקים שלמים גדולים 340 גר`</ItemName>
      <ManufactureName>קבוצת אסם סחר שות. מוגבלת</ManufactureName>
      <ManufactureCountry />
      <ManufactureItemDescription />
      <UnitQty>יח`</UnitQty>
      <Quantity>3.40</Quantity>
      <UnitMeasure>100 גרם</UnitMeasure>
      <BisWeighted>0</BisWeighted>
      <QtyInPackage>1</QtyInPackage>
      <ItemPrice>9.90</ItemPrice>
      <UnitOfMeasurePrice>2.91</UnitOfMeasurePrice>
      <AllowDiscount>0</AllowDiscount>
      <itemStatus>1</itemStatus>
      <LastUpdateDate />
      <LastUpdateTime />
    </Product>
    <Product>
      <PriceUpdateDate>2020/03/26 14:08</PriceUpdateDate>
      <ItemCode>7290113192355</ItemCode>
      <ItemType>1</ItemType>
      <ItemName>זיתים חרוזית ירוק A2 בית השיטה</ItemName>
      <ManufactureName>קבוצת אסם סחר שות. מוגבלת</ManufactureName>
      <ManufactureCountry />
      <ManufactureItemDescription />
      <UnitQty>יח`</UnitQty>
      <Quantity>5.60</Quantity>
      <UnitMeasure>100 גרם</UnitMeasure>
      <BisWeighted>0</BisWeighted>
      <QtyInPackage>1</QtyInPackage>
      <ItemPrice>9.90</ItemPrice>
      <UnitOfMeasurePrice>1.77</UnitOfMeasurePrice>
      <AllowDiscount>0</AllowDiscount>
      <itemStatus>1</itemStatus>
      <LastUpdateDate />
      <LastUpdateTime />
    </Product>
    <Product>
      <PriceUpdateDate>2020/03/29 13:15</PriceUpdateDate>
      <ItemCode>7290113192362</ItemCode>
      <ItemType>1</ItemType>
      <ItemName>זיתים ירוקים טבעות (560  גרם)בית השיטה.</ItemName>
      <ManufactureName>קבוצת אסם סחר שות. מוגבלת</ManufactureName>
      <ManufactureCountry />
      <ManufactureItemDescription />
      <UnitQty>יח`</UnitQty>
      <Quantity>5.60</Quantity>
      <UnitMeasure>100 גרם</UnitMeasure>
      <BisWeighted>0</BisWeighted>
      <QtyInPackage>1</QtyInPackage>
      <ItemPrice>9.90</ItemPrice>
      <UnitOfMeasurePrice>1.77</UnitOfMeasurePrice>
      <AllowDiscount>0</AllowDiscount>
      <itemStatus>1</itemStatus>
      <LastUpdateDate />
      <LastUpdateTime />
    </Product>
    <Product>
      <PriceUpdateDate>2020/03/29 13:15</PriceUpdateDate>
      <ItemCode>7290113192386</ItemCode>
      <ItemType>1</ItemType>
      <ItemName>זיתים סורי מבוקע A2 בית השיטה</ItemName>
      <ManufactureName>קבוצת אסם סחר שות. מוגבלת</ManufactureName>
      <ManufactureCountry />
      <ManufactureItemDescription />
      <UnitQty>יח`</UnitQty>
      <Quantity>5.60</Quantity>
      <UnitMeasure>100 גרם</UnitMeasure>
      <BisWeighted>0</BisWeighted>
      <QtyInPackage>1</QtyInPackage>
      <ItemPrice>11.90</ItemPrice>
      <UnitOfMeasurePrice>2.13</UnitOfMeasurePrice>
      <AllowDiscount>0</AllowDiscount>
      <itemStatus>1</itemStatus>
      <LastUpdateDate />
      <LastUpdateTime />
    </Product>
    <Product>
      <PriceUpdateDate>2020/02/20 15:35</PriceUpdateDate>
      <ItemCode>7290113193000</ItemCode>
      <ItemType>1</ItemType>
      <ItemName>פלפל שיפקונית 230  גר`בית השיטה</ItemName>
      <ManufactureName>קבוצת אסם סחר שות. מוגבלת</ManufactureName>
      <ManufactureCountry />
      <ManufactureItemDescription />
      <UnitQty>יח`</UnitQty>
      <Quantity>3.40</Quantity>
      <UnitMeasure>100 גרם</UnitMeasure>
      <BisWeighted>0</BisWeighted>
      <QtyInPackage>1</QtyInPackage>
      <ItemPrice>9.90</ItemPrice>
      <UnitOfMeasurePrice>2.91</UnitOfMeasurePrice>
      <AllowDiscount>0</AllowDiscount>
      <itemStatus>1</itemStatus>
      <LastUpdateDate />
      <LastUpdateTime />
    </Product>
    <Product>
      <PriceUpdateDate>2020/02/20 15:35</PriceUpdateDate>
      <ItemCode>7290113193017</ItemCode>
      <ItemType>1</ItemType>
      <ItemName>קוקטייל זיתים 275  גר`בית השיטה</ItemName>
      <ManufactureName>קבוצת אסם סחר שות. מוגבלת</ManufactureName>
      <ManufactureCountry />
      <ManufactureItemDescription />
      <UnitQty>יח`</UnitQty>
      <Quantity>2.75</Quantity>
      <UnitMeasure>100 גרם</UnitMeasure>
      <BisWeighted>0</BisWeighted>
      <QtyInPackage>1</QtyInPackage>
      <ItemPrice>10.90</ItemPrice>
      <UnitOfMeasurePrice>3.96</UnitOfMeasurePrice>
      <AllowDiscount>0</AllowDiscount>
      <itemStatus>1</itemStatus>
      <LastUpdateDate />
      <LastUpdateTime />
    </Product>
    <Product>
      <PriceUpdateDate>2020/02/20 15:35</PriceUpdateDate>
      <ItemCode>7290113193031</ItemCode>
      <ItemType>1</ItemType>
      <ItemName>חרוזית קלמטה 275  גר`בית השיטה</ItemName>
      <ManufactureName>קבוצת אסם סחר שות. מוגבלת</ManufactureName>
      <ManufactureCountry />
      <ManufactureItemDescription />
      <UnitQty>יח`</UnitQty>
      <Quantity>2.75</Quantity>
      <UnitMeasure>100 גרם</UnitMeasure>
      <BisWeighted>0</BisWeighted>
      <QtyInPackage>1</QtyInPackage>
      <ItemPrice>10.90</ItemPrice>
      <UnitOfMeasurePrice>3.96</UnitOfMeasurePrice>
      <AllowDiscount>0</AllowDiscount>
      <itemStatus>1</itemStatus>
      <LastUpdateDate />
      <LastUpdateTime />
    </Product>
    <Product>
      <PriceUpdateDate>2020/04/30 08:21</PriceUpdateDate>
      <ItemCode>7290113194243</ItemCode>
      <ItemType>1</ItemType>
      <ItemName>ירקות מעורבים 500 גר`</ItemName>
      <ManufactureName>קונסיגנציה דין שיווק וקליה בעמ</ManufactureName>
      <ManufactureCountry />
      <ManufactureItemDescription />
      <UnitQty>יח`</UnitQty>
      <Quantity>1</Quantity>
      <UnitMeasure />
      <BisWeighted>0</BisWeighted>
      <QtyInPackage>1</QtyInPackage>
      <ItemPrice>19.90</ItemPrice>
      <UnitOfMeasurePrice>19.90</UnitOfMeasurePrice>
      <AllowDiscount>0</AllowDiscount>
      <itemStatus>1</itemStatus>
      <LastUpdateDate />
      <LastUpdateTime />
    </Product>
    <Product>
      <PriceUpdateDate>2019/02/21 07:43</PriceUpdateDate>
      <ItemCode>7290113317109</ItemCode>
      <ItemType>1</ItemType>
      <ItemName>שליישית ביצי שוקולד-הלו  קיטי</ItemName>
      <ManufactureName>שמחה זה אנחנו בעמ</ManufactureName>
      <ManufactureCountry />
      <ManufactureItemDescription />
      <UnitQty>יח`</UnitQty>
      <Quantity>0.60</Quantity>
      <UnitMeasure>100 גרם</UnitMeasure>
      <BisWeighted>0</BisWeighted>
      <QtyInPackage>1</QtyInPackage>
      <ItemPrice>12.90</ItemPrice>
      <UnitOfMeasurePrice>21.50</UnitOfMeasurePrice>
      <AllowDiscount>0</AllowDiscount>
      <itemStatus>1</itemStatus>
      <LastUpdateDate />
      <LastUpdateTime />
    </Product>
    <Product>
      <PriceUpdateDate>2019/08/25 12:08</PriceUpdateDate>
      <ItemCode>7290114580403</ItemCode>
      <ItemType>1</ItemType>
      <ItemName>שולחן פלסטיק לבן 1.80 מתקפל</ItemName>
      <ManufactureName>פיקס יבוא (ש.ע.) בעמ</ManufactureName>
      <ManufactureCountry />
      <ManufactureItemDescription />
      <UnitQty>יח`</UnitQty>
      <Quantity>1</Quantity>
      <UnitMeasure />
      <BisWeighted>0</BisWeighted>
      <QtyInPackage>1</QtyInPackage>
      <ItemPrice>129.90</ItemPrice>
      <UnitOfMeasurePrice>129.90</UnitOfMeasurePrice>
      <AllowDiscount>1</AllowDiscount>
      <itemStatus>1</itemStatus>
      <LastUpdateDate />
      <LastUpdateTime />
    </Product>
    <Product>
      <PriceUpdateDate>2020/02/14 07:53</PriceUpdateDate>
      <ItemCode>7290114600156</ItemCode>
      <ItemType>1</ItemType>
      <ItemName>פוף טבעות בצל 50 גר` כשר לפסח</ItemName>
      <ManufactureName>ש.שסטוביץ בעמ</ManufactureName>
      <ManufactureCountry />
      <ManufactureItemDescription />
      <UnitQty>יח`</UnitQty>
      <Quantity>0.50</Quantity>
      <UnitMeasure>100 גרם</UnitMeasure>
      <BisWeighted>0</BisWeighted>
      <QtyInPackage>1</QtyInPackage>
      <ItemPrice>3.90</ItemPrice>
      <UnitOfMeasurePrice>7.80</UnitOfMeasurePrice>
      <AllowDiscount>1</AllowDiscount>
      <itemStatus>1</itemStatus>
      <LastUpdateDate />
      <LastUpdateTime />
    </Product>
    <Product>
      <PriceUpdateDate>2020/02/17 10:19</PriceUpdateDate>
      <ItemCode>7290114600835</ItemCode>
      <ItemType>1</ItemType>
      <ItemName>חטיף תפוח אדמה עם ירקות 25  גר`free</ItemName>
      <ManufactureName>ש.שסטוביץ בעמ</ManufactureName>
      <ManufactureCountry />
      <ManufactureItemDescription />
      <UnitQty>יח`</UnitQty>
      <Quantity>0.25</Quantity>
      <UnitMeasure>100 גרם</UnitMeasure>
      <BisWeighted>0</BisWeighted>
      <QtyInPackage>1</QtyInPackage>
      <ItemPrice>5.90</ItemPrice>
      <UnitOfMeasurePrice>23.60</UnitOfMeasurePrice>
      <AllowDiscount>0</AllowDiscount>
      <itemStatus>1</itemStatus>
      <LastUpdateDate />
      <LastUpdateTime />
    </Product>
    <Product>
      <PriceUpdateDate>2019/12/11 15:08</PriceUpdateDate>
      <ItemCode>7290114820004</ItemCode>
      <ItemType>1</ItemType>
      <ItemName>ג`ייקבוס מארז קפה נמס 200 גר` +קפה שחור</ItemName>
      <ManufactureName>דיפלומט היינץ</ManufactureName>
      <ManufactureCountry />
      <ManufactureItemDescription />
      <UnitQty>יח`</UnitQty>
      <Quantity>2.85</Quantity>
      <UnitMeasure>100 גרם</UnitMeasure>
      <BisWeighted>0</BisWeighted>
      <QtyInPackage>1</QtyInPackage>
      <ItemPrice>26.90</ItemPrice>
      <UnitOfMeasurePrice>9.44</UnitOfMeasurePrice>
      <AllowDiscount>0</AllowDiscount>
      <itemStatus>1</itemStatus>
      <LastUpdateDate />
      <LastUpdateTime />
    </Product>
    <Product>
      <PriceUpdateDate>2018/04/24 12:48</PriceUpdateDate>
      <ItemCode>7290900010367</ItemCode>
      <ItemType>1</ItemType>
      <ItemName>טורטיה 360 גר AVEL</ItemName>
      <ManufactureName>אבאל יזמות בעמ</ManufactureName>
      <ManufactureCountry />
      <ManufactureItemDescription />
      <UnitQty>יח`</UnitQty>
      <Quantity>3.60</Quantity>
      <UnitMeasure>100 גרם</UnitMeasure>
      <BisWeighted>0</BisWeighted>
      <QtyInPackage>1</QtyInPackage>
      <ItemPrice>8.90</ItemPrice>
      <UnitOfMeasurePrice>2.47</UnitOfMeasurePrice>
      <AllowDiscount>1</AllowDiscount>
      <itemStatus>1</itemStatus>
      <LastUpdateDate />
      <LastUpdateTime />
    </Product>
    <Product>
      <PriceUpdateDate>2018/04/24 12:34</PriceUpdateDate>
      <ItemCode>7290900011135</ItemCode>
      <ItemType>1</ItemType>
      <ItemName>עלי גפן ממולאים באורז אבאל (400 גרם)</ItemName>
      <ManufactureName>אבאל יזמות בעמ</ManufactureName>
      <ManufactureCountry />
      <ManufactureItemDescription />
      <UnitQty>יח`</UnitQty>
      <Quantity>4</Quantity>
      <UnitMeasure>100 גרם</UnitMeasure>
      <BisWeighted>0</BisWeighted>
      <QtyInPackage>1</QtyInPackage>
      <ItemPrice>6.90</ItemPrice>
      <UnitOfMeasurePrice>1.73</UnitOfMeasurePrice>
      <AllowDiscount>1</AllowDiscount>
      <itemStatus>1</itemStatus>
      <LastUpdateDate />
      <LastUpdateTime />
    </Product>
    <Product>
      <PriceUpdateDate>2018/10/24 11:46</PriceUpdateDate>
      <ItemCode>7312040017683</ItemCode>
      <ItemType>1</ItemType>
      <ItemName>וודקה אבסולוט 700 מל</ItemName>
      <ManufactureName>טמפו פרנו</ManufactureName>
      <ManufactureCountry />
      <ManufactureItemDescription />
      <UnitQty>יח`</UnitQty>
      <Quantity>1</Quantity>
      <UnitMeasure />
      <BisWeighted>0</BisWeighted>
      <QtyInPackage>1</QtyInPackage>
      <ItemPrice>64.90</ItemPrice>
      <UnitOfMeasurePrice>64.90</UnitOfMeasurePrice>
      <AllowDiscount>0</AllowDiscount>
      <itemStatus>1</itemStatus>
      <LastUpdateDate />
      <LastUpdateTime />
    </Product>
    <Product>
      <PriceUpdateDate>2018/04/24 11:07</PriceUpdateDate>
      <ItemCode>7501013100990</ItemCode>
      <ItemType>1</ItemType>
      <ItemName>ג`ומקס נקטר 500 מל קוקוס אננס</ItemName>
      <ManufactureName>טמפו משקאות בעמ</ManufactureName>
      <ManufactureCountry />
      <ManufactureItemDescription />
      <UnitQty>יח`</UnitQty>
      <Quantity>5</Quantity>
      <UnitMeasure>100 מ"ל</UnitMeasure>
      <BisWeighted>0</BisWeighted>
      <QtyInPackage>1</QtyInPackage>
      <ItemPrice>8.20</ItemPrice>
      <UnitOfMeasurePrice>1.58</UnitOfMeasurePrice>
      <AllowDiscount>0</AllowDiscount>
      <itemStatus>1</itemStatus>
      <LastUpdateDate />
      <LastUpdateTime />
    </Product>
    <Product>
      <PriceUpdateDate>2019/12/15 11:59</PriceUpdateDate>
      <ItemCode>7501013101348</ItemCode>
      <ItemType>1</ItemType>
      <ItemName>ג`ומקס נקטר מנגו</ItemName>
      <ManufactureName>טמפו משקאות בעמ</ManufactureName>
      <ManufactureCountry />
      <ManufactureItemDescription />
      <UnitQty>יח`</UnitQty>
      <Quantity>1</Quantity>
      <UnitMeasure />
      <BisWeighted>0</BisWeighted>
      <QtyInPackage>1</QtyInPackage>
      <ItemPrice>6.90</ItemPrice>
      <UnitOfMeasurePrice>6.90</UnitOfMeasurePrice>
      <AllowDiscount>1</AllowDiscount>
      <itemStatus>1</itemStatus>
      <LastUpdateDate />
      <LastUpdateTime />
    </Product>
    <Product>
      <PriceUpdateDate>2019/12/15 11:59</PriceUpdateDate>
      <ItemCode>7501013101355</ItemCode>
      <ItemType>1</ItemType>
      <ItemName>ג`ומקס נקטר אפרס</ItemName>
      <ManufactureName>טמפו משקאות בעמ</ManufactureName>
      <ManufactureCountry />
      <ManufactureItemDescription />
      <UnitQty>יח`</UnitQty>
      <Quantity>1</Quantity>
      <UnitMeasure />
      <BisWeighted>0</BisWeighted>
      <QtyInPackage>1</QtyInPackage>
      <ItemPrice>6.90</ItemPrice>
      <UnitOfMeasurePrice>6.90</UnitOfMeasurePrice>
      <AllowDiscount>1</AllowDiscount>
      <itemStatus>1</itemStatus>
      <LastUpdateDate />
      <LastUpdateTime />
    </Product>
    <Product>
      <PriceUpdateDate>2019/12/15 11:59</PriceUpdateDate>
      <ItemCode>7501013101362</ItemCode>
      <ItemType>1</ItemType>
      <ItemName>ג`ומקס משקה קוקו</ItemName>
      <ManufactureName>טמפו משקאות בעמ</ManufactureName>
      <ManufactureCountry />
      <ManufactureItemDescription />
      <UnitQty>יח`</UnitQty>
      <Quantity>1</Quantity>
      <UnitMeasure />
      <BisWeighted>0</BisWeighted>
      <QtyInPackage>1</QtyInPackage>
      <ItemPrice>6.90</ItemPrice>
      <UnitOfMeasurePrice>6.90</UnitOfMeasurePrice>
      <AllowDiscount>1</AllowDiscount>
      <itemStatus>1</itemStatus>
      <LastUpdateDate />
      <LastUpdateTime />
    </Product>
    <Product>
      <PriceUpdateDate>2019/12/15 11:59</PriceUpdateDate>
      <ItemCode>7501013101393</ItemCode>
      <ItemType>1</ItemType>
      <ItemName>ג`ומקס נקטר אננס 473 מל</ItemName>
      <ManufactureName>טמפו משקאות בעמ</ManufactureName>
      <ManufactureCountry />
      <ManufactureItemDescription />
      <UnitQty>יח`</UnitQty>
      <Quantity>1</Quantity>
      <UnitMeasure />
      <BisWeighted>0</BisWeighted>
      <QtyInPackage>1</QtyInPackage>
      <ItemPrice>6.90</ItemPrice>
      <UnitOfMeasurePrice>6.90</UnitOfMeasurePrice>
      <AllowDiscount>1</AllowDiscount>
      <itemStatus>1</itemStatus>
      <LastUpdateDate />
      <LastUpdateTime />
    </Product>
    <Product>
      <PriceUpdateDate>2019/12/15 11:59</PriceUpdateDate>
      <ItemCode>7501013101430</ItemCode>
      <ItemType>1</ItemType>
      <ItemName>יוניקו פרסקו משק</ItemName>
      <ManufactureName>טמפו משקאות בעמ</ManufactureName>
      <ManufactureCountry />
      <ManufactureItemDescription />
      <UnitQty>יח`</UnitQty>
      <Quantity>1</Quantity>
      <UnitMeasure />
      <BisWeighted>0</BisWeighted>
      <QtyInPackage>1</QtyInPackage>
      <ItemPrice>7.90</ItemPrice>
      <UnitOfMeasurePrice>7.90</UnitOfMeasurePrice>
      <AllowDiscount>1</AllowDiscount>
      <itemStatus>1</itemStatus>
      <LastUpdateDate />
      <LastUpdateTime />
    </Product>
    <Product>
      <PriceUpdateDate>2019/12/15 11:59</PriceUpdateDate>
      <ItemCode>7501013101447</ItemCode>
      <ItemType>1</ItemType>
      <ItemName>יוניקו פרסקו משק</ItemName>
      <ManufactureName>טמפו משקאות בעמ</ManufactureName>
      <ManufactureCountry />
      <ManufactureItemDescription />
      <UnitQty>יח`</UnitQty>
      <Quantity>1</Quantity>
      <UnitMeasure />
      <BisWeighted>0</BisWeighted>
      <QtyInPackage>1</QtyInPackage>
      <ItemPrice>7.90</ItemPrice>
      <UnitOfMeasurePrice>7.90</UnitOfMeasurePrice>
      <AllowDiscount>1</AllowDiscount>
      <itemStatus>1</itemStatus>
      <LastUpdateDate />
      <LastUpdateTime />
    </Product>
    <Product>
      <PriceUpdateDate>2020/02/03 11:50</PriceUpdateDate>
      <ItemCode>7501013122039</ItemCode>
      <ItemType>1</ItemType>
      <ItemName>נקטר מנגו קרטונית ליטר גו`מקס</ItemName>
      <ManufactureName>טמפו משקאות בעמ</ManufactureName>
      <ManufactureCountry />
      <ManufactureItemDescription />
      <UnitQty>יח`</UnitQty>
      <Quantity>1</Quantity>
      <UnitMeasure />
      <BisWeighted>0</BisWeighted>
      <QtyInPackage>1</QtyInPackage>
      <ItemPrice>7.90</ItemPrice>
      <UnitOfMeasurePrice>7.90</UnitOfMeasurePrice>
      <AllowDiscount>1</AllowDiscount>
      <itemStatus>1</itemStatus>
      <LastUpdateDate />
      <LastUpdateTime />
    </Product>
    <Product>
      <PriceUpdateDate>2020/02/03 11:50</PriceUpdateDate>
      <ItemCode>7501013122190</ItemCode>
      <ItemType>1</ItemType>
      <ItemName>משקה תפוחים קרטונית ליטר גו`מקס</ItemName>
      <ManufactureName>טמפו משקאות בעמ</ManufactureName>
      <ManufactureCountry />
      <ManufactureItemDescription />
      <UnitQty>יח`</UnitQty>
      <Quantity>1</Quantity>
      <UnitMeasure />
      <BisWeighted>0</BisWeighted>
      <QtyInPackage>1</QtyInPackage>
      <ItemPrice>7.90</ItemPrice>
      <UnitOfMeasurePrice>7.90</UnitOfMeasurePrice>
      <AllowDiscount>1</AllowDiscount>
      <itemStatus>1</itemStatus>
      <LastUpdateDate />
      <LastUpdateTime />
    </Product>
    <Product>
      <PriceUpdateDate>2020/02/03 11:50</PriceUpdateDate>
      <ItemCode>7501013122992</ItemCode>
      <ItemType>1</ItemType>
      <ItemName>משקה קוקוס אננס קרטונית ליטר גו`מקס</ItemName>
      <ManufactureName>טמפו משקאות בעמ</ManufactureName>
      <ManufactureCountry />
      <ManufactureItemDescription />
      <UnitQty>יח`</UnitQty>
      <Quantity>1</Quantity>
      <UnitMeasure />
      <BisWeighted>0</BisWeighted>
      <QtyInPackage>1</QtyInPackage>
      <ItemPrice>7.90</ItemPrice>
      <UnitOfMeasurePrice>7.90</UnitOfMeasurePrice>
      <AllowDiscount>1</AllowDiscount>
      <itemStatus>1</itemStatus>
      <LastUpdateDate />
      <LastUpdateTime />
    </Product>
    <Product>
      <PriceUpdateDate>2020/02/03 11:49</PriceUpdateDate>
      <ItemCode>7501013138047</ItemCode>
      <ItemType>1</ItemType>
      <ItemName>משקה רימונים קרטונית ליטר יונקו פרסקו</ItemName>
      <ManufactureName>טמפו משקאות בעמ</ManufactureName>
      <ManufactureCountry />
      <ManufactureItemDescription />
      <UnitQty>יח`</UnitQty>
      <Quantity>1</Quantity>
      <UnitMeasure>1 ליטר</UnitMeasure>
      <BisWeighted>0</BisWeighted>
      <QtyInPackage>1</QtyInPackage>
      <ItemPrice>9.90</ItemPrice>
      <UnitOfMeasurePrice>9.90</UnitOfMeasurePrice>
      <AllowDiscount>1</AllowDiscount>
      <itemStatus>1</itemStatus>
      <LastUpdateDate />
      <LastUpdateTime />
    </Product>
    <Product>
      <PriceUpdateDate>2020/02/03 11:49</PriceUpdateDate>
      <ItemCode>7501013138184</ItemCode>
      <ItemType>1</ItemType>
      <ItemName>משקה חמוציות קרטונית ליטר יוניקו פרסקו</ItemName>
      <ManufactureName>טמפו משקאות בעמ</ManufactureName>
      <ManufactureCountry />
      <ManufactureItemDescription />
      <UnitQty>יח`</UnitQty>
      <Quantity>1</Quantity>
      <UnitMeasure>1 ליטר</UnitMeasure>
      <BisWeighted>0</BisWeighted>
      <QtyInPackage>1</QtyInPackage>
      <ItemPrice>9.90</ItemPrice>
      <UnitOfMeasurePrice>9.90</UnitOfMeasurePrice>
      <AllowDiscount>1</AllowDiscount>
      <itemStatus>1</itemStatus>
      <LastUpdateDate />
      <LastUpdateTime />
    </Product>
    <Product>
      <PriceUpdateDate>2019/06/25 15:26</PriceUpdateDate>
      <ItemCode>7501064191398</ItemCode>
      <ItemType>1</ItemType>
      <ItemName>בירה אקסטרה קורונה (355x6 מל) בקבוק</ItemName>
      <ManufactureName>תימקו בירה בעמ</ManufactureName>
      <ManufactureCountry />
      <ManufactureItemDescription />
      <UnitQty>יח`</UnitQty>
      <Quantity>2.13</Quantity>
      <UnitMeasure>1 ליטר</UnitMeasure>
      <BisWeighted>0</BisWeighted>
      <QtyInPackage>1</QtyInPackage>
      <ItemPrice>34.90</ItemPrice>
      <UnitOfMeasurePrice>15.54</UnitOfMeasurePrice>
      <AllowDiscount>0</AllowDiscount>
      <itemStatus>1</itemStatus>
      <LastUpdateDate />
      <LastUpdateTime />
    </Product>
    <Product>
      <PriceUpdateDate>2018/04/24 12:52</PriceUpdateDate>
      <ItemCode>7610008005346</ItemCode>
      <ItemType>1</ItemType>
      <ItemName>טבלת רגוסה בלונד 100 גר`</ItemName>
      <ManufactureName>טסה שוקולד בעמ</ManufactureName>
      <ManufactureCountry />
      <ManufactureItemDescription />
      <UnitQty>יח`</UnitQty>
      <Quantity>1</Quantity>
      <UnitMeasure>100 גרם</UnitMeasure>
      <BisWeighted>0</BisWeighted>
      <QtyInPackage>1</QtyInPackage>
      <ItemPrice>15.90</ItemPrice>
      <UnitOfMeasurePrice>15.90</UnitOfMeasurePrice>
      <AllowDiscount>1</AllowDiscount>
      <itemStatus>1</itemStatus>
      <LastUpdateDate />
      <LastUpdateTime />
    </Product>
    <Product>
      <PriceUpdateDate>2018/04/24 13:09</PriceUpdateDate>
      <ItemCode>7610008700807</ItemCode>
      <ItemType>1</ItemType>
      <ItemName>טבלת רגוסה קלאסי 100 גר`</ItemName>
      <ManufactureName>טסה שוקולד בעמ</ManufactureName>
      <ManufactureCountry />
      <ManufactureItemDescription />
      <UnitQty>יח`</UnitQty>
      <Quantity>1</Quantity>
      <UnitMeasure>100 גרם</UnitMeasure>
      <BisWeighted>0</BisWeighted>
      <QtyInPackage>1</QtyInPackage>
      <ItemPrice>15.90</ItemPrice>
      <UnitOfMeasurePrice>15.90</UnitOfMeasurePrice>
      <AllowDiscount>1</AllowDiscount>
      <itemStatus>1</itemStatus>
      <LastUpdateDate />
      <LastUpdateTime />
    </Product>
    <Product>
      <PriceUpdateDate>2018/04/24 10:52</PriceUpdateDate>
      <ItemCode>7610023050215</ItemCode>
      <ItemType>1</ItemType>
      <ItemName>מיזלי קראנצ`י 500 גר`</ItemName>
      <ManufactureName>דנשר (1963) בעמ</ManufactureName>
      <ManufactureCountry />
      <ManufactureItemDescription />
      <UnitQty>יח`</UnitQty>
      <Quantity>5</Quantity>
      <UnitMeasure>100 גרם</UnitMeasure>
      <BisWeighted>0</BisWeighted>
      <QtyInPackage>1</QtyInPackage>
      <ItemPrice>26.90</ItemPrice>
      <UnitOfMeasurePrice>5.38</UnitOfMeasurePrice>
      <AllowDiscount>1</AllowDiscount>
      <itemStatus>1</itemStatus>
      <LastUpdateDate />
      <LastUpdateTime />
    </Product>
    <Product>
      <PriceUpdateDate>2018/04/24 10:52</PriceUpdateDate>
      <ItemCode>7610023050413</ItemCode>
      <ItemType>1</ItemType>
      <ItemName>מיזלי פרוט אייס 500 גר`</ItemName>
      <ManufactureName>דנשר (1963) בעמ</ManufactureName>
      <ManufactureCountry />
      <ManufactureItemDescription />
      <UnitQty>יח`</UnitQty>
      <Quantity>5</Quantity>
      <UnitMeasure>100 גרם</UnitMeasure>
      <BisWeighted>0</BisWeighted>
      <QtyInPackage>1</QtyInPackage>
      <ItemPrice>26.90</ItemPrice>
      <UnitOfMeasurePrice>5.38</UnitOfMeasurePrice>
      <AllowDiscount>1</AllowDiscount>
      <itemStatus>1</itemStatus>
      <LastUpdateDate />
      <LastUpdateTime />
    </Product>
    <Product>
      <PriceUpdateDate>2018/04/24 10:52</PriceUpdateDate>
      <ItemCode>7610023051212</ItemCode>
      <ItemType>1</ItemType>
      <ItemName>מיזלי שוקו איקס 500 גר`</ItemName>
      <ManufactureName>דנשר (1963) בעמ</ManufactureName>
      <ManufactureCountry />
      <ManufactureItemDescription />
      <UnitQty>יח`</UnitQty>
      <Quantity>5</Quantity>
      <UnitMeasure>100 גרם</UnitMeasure>
      <BisWeighted>0</BisWeighted>
      <QtyInPackage>1</QtyInPackage>
      <ItemPrice>21.90</ItemPrice>
      <UnitOfMeasurePrice>4.38</UnitOfMeasurePrice>
      <AllowDiscount>1</AllowDiscount>
      <itemStatus>1</itemStatus>
      <LastUpdateDate />
      <LastUpdateTime />
    </Product>
    <Product>
      <PriceUpdateDate>2018/04/24 09:30</PriceUpdateDate>
      <ItemCode>7610400014632</ItemCode>
      <ItemType>1</ItemType>
      <ItemName>לינדור לבן לינדט (100 גרם)</ItemName>
      <ManufactureName>משה סידס ובנו בעמ</ManufactureName>
      <ManufactureCountry />
      <ManufactureItemDescription />
      <UnitQty>יח`</UnitQty>
      <Quantity>1</Quantity>
      <UnitMeasure>100 גרם</UnitMeasure>
      <BisWeighted>0</BisWeighted>
      <QtyInPackage>1</QtyInPackage>
      <ItemPrice>15.90</ItemPrice>
      <UnitOfMeasurePrice>15.90</UnitOfMeasurePrice>
      <AllowDiscount>1</AllowDiscount>
      <itemStatus>1</itemStatus>
      <LastUpdateDate />
      <LastUpdateTime />
    </Product>
    <Product>
      <PriceUpdateDate>2018/04/24 09:30</PriceUpdateDate>
      <ItemCode>7610400014649</ItemCode>
      <ItemType>1</ItemType>
      <ItemName>לינדט לינדור טבלאה קוביות במילוי קרם שוק</ItemName>
      <ManufactureName>משה סידס ובנו בעמ</ManufactureName>
      <ManufactureCountry />
      <ManufactureItemDescription />
      <UnitQty>יח`</UnitQty>
      <Quantity>1</Quantity>
      <UnitMeasure>100 גרם</UnitMeasure>
      <BisWeighted>0</BisWeighted>
      <QtyInPackage>1</QtyInPackage>
      <ItemPrice>15.90</ItemPrice>
      <UnitOfMeasurePrice>15.90</UnitOfMeasurePrice>
      <AllowDiscount>1</AllowDiscount>
      <itemStatus>1</itemStatus>
      <LastUpdateDate />
      <LastUpdateTime />
    </Product>
    <Product>
      <PriceUpdateDate>2018/04/24 12:02</PriceUpdateDate>
      <ItemCode>7610400070577</ItemCode>
      <ItemType>1</ItemType>
      <ItemName>אקסלנס שוקולד צ`ילי לינדט (100 גרם)</ItemName>
      <ManufactureName>משה סידס ובנו בעמ</ManufactureName>
      <ManufactureCountry />
      <ManufactureItemDescription />
      <UnitQty>יח`</UnitQty>
      <Quantity>1</Quantity>
      <UnitMeasure>100 גרם</UnitMeasure>
      <BisWeighted>0</BisWeighted>
      <QtyInPackage>1</QtyInPackage>
      <ItemPrice>15.90</ItemPrice>
      <UnitOfMeasurePrice>15.90</UnitOfMeasurePrice>
      <AllowDiscount>0</AllowDiscount>
      <itemStatus>1</itemStatus>
      <LastUpdateDate />
      <LastUpdateTime />
    </Product>
    <Product>
      <PriceUpdateDate>2018/04/24 09:30</PriceUpdateDate>
      <ItemCode>7610400075770</ItemCode>
      <ItemType>1</ItemType>
      <ItemName>לינדט לה גרנד שוקולד מריר אגוז 150 גרם</ItemName>
      <ManufactureName>משה סידס ובנו בעמ</ManufactureName>
      <ManufactureCountry />
      <ManufactureItemDescription />
      <UnitQty>יח`</UnitQty>
      <Quantity>1.50</Quantity>
      <UnitMeasure>100 גרם</UnitMeasure>
      <BisWeighted>0</BisWeighted>
      <QtyInPackage>1</QtyInPackage>
      <ItemPrice>23.90</ItemPrice>
      <UnitOfMeasurePrice>15.93</UnitOfMeasurePrice>
      <AllowDiscount>0</AllowDiscount>
      <itemStatus>1</itemStatus>
      <LastUpdateDate />
      <LastUpdateTime />
    </Product>
    <Product>
      <PriceUpdateDate>2019/08/14 13:31</PriceUpdateDate>
      <ItemCode>7610400085946</ItemCode>
      <ItemType>1</ItemType>
      <ItemName>לינדט לגרנד ד.אלמונד סולט 150 גרם</ItemName>
      <ManufactureName>משה סידס ובנו בעמ</ManufactureName>
      <ManufactureCountry />
      <ManufactureItemDescription />
      <UnitQty>יח`</UnitQty>
      <Quantity>1.50</Quantity>
      <UnitMeasure>100 גרם</UnitMeasure>
      <BisWeighted>0</BisWeighted>
      <QtyInPackage>1</QtyInPackage>
      <ItemPrice>23.90</ItemPrice>
      <UnitOfMeasurePrice>15.93</UnitOfMeasurePrice>
      <AllowDiscount>0</AllowDiscount>
      <itemStatus>1</itemStatus>
      <LastUpdateDate />
      <LastUpdateTime />
    </Product>
    <Product>
      <PriceUpdateDate>2018/04/24 13:03</PriceUpdateDate>
      <ItemCode>7610400086196</ItemCode>
      <ItemType>1</ItemType>
      <ItemName>לינדט לה גרנד רספ קרנ 150 גר`</ItemName>
      <ManufactureName>משה סידס ובנו בעמ</ManufactureName>
      <ManufactureCountry />
      <ManufactureItemDescription />
      <UnitQty>יח`</UnitQty>
      <Quantity>1.50</Quantity>
      <UnitMeasure>100 גרם</UnitMeasure>
      <BisWeighted>0</BisWeighted>
      <QtyInPackage>1</QtyInPackage>
      <ItemPrice>23.90</ItemPrice>
      <UnitOfMeasurePrice>15.93</UnitOfMeasurePrice>
      <AllowDiscount>0</AllowDiscount>
      <itemStatus>1</itemStatus>
      <LastUpdateDate />
      <LastUpdateTime />
    </Product>
    <Product>
      <PriceUpdateDate>2018/04/24 13:03</PriceUpdateDate>
      <ItemCode>7610400086202</ItemCode>
      <ItemType>1</ItemType>
      <ItemName>לינדט לה גרנד בלו קרנ 150 גר`</ItemName>
      <ManufactureName>משה סידס ובנו בעמ</ManufactureName>
      <ManufactureCountry />
      <ManufactureItemDescription />
      <UnitQty>יח`</UnitQty>
      <Quantity>1.50</Quantity>
      <UnitMeasure>100 גרם</UnitMeasure>
      <BisWeighted>0</BisWeighted>
      <QtyInPackage>1</QtyInPackage>
      <ItemPrice>23.90</ItemPrice>
      <UnitOfMeasurePrice>15.93</UnitOfMeasurePrice>
      <AllowDiscount>0</AllowDiscount>
      <itemStatus>1</itemStatus>
      <LastUpdateDate />
      <LastUpdateTime />
    </Product>
    <Product>
      <PriceUpdateDate>2018/04/26 19:00</PriceUpdateDate>
      <ItemCode>7613030979647</ItemCode>
      <ItemType>1</ItemType>
      <ItemName>טריקס נסטלה (480 גרם)</ItemName>
      <ManufactureName>קבוצת אסם סחר שות. מוגבלת</ManufactureName>
      <ManufactureCountry />
      <ManufactureItemDescription />
      <UnitQty>יח`</UnitQty>
      <Quantity>4.80</Quantity>
      <UnitMeasure>100 גרם</UnitMeasure>
      <BisWeighted>0</BisWeighted>
      <QtyInPackage>1</QtyInPackage>
      <ItemPrice>26.90</ItemPrice>
      <UnitOfMeasurePrice>5.60</UnitOfMeasurePrice>
      <AllowDiscount>1</AllowDiscount>
      <itemStatus>1</itemStatus>
      <LastUpdateDate />
      <LastUpdateTime />
    </Product>
    <Product>
      <PriceUpdateDate>2018/09/03 16:27</PriceUpdateDate>
      <ItemCode>7613031608850</ItemCode>
      <ItemType>1</ItemType>
      <ItemName>פיטנס מוגדל 625  גר`דגני בוקר</ItemName>
      <ManufactureName>קבוצת אסם סחר שות. מוגבלת</ManufactureName>
      <ManufactureCountry />
      <ManufactureItemDescription />
      <UnitQty>יח`</UnitQty>
      <Quantity>6.25</Quantity>
      <UnitMeasure>100 גרם</UnitMeasure>
      <BisWeighted>0</BisWeighted>
      <QtyInPackage>1</QtyInPackage>
      <ItemPrice>32.90</ItemPrice>
      <UnitOfMeasurePrice>5.26</UnitOfMeasurePrice>
      <AllowDiscount>1</AllowDiscount>
      <itemStatus>1</itemStatus>
      <LastUpdateDate />
      <LastUpdateTime />
    </Product>
    <Product>
      <PriceUpdateDate>2018/04/24 09:57</PriceUpdateDate>
      <ItemCode>7613032045753</ItemCode>
      <ItemType>1</ItemType>
      <ItemName>פיטנס שוקולד נסטלה (375 גרם)</ItemName>
      <ManufactureName>קבוצת אסם סחר שות. מוגבלת</ManufactureName>
      <ManufactureCountry />
      <ManufactureItemDescription />
      <UnitQty>יח`</UnitQty>
      <Quantity>3.75</Quantity>
      <UnitMeasure>100 גרם</UnitMeasure>
      <BisWeighted>0</BisWeighted>
      <QtyInPackage>1</QtyInPackage>
      <ItemPrice>19.90</ItemPrice>
      <UnitOfMeasurePrice>5.31</UnitOfMeasurePrice>
      <AllowDiscount>1</AllowDiscount>
      <itemStatus>1</itemStatus>
      <LastUpdateDate />
      <LastUpdateTime />
    </Product>
    <Product>
      <PriceUpdateDate>2018/04/24 11:24</PriceUpdateDate>
      <ItemCode>7613033539169</ItemCode>
      <ItemType>1</ItemType>
      <ItemName>מחית תפוחי עץ שלב 3 מטרנה (190 גרם)</ItemName>
      <ManufactureName>קבוצת אסם סחר שות. מוגבלת</ManufactureName>
      <ManufactureCountry />
      <ManufactureItemDescription />
      <UnitQty>יח`</UnitQty>
      <Quantity>1.90</Quantity>
      <UnitMeasure>100 גרם</UnitMeasure>
      <BisWeighted>0</BisWeighted>
      <QtyInPackage>1</QtyInPackage>
      <ItemPrice>6.90</ItemPrice>
      <UnitOfMeasurePrice>3.63</UnitOfMeasurePrice>
      <AllowDiscount>0</AllowDiscount>
      <itemStatus>1</itemStatus>
      <LastUpdateDate />
      <LastUpdateTime />
    </Product>
    <Product>
      <PriceUpdateDate>2018/08/05 11:28</PriceUpdateDate>
      <ItemCode>7613034792785</ItemCode>
      <ItemType>1</ItemType>
      <ItemName>מולטי צ`יריוס נסטלה (565 גרם)</ItemName>
      <ManufactureName>קבוצת אסם סחר שות. מוגבלת</ManufactureName>
      <ManufactureCountry />
      <ManufactureItemDescription />
      <UnitQty>יח`</UnitQty>
      <Quantity>5.65</Quantity>
      <UnitMeasure>100 גרם</UnitMeasure>
      <BisWeighted>0</BisWeighted>
      <QtyInPackage>1</QtyInPackage>
      <ItemPrice>23.90</ItemPrice>
      <UnitOfMeasurePrice>4.23</UnitOfMeasurePrice>
      <AllowDiscount>1</AllowDiscount>
      <itemStatus>1</itemStatus>
      <LastUpdateDate />
      <LastUpdateTime />
    </Product>
    <Product>
      <PriceUpdateDate>2018/04/24 13:10</PriceUpdateDate>
      <ItemCode>7613035312135</ItemCode>
      <ItemType>1</ItemType>
      <ItemName>סמרטיס 90  גר`נסטלה</ItemName>
      <ManufactureName>ליימן שליסל בעמ</ManufactureName>
      <ManufactureCountry />
      <ManufactureItemDescription />
      <UnitQty>יח`</UnitQty>
      <Quantity>0.90</Quantity>
      <UnitMeasure>100 גרם</UnitMeasure>
      <BisWeighted>0</BisWeighted>
      <QtyInPackage>1</QtyInPackage>
      <ItemPrice>14.90</ItemPrice>
      <UnitOfMeasurePrice>16.56</UnitOfMeasurePrice>
      <AllowDiscount>0</AllowDiscount>
      <itemStatus>1</itemStatus>
      <LastUpdateDate />
      <LastUpdateTime />
    </Product>
    <Product>
      <PriceUpdateDate>2018/07/25 12:13</PriceUpdateDate>
      <ItemCode>7613035500877</ItemCode>
      <ItemType>1</ItemType>
      <ItemName>סמרטיס מיני 187 גר`</ItemName>
      <ManufactureName>ליימן שליסל בעמ</ManufactureName>
      <ManufactureCountry />
      <ManufactureItemDescription />
      <UnitQty>יח`</UnitQty>
      <Quantity>1.87</Quantity>
      <UnitMeasure>100 גרם</UnitMeasure>
      <BisWeighted>0</BisWeighted>
      <QtyInPackage>1</QtyInPackage>
      <ItemPrice>14.90</ItemPrice>
      <UnitOfMeasurePrice>7.97</UnitOfMeasurePrice>
      <AllowDiscount>0</AllowDiscount>
      <itemStatus>1</itemStatus>
      <LastUpdateDate />
      <LastUpdateTime />
    </Product>
    <Product>
      <PriceUpdateDate>2018/08/05 11:28</PriceUpdateDate>
      <ItemCode>7613035548374</ItemCode>
      <ItemType>1</ItemType>
      <ItemName>דגני בוקר גולדן מיניס נסטלה (570 גרם)</ItemName>
      <ManufactureName>קבוצת אסם סחר שות. מוגבלת</ManufactureName>
      <ManufactureCountry />
      <ManufactureItemDescription />
      <UnitQty>יח`</UnitQty>
      <Quantity>5.70</Quantity>
      <UnitMeasure>100 גרם</UnitMeasure>
      <BisWeighted>0</BisWeighted>
      <QtyInPackage>1</QtyInPackage>
      <ItemPrice>26.90</ItemPrice>
      <UnitOfMeasurePrice>4.72</UnitOfMeasurePrice>
      <AllowDiscount>1</AllowDiscount>
      <itemStatus>1</itemStatus>
      <LastUpdateDate />
      <LastUpdateTime />
    </Product>
    <Product>
      <PriceUpdateDate>2018/07/08 11:12</PriceUpdateDate>
      <ItemCode>7613035809123</ItemCode>
      <ItemType>1</ItemType>
      <ItemName>רוטב עגבניות עם פלפלים פרפקטו</ItemName>
      <ManufactureName>קבוצת אסם סחר שות. מוגבלת</ManufactureName>
      <ManufactureCountry />
      <ManufactureItemDescription />
      <UnitQty>יח`</UnitQty>
      <Quantity>4</Quantity>
      <UnitMeasure>100 גרם</UnitMeasure>
      <BisWeighted>0</BisWeighted>
      <QtyInPackage>1</QtyInPackage>
      <ItemPrice>9.90</ItemPrice>
      <UnitOfMeasurePrice>2.48</UnitOfMeasurePrice>
      <AllowDiscount>1</AllowDiscount>
      <itemStatus>1</itemStatus>
      <LastUpdateDate />
      <LastUpdateTime />
    </Product>
    <Product>
      <PriceUpdateDate>2019/01/30 09:36</PriceUpdateDate>
      <ItemCode>7613036045544</ItemCode>
      <ItemType>1</ItemType>
      <ItemName>פייבר וואן 460 גר`</ItemName>
      <ManufactureName>קבוצת אסם סחר שות. מוגבלת</ManufactureName>
      <ManufactureCountry />
      <ManufactureItemDescription />
      <UnitQty>יח`</UnitQty>
      <Quantity>4.60</Quantity>
      <UnitMeasure>100 גרם</UnitMeasure>
      <BisWeighted>0</BisWeighted>
      <QtyInPackage>1</QtyInPackage>
      <ItemPrice>22.90</ItemPrice>
      <UnitOfMeasurePrice>4.98</UnitOfMeasurePrice>
      <AllowDiscount>1</AllowDiscount>
      <itemStatus>1</itemStatus>
      <LastUpdateDate />
      <LastUpdateTime />
    </Product>
    <Product>
      <PriceUpdateDate>2019/09/08 10:47</PriceUpdateDate>
      <ItemCode>7613036288026</ItemCode>
      <ItemType>1</ItemType>
      <ItemName>דוגלי גורים 3 קג `</ItemName>
      <ManufactureName>קבוצת אסם סחר שות. מוגבלת</ManufactureName>
      <ManufactureCountry />
      <ManufactureItemDescription />
      <UnitQty>יח`</UnitQty>
      <Quantity>3</Quantity>
      <UnitMeasure>ק"ג</UnitMeasure>
      <BisWeighted>0</BisWeighted>
      <QtyInPackage>1</QtyInPackage>
      <ItemPrice>49.90</ItemPrice>
      <UnitOfMeasurePrice>16.63</UnitOfMeasurePrice>
      <AllowDiscount>0</AllowDiscount>
      <itemStatus>1</itemStatus>
      <LastUpdateDate />
      <LastUpdateTime />
    </Product>
    <Product>
      <PriceUpdateDate>2018/04/24 13:07</PriceUpdateDate>
      <ItemCode>7613036387798</ItemCode>
      <ItemType>1</ItemType>
      <ItemName>פיטנס יוגורט 350 גר` נסטלה</ItemName>
      <ManufactureName>קבוצת אסם סחר שות. מוגבלת</ManufactureName>
      <ManufactureCountry />
      <ManufactureItemDescription />
      <UnitQty>יח`</UnitQty>
      <Quantity>3.50</Quantity>
      <UnitMeasure>100 גרם</UnitMeasure>
      <BisWeighted>0</BisWeighted>
      <QtyInPackage>1</QtyInPackage>
      <ItemPrice>19.90</ItemPrice>
      <UnitOfMeasurePrice>5.69</UnitOfMeasurePrice>
      <AllowDiscount>1</AllowDiscount>
      <itemStatus>1</itemStatus>
      <LastUpdateDate />
      <LastUpdateTime />
    </Product>
    <Product>
      <PriceUpdateDate>2018/07/23 10:13</PriceUpdateDate>
      <ItemCode>7613036727280</ItemCode>
      <ItemType>1</ItemType>
      <ItemName>דגני בוקר שוקולד קרמל 480 גר` ליון</ItemName>
      <ManufactureName>קבוצת אסם סחר שות. מוגבלת</ManufactureName>
      <ManufactureCountry />
      <ManufactureItemDescription />
      <UnitQty>יח`</UnitQty>
      <Quantity>4.80</Quantity>
      <UnitMeasure>100 גרם</UnitMeasure>
      <BisWeighted>0</BisWeighted>
      <QtyInPackage>1</QtyInPackage>
      <ItemPrice>26.90</ItemPrice>
      <UnitOfMeasurePrice>5.60</UnitOfMeasurePrice>
      <AllowDiscount>1</AllowDiscount>
      <itemStatus>1</itemStatus>
      <LastUpdateDate />
      <LastUpdateTime />
    </Product>
    <Product>
      <PriceUpdateDate>2018/08/17 13:34</PriceUpdateDate>
      <ItemCode>7613036737623</ItemCode>
      <ItemType>1</ItemType>
      <ItemName>קראנץ` מקס 410 דגני בוקר</ItemName>
      <ManufactureName>קבוצת אסם סחר שות. מוגבלת</ManufactureName>
      <ManufactureCountry />
      <ManufactureItemDescription />
      <UnitQty>יח`</UnitQty>
      <Quantity>4.10</Quantity>
      <UnitMeasure>100 גרם</UnitMeasure>
      <BisWeighted>0</BisWeighted>
      <QtyInPackage>1</QtyInPackage>
      <ItemPrice>26.90</ItemPrice>
      <UnitOfMeasurePrice>6.56</UnitOfMeasurePrice>
      <AllowDiscount>1</AllowDiscount>
      <itemStatus>1</itemStatus>
      <LastUpdateDate />
      <LastUpdateTime />
    </Product>
    <Product>
      <PriceUpdateDate>2019/02/21 14:42</PriceUpdateDate>
      <ItemCode>7613036760195</ItemCode>
      <ItemType>1</ItemType>
      <ItemName>נס קפה דולצה אספרס 16 קפסולות</ItemName>
      <ManufactureName>קבוצת אסם סחר שות. מוגבלת</ManufactureName>
      <ManufactureCountry />
      <ManufactureItemDescription />
      <UnitQty>יח`</UnitQty>
      <Quantity>1.28</Quantity>
      <UnitMeasure>100 גרם</UnitMeasure>
      <BisWeighted>0</BisWeighted>
      <QtyInPackage>1</QtyInPackage>
      <ItemPrice>28</ItemPrice>
      <UnitOfMeasurePrice>21.88</UnitOfMeasurePrice>
      <AllowDiscount>0</AllowDiscount>
      <itemStatus>1</itemStatus>
      <LastUpdateDate />
      <LastUpdateTime />
    </Product>
    <Product>
      <PriceUpdateDate>2019/11/14 14:34</PriceUpdateDate>
      <ItemCode>7613036880695</ItemCode>
      <ItemType>1</ItemType>
      <ItemName>מחית בננה תפוח עץ דגנים מלאים 190 גרבר</ItemName>
      <ManufactureName>קבוצת אסם סחר שות. מוגבלת</ManufactureName>
      <ManufactureCountry />
      <ManufactureItemDescription />
      <UnitQty>יח`</UnitQty>
      <Quantity>1.90</Quantity>
      <UnitMeasure>100 גרם</UnitMeasure>
      <BisWeighted>0</BisWeighted>
      <QtyInPackage>1</QtyInPackage>
      <ItemPrice>6.90</ItemPrice>
      <UnitOfMeasurePrice>3.63</UnitOfMeasurePrice>
      <AllowDiscount>1</AllowDiscount>
      <itemStatus>1</itemStatus>
      <LastUpdateDate />
      <LastUpdateTime />
    </Product>
    <Product>
      <PriceUpdateDate>2019/11/14 14:34</PriceUpdateDate>
      <ItemCode>7613036880855</ItemCode>
      <ItemType>1</ItemType>
      <ItemName>מחית תפוח עץ ובננה 190 גר` גרבר</ItemName>
      <ManufactureName>קבוצת אסם סחר שות. מוגבלת</ManufactureName>
      <ManufactureCountry />
      <ManufactureItemDescription />
      <UnitQty>יח`</UnitQty>
      <Quantity>1.90</Quantity>
      <UnitMeasure>100 גרם</UnitMeasure>
      <BisWeighted>0</BisWeighted>
      <QtyInPackage>1</QtyInPackage>
      <ItemPrice>6.90</ItemPrice>
      <UnitOfMeasurePrice>3.63</UnitOfMeasurePrice>
      <AllowDiscount>1</AllowDiscount>
      <itemStatus>1</itemStatus>
      <LastUpdateDate />
      <LastUpdateTime />
    </Product>
    <Product>
      <PriceUpdateDate>2020/01/26 10:00</PriceUpdateDate>
      <ItemCode>7613037054255</ItemCode>
      <ItemType>1</ItemType>
      <ItemName>מחית סלט פירות 190 גר` גרבר כשר לפסח</ItemName>
      <ManufactureName>קבוצת אסם סחר שות. מוגבלת</ManufactureName>
      <ManufactureCountry />
      <ManufactureItemDescription />
      <UnitQty>יח`</UnitQty>
      <Quantity>1.90</Quantity>
      <UnitMeasure>100 גרם</UnitMeasure>
      <BisWeighted>0</BisWeighted>
      <QtyInPackage>1</QtyInPackage>
      <ItemPrice>6.90</ItemPrice>
      <UnitOfMeasurePrice>3.63</UnitOfMeasurePrice>
      <AllowDiscount>0</AllowDiscount>
      <itemStatus>1</itemStatus>
      <LastUpdateDate />
      <LastUpdateTime />
    </Product>
    <Product>
      <PriceUpdateDate>2020/01/26 10:00</PriceUpdateDate>
      <ItemCode>7613037054279</ItemCode>
      <ItemType>1</ItemType>
      <ItemName>מחית תפוח עץ ובננה 190 גר` גרבר כשר לפסח</ItemName>
      <ManufactureName>קבוצת אסם סחר שות. מוגבלת</ManufactureName>
      <ManufactureCountry />
      <ManufactureItemDescription />
      <UnitQty>יח`</UnitQty>
      <Quantity>1.90</Quantity>
      <UnitMeasure>100 גרם</UnitMeasure>
      <BisWeighted>0</BisWeighted>
      <QtyInPackage>1</QtyInPackage>
      <ItemPrice>6.90</ItemPrice>
      <UnitOfMeasurePrice>3.63</UnitOfMeasurePrice>
      <AllowDiscount>0</AllowDiscount>
      <itemStatus>1</itemStatus>
      <LastUpdateDate />
      <LastUpdateTime />
    </Product>
    <Product>
      <PriceUpdateDate>2019/11/12 10:23</PriceUpdateDate>
      <ItemCode>7613037276091</ItemCode>
      <ItemType>1</ItemType>
      <ItemName>מארז דגני בוקר ניסטלה מיקס שישייה</ItemName>
      <ManufactureName>קבוצת אסם סחר שות. מוגבלת</ManufactureName>
      <ManufactureCountry />
      <ManufactureItemDescription />
      <UnitQty>יח`</UnitQty>
      <Quantity>1</Quantity>
      <UnitMeasure />
      <BisWeighted>0</BisWeighted>
      <QtyInPackage>1</QtyInPackage>
      <ItemPrice>16.90</ItemPrice>
      <UnitOfMeasurePrice>16.90</UnitOfMeasurePrice>
      <AllowDiscount>1</AllowDiscount>
      <itemStatus>1</itemStatus>
      <LastUpdateDate />
      <LastUpdateTime />
    </Product>
    <Product>
      <PriceUpdateDate>2019/11/14 14:34</PriceUpdateDate>
      <ItemCode>7613037686906</ItemCode>
      <ItemType>1</ItemType>
      <ItemName>פיטנס שקדים ודבש (355 גרם) נסטלה</ItemName>
      <ManufactureName>קבוצת אסם סחר שות. מוגבלת</ManufactureName>
      <ManufactureCountry />
      <ManufactureItemDescription />
      <UnitQty>יח`</UnitQty>
      <Quantity>3.55</Quantity>
      <UnitMeasure>100 גרם</UnitMeasure>
      <BisWeighted>0</BisWeighted>
      <QtyInPackage>1</QtyInPackage>
      <ItemPrice>19.90</ItemPrice>
      <UnitOfMeasurePrice>5.61</UnitOfMeasurePrice>
      <AllowDiscount>1</AllowDiscount>
      <itemStatus>1</itemStatus>
      <LastUpdateDate />
      <LastUpdateTime />
    </Product>
    <Product>
      <PriceUpdateDate>2019/11/17 10:51</PriceUpdateDate>
      <ItemCode>7613037687132</ItemCode>
      <ItemType>1</ItemType>
      <ItemName>פיטנס שקדים ודבש 585 גר נסטלה</ItemName>
      <ManufactureName>קבוצת אסם סחר שות. מוגבלת</ManufactureName>
      <ManufactureCountry />
      <ManufactureItemDescription />
      <UnitQty>יח`</UnitQty>
      <Quantity>5.85</Quantity>
      <UnitMeasure>100 גרם</UnitMeasure>
      <BisWeighted>0</BisWeighted>
      <QtyInPackage>1</QtyInPackage>
      <ItemPrice>31.90</ItemPrice>
      <UnitOfMeasurePrice>5.45</UnitOfMeasurePrice>
      <AllowDiscount>1</AllowDiscount>
      <itemStatus>1</itemStatus>
      <LastUpdateDate />
      <LastUpdateTime />
    </Product>
    <Product>
      <PriceUpdateDate>2020/01/21 07:10</PriceUpdateDate>
      <ItemCode>7613038268262</ItemCode>
      <ItemType>1</ItemType>
      <ItemName>צ`יריוס האני נאט מופחת סוכר 410 גר`</ItemName>
      <ManufactureName>קבוצת אסם סחר שות. מוגבלת</ManufactureName>
      <ManufactureCountry />
      <ManufactureItemDescription />
      <UnitQty>יח`</UnitQty>
      <Quantity>4.10</Quantity>
      <UnitMeasure>100 גרם</UnitMeasure>
      <BisWeighted>0</BisWeighted>
      <QtyInPackage>1</QtyInPackage>
      <ItemPrice>20.90</ItemPrice>
      <UnitOfMeasurePrice>5.10</UnitOfMeasurePrice>
      <AllowDiscount>1</AllowDiscount>
      <itemStatus>1</itemStatus>
      <LastUpdateDate />
      <LastUpdateTime />
    </Product>
    <Product>
      <PriceUpdateDate>2020/01/21 07:10</PriceUpdateDate>
      <ItemCode>7613038451954</ItemCode>
      <ItemType>1</ItemType>
      <ItemName>דגני קראנץ` שוקולד מופחת 410 גר`</ItemName>
      <ManufactureName>קבוצת אסם סחר שות. מוגבלת</ManufactureName>
      <ManufactureCountry />
      <ManufactureItemDescription />
      <UnitQty>יח`</UnitQty>
      <Quantity>4.10</Quantity>
      <UnitMeasure>100 גרם</UnitMeasure>
      <BisWeighted>0</BisWeighted>
      <QtyInPackage>1</QtyInPackage>
      <ItemPrice>23.90</ItemPrice>
      <UnitOfMeasurePrice>5.83</UnitOfMeasurePrice>
      <AllowDiscount>1</AllowDiscount>
      <itemStatus>1</itemStatus>
      <LastUpdateDate />
      <LastUpdateTime />
    </Product>
    <Product>
      <PriceUpdateDate>2018/08/05 11:28</PriceUpdateDate>
      <ItemCode>7622010001858</ItemCode>
      <ItemType>1</ItemType>
      <ItemName>אוראו וניל 176 גר`</ItemName>
      <ManufactureName>דיפלומט היינץ</ManufactureName>
      <ManufactureCountry />
      <ManufactureItemDescription />
      <UnitQty>יח`</UnitQty>
      <Quantity>1.76</Quantity>
      <UnitMeasure>100 גרם</UnitMeasure>
      <BisWeighted>0</BisWeighted>
      <QtyInPackage>1</QtyInPackage>
      <ItemPrice>8.90</ItemPrice>
      <UnitOfMeasurePrice>5.06</UnitOfMeasurePrice>
      <AllowDiscount>1</AllowDiscount>
      <itemStatus>1</itemStatus>
      <LastUpdateDate />
      <LastUpdateTime />
    </Product>
    <Product>
      <PriceUpdateDate>2018/07/05 11:26</PriceUpdateDate>
      <ItemCode>7622201050757</ItemCode>
      <ItemType>1</ItemType>
      <ItemName>שוקולד חלב עם קרמל מילקה (100 גרם)</ItemName>
      <ManufactureName>דיפלומט היינץ</ManufactureName>
      <ManufactureCountry />
      <ManufactureItemDescription />
      <UnitQty>יח`</UnitQty>
      <Quantity>1</Quantity>
      <UnitMeasure>100 גרם</UnitMeasure>
      <BisWeighted>0</BisWeighted>
      <QtyInPackage>1</QtyInPackage>
      <ItemPrice>5.90</ItemPrice>
      <UnitOfMeasurePrice>5.90</UnitOfMeasurePrice>
      <AllowDiscount>1</AllowDiscount>
      <itemStatus>1</itemStatus>
      <LastUpdateDate />
      <LastUpdateTime />
    </Product>
    <Product>
      <PriceUpdateDate>2020/03/29 15:09</PriceUpdateDate>
      <ItemCode>7622201139278</ItemCode>
      <ItemType>1</ItemType>
      <ItemName>גבנת פילדלפיה שמנת 150 גר` (27% שומן)</ItemName>
      <ManufactureName>נטו מלינדה סחר בעמ</ManufactureName>
      <ManufactureCountry />
      <ManufactureItemDescription />
      <UnitQty>יח`</UnitQty>
      <Quantity>1.50</Quantity>
      <UnitMeasure>100 גרם</UnitMeasure>
      <BisWeighted>0</BisWeighted>
      <QtyInPackage>1</QtyInPackage>
      <ItemPrice>13.90</ItemPrice>
      <UnitOfMeasurePrice>9.27</UnitOfMeasurePrice>
      <AllowDiscount>1</AllowDiscount>
      <itemStatus>1</itemStatus>
      <LastUpdateDate />
      <LastUpdateTime />
    </Product>
    <Product>
      <PriceUpdateDate>2018/07/05 11:26</PriceUpdateDate>
      <ItemCode>7622210078131</ItemCode>
      <ItemType>1</ItemType>
      <ItemName>שוקולד חלב דיים מילקה (100 גרם)</ItemName>
      <ManufactureName>דיפלומט היינץ</ManufactureName>
      <ManufactureCountry />
      <ManufactureItemDescription />
      <UnitQty>יח`</UnitQty>
      <Quantity>1</Quantity>
      <UnitMeasure>100 גרם</UnitMeasure>
      <BisWeighted>0</BisWeighted>
      <QtyInPackage>1</QtyInPackage>
      <ItemPrice>5.90</ItemPrice>
      <UnitOfMeasurePrice>5.90</UnitOfMeasurePrice>
      <AllowDiscount>1</AllowDiscount>
      <itemStatus>1</itemStatus>
      <LastUpdateDate />
      <LastUpdateTime />
    </Product>
    <Product>
      <PriceUpdateDate>2018/04/24 12:44</PriceUpdateDate>
      <ItemCode>7622210137234</ItemCode>
      <ItemType>1</ItemType>
      <ItemName>עוגיות אוראו עם דאבל קרם וניל 170גרם</ItemName>
      <ManufactureName>דיפלומט היינץ</ManufactureName>
      <ManufactureCountry />
      <ManufactureItemDescription />
      <UnitQty>יח`</UnitQty>
      <Quantity>1.70</Quantity>
      <UnitMeasure>100 גרם</UnitMeasure>
      <BisWeighted>0</BisWeighted>
      <QtyInPackage>1</QtyInPackage>
      <ItemPrice>9.90</ItemPrice>
      <UnitOfMeasurePrice>5.82</UnitOfMeasurePrice>
      <AllowDiscount>1</AllowDiscount>
      <itemStatus>1</itemStatus>
      <LastUpdateDate />
      <LastUpdateTime />
    </Product>
    <Product>
      <PriceUpdateDate>2018/05/17 10:38</PriceUpdateDate>
      <ItemCode>7622210163899</ItemCode>
      <ItemType>1</ItemType>
      <ItemName>שוקולד חלב עם עדשים 100 גר` מילקה</ItemName>
      <ManufactureName>דיפלומט היינץ</ManufactureName>
      <ManufactureCountry />
      <ManufactureItemDescription />
      <UnitQty>יח`</UnitQty>
      <Quantity>1</Quantity>
      <UnitMeasure>100 גרם</UnitMeasure>
      <BisWeighted>0</BisWeighted>
      <QtyInPackage>1</QtyInPackage>
      <ItemPrice>5.90</ItemPrice>
      <UnitOfMeasurePrice>5.90</UnitOfMeasurePrice>
      <AllowDiscount>1</AllowDiscount>
      <itemStatus>1</itemStatus>
      <LastUpdateDate />
      <LastUpdateTime />
    </Product>
    <Product>
      <PriceUpdateDate>2018/07/05 11:26</PriceUpdateDate>
      <ItemCode>7622210453327</ItemCode>
      <ItemType>1</ItemType>
      <ItemName>מילקה סנסייטן 156 גר`</ItemName>
      <ManufactureName>דיפלומט היינץ</ManufactureName>
      <ManufactureCountry />
      <ManufactureItemDescription />
      <UnitQty>יח`</UnitQty>
      <Quantity>1.56</Quantity>
      <UnitMeasure>100 גרם</UnitMeasure>
      <BisWeighted>0</BisWeighted>
      <QtyInPackage>1</QtyInPackage>
      <ItemPrice>12.90</ItemPrice>
      <UnitOfMeasurePrice>8.27</UnitOfMeasurePrice>
      <AllowDiscount>0</AllowDiscount>
      <itemStatus>1</itemStatus>
      <LastUpdateDate />
      <LastUpdateTime />
    </Product>
    <Product>
      <PriceUpdateDate>2020/01/09 07:57</PriceUpdateDate>
      <ItemCode>7622210819499</ItemCode>
      <ItemType>1</ItemType>
      <ItemName>מילקה ביסקויט טנדר ברייק 156 גר`</ItemName>
      <ManufactureName>דיפלומט היינץ</ManufactureName>
      <ManufactureCountry />
      <ManufactureItemDescription />
      <UnitQty>יח`</UnitQty>
      <Quantity>1.56</Quantity>
      <UnitMeasure>100 גרם</UnitMeasure>
      <BisWeighted>0</BisWeighted>
      <QtyInPackage>1</QtyInPackage>
      <ItemPrice>12.90</ItemPrice>
      <UnitOfMeasurePrice>8.27</UnitOfMeasurePrice>
      <AllowDiscount>0</AllowDiscount>
      <itemStatus>1</itemStatus>
      <LastUpdateDate />
      <LastUpdateTime />
    </Product>
    <Product>
      <PriceUpdateDate>2018/05/17 10:38</PriceUpdateDate>
      <ItemCode>7622210820310</ItemCode>
      <ItemType>1</ItemType>
      <ItemName>שוקולד חלב בוטנים קרמל 90 גר` מילקה</ItemName>
      <ManufactureName>דיפלומט היינץ</ManufactureName>
      <ManufactureCountry />
      <ManufactureItemDescription />
      <UnitQty>יח`</UnitQty>
      <Quantity>1</Quantity>
      <UnitMeasure>100 גרם</UnitMeasure>
      <BisWeighted>0</BisWeighted>
      <QtyInPackage>1</QtyInPackage>
      <ItemPrice>5.90</ItemPrice>
      <UnitOfMeasurePrice>5.90</UnitOfMeasurePrice>
      <AllowDiscount>1</AllowDiscount>
      <itemStatus>1</itemStatus>
      <LastUpdateDate />
      <LastUpdateTime />
    </Product>
    <Product>
      <PriceUpdateDate>2018/07/05 11:26</PriceUpdateDate>
      <ItemCode>7622210984678</ItemCode>
      <ItemType>1</ItemType>
      <ItemName>וופל במילוי קרם קקאו מילקה (150 גרם)</ItemName>
      <ManufactureName>דיפלומט היינץ</ManufactureName>
      <ManufactureCountry />
      <ManufactureItemDescription />
      <UnitQty>יח`</UnitQty>
      <Quantity>1.50</Quantity>
      <UnitMeasure>100 גרם</UnitMeasure>
      <BisWeighted>0</BisWeighted>
      <QtyInPackage>1</QtyInPackage>
      <ItemPrice>13.90</ItemPrice>
      <UnitOfMeasurePrice>9.27</UnitOfMeasurePrice>
      <AllowDiscount>0</AllowDiscount>
      <itemStatus>1</itemStatus>
      <LastUpdateDate />
      <LastUpdateTime />
    </Product>
    <Product>
      <PriceUpdateDate>2018/12/07 09:02</PriceUpdateDate>
      <ItemCode>7622300270469</ItemCode>
      <ItemType>1</ItemType>
      <ItemName>מילקה ביסקויט מצופה שוקולד 150 גר`</ItemName>
      <ManufactureName>דיפלומט היינץ</ManufactureName>
      <ManufactureCountry />
      <ManufactureItemDescription />
      <UnitQty>יח`</UnitQty>
      <Quantity>1.50</Quantity>
      <UnitMeasure>100 גרם</UnitMeasure>
      <BisWeighted>0</BisWeighted>
      <QtyInPackage>1</QtyInPackage>
      <ItemPrice>12.90</ItemPrice>
      <UnitOfMeasurePrice>8.60</UnitOfMeasurePrice>
      <AllowDiscount>0</AllowDiscount>
      <itemStatus>1</itemStatus>
      <LastUpdateDate />
      <LastUpdateTime />
    </Product>
    <Product>
      <PriceUpdateDate>2018/07/05 11:26</PriceUpdateDate>
      <ItemCode>7622300270506</ItemCode>
      <ItemType>1</ItemType>
      <ItemName>עוגיות מילקה גריינס שיבולת שועל</ItemName>
      <ManufactureName>דיפלומט היינץ</ManufactureName>
      <ManufactureCountry />
      <ManufactureItemDescription />
      <UnitQty>יח`</UnitQty>
      <Quantity>1.68</Quantity>
      <UnitMeasure>100 גרם</UnitMeasure>
      <BisWeighted>0</BisWeighted>
      <QtyInPackage>1</QtyInPackage>
      <ItemPrice>12.90</ItemPrice>
      <UnitOfMeasurePrice>7.68</UnitOfMeasurePrice>
      <AllowDiscount>0</AllowDiscount>
      <itemStatus>1</itemStatus>
      <LastUpdateDate />
      <LastUpdateTime />
    </Product>
    <Product>
      <PriceUpdateDate>2018/04/24 09:30</PriceUpdateDate>
      <ItemCode>7622300356767</ItemCode>
      <ItemType>1</ItemType>
      <ItemName>עוגיות שוקולד צ`יפס מילקה (168 גרם)</ItemName>
      <ManufactureName>דיפלומט היינץ</ManufactureName>
      <ManufactureCountry />
      <ManufactureItemDescription />
      <UnitQty>יח`</UnitQty>
      <Quantity>1.68</Quantity>
      <UnitMeasure>100 גרם</UnitMeasure>
      <BisWeighted>0</BisWeighted>
      <QtyInPackage>1</QtyInPackage>
      <ItemPrice>12.90</ItemPrice>
      <UnitOfMeasurePrice>7.68</UnitOfMeasurePrice>
      <AllowDiscount>0</AllowDiscount>
      <itemStatus>1</itemStatus>
      <LastUpdateDate />
      <LastUpdateTime />
    </Product>
    <Product>
      <PriceUpdateDate>2019/01/07 10:57</PriceUpdateDate>
      <ItemCode>7622300489427</ItemCode>
      <ItemType>1</ItemType>
      <ItemName>אוראו פאדג שוקולד לבן 246גר</ItemName>
      <ManufactureName>דיפלומט היינץ</ManufactureName>
      <ManufactureCountry />
      <ManufactureItemDescription />
      <UnitQty>יח`</UnitQty>
      <Quantity>2.46</Quantity>
      <UnitMeasure>100 גרם</UnitMeasure>
      <BisWeighted>0</BisWeighted>
      <QtyInPackage>1</QtyInPackage>
      <ItemPrice>19.90</ItemPrice>
      <UnitOfMeasurePrice>8.09</UnitOfMeasurePrice>
      <AllowDiscount>0</AllowDiscount>
      <itemStatus>1</itemStatus>
      <LastUpdateDate />
      <LastUpdateTime />
    </Product>
    <Product>
      <PriceUpdateDate>2018/04/24 13:17</PriceUpdateDate>
      <ItemCode>7622300489434</ItemCode>
      <ItemType>1</ItemType>
      <ItemName>עוגיות אוראו בציפוי שוקולד חלבי 246 גרם</ItemName>
      <ManufactureName>דיפלומט היינץ</ManufactureName>
      <ManufactureCountry />
      <ManufactureItemDescription />
      <UnitQty>יח`</UnitQty>
      <Quantity>2.46</Quantity>
      <UnitMeasure>100 גרם</UnitMeasure>
      <BisWeighted>0</BisWeighted>
      <QtyInPackage>1</QtyInPackage>
      <ItemPrice>19.90</ItemPrice>
      <UnitOfMeasurePrice>8.09</UnitOfMeasurePrice>
      <AllowDiscount>0</AllowDiscount>
      <itemStatus>1</itemStatus>
      <LastUpdateDate />
      <LastUpdateTime />
    </Product>
    <Product>
      <PriceUpdateDate>2018/07/05 11:26</PriceUpdateDate>
      <ItemCode>7622300495046</ItemCode>
      <ItemType>1</ItemType>
      <ItemName>שוקולד עם אקסטרה קקאו מילקה (100 גרם)</ItemName>
      <ManufactureName>דיפלומט היינץ</ManufactureName>
      <ManufactureCountry />
      <ManufactureItemDescription />
      <UnitQty>יח`</UnitQty>
      <Quantity>1</Quantity>
      <UnitMeasure>100 גרם</UnitMeasure>
      <BisWeighted>0</BisWeighted>
      <QtyInPackage>1</QtyInPackage>
      <ItemPrice>5.90</ItemPrice>
      <UnitOfMeasurePrice>5.90</UnitOfMeasurePrice>
      <AllowDiscount>1</AllowDiscount>
      <itemStatus>1</itemStatus>
      <LastUpdateDate />
      <LastUpdateTime />
    </Product>
    <Product>
      <PriceUpdateDate>2018/07/05 11:26</PriceUpdateDate>
      <ItemCode>7622300498429</ItemCode>
      <ItemType>1</ItemType>
      <ItemName>שוקולד חלב עם יוגורט תות מילקה (100 גרם)</ItemName>
      <ManufactureName>דיפלומט היינץ</ManufactureName>
      <ManufactureCountry />
      <ManufactureItemDescription />
      <UnitQty>יח`</UnitQty>
      <Quantity>1</Quantity>
      <UnitMeasure>100 גרם</UnitMeasure>
      <BisWeighted>0</BisWeighted>
      <QtyInPackage>1</QtyInPackage>
      <ItemPrice>5.90</ItemPrice>
      <UnitOfMeasurePrice>5.90</UnitOfMeasurePrice>
      <AllowDiscount>1</AllowDiscount>
      <itemStatus>1</itemStatus>
      <LastUpdateDate />
      <LastUpdateTime />
    </Product>
    <Product>
      <PriceUpdateDate>2018/07/05 11:26</PriceUpdateDate>
      <ItemCode>7622300503079</ItemCode>
      <ItemType>1</ItemType>
      <ItemName>ביסקוויט מצופה שוקולד מילקה (200 גרם)</ItemName>
      <ManufactureName>דיפלומט היינץ</ManufactureName>
      <ManufactureCountry />
      <ManufactureItemDescription />
      <UnitQty>יח`</UnitQty>
      <Quantity>2</Quantity>
      <UnitMeasure>100 גרם</UnitMeasure>
      <BisWeighted>0</BisWeighted>
      <QtyInPackage>1</QtyInPackage>
      <ItemPrice>12.90</ItemPrice>
      <UnitOfMeasurePrice>6.45</UnitOfMeasurePrice>
      <AllowDiscount>0</AllowDiscount>
      <itemStatus>1</itemStatus>
      <LastUpdateDate />
      <LastUpdateTime />
    </Product>
    <Product>
      <PriceUpdateDate>2018/07/05 11:26</PriceUpdateDate>
      <ItemCode>7622300617820</ItemCode>
      <ItemType>1</ItemType>
      <ItemName>שוקולד אוראו מילקה (100 גרם)</ItemName>
      <ManufactureName>דיפלומט היינץ</ManufactureName>
      <ManufactureCountry />
      <ManufactureItemDescription />
      <UnitQty>יח`</UnitQty>
      <Quantity>1</Quantity>
      <UnitMeasure>100 גרם</UnitMeasure>
      <BisWeighted>0</BisWeighted>
      <QtyInPackage>1</QtyInPackage>
      <ItemPrice>5.90</ItemPrice>
      <UnitOfMeasurePrice>5.90</UnitOfMeasurePrice>
      <AllowDiscount>1</AllowDiscount>
      <itemStatus>1</itemStatus>
      <LastUpdateDate />
      <LastUpdateTime />
    </Product>
    <Product>
      <PriceUpdateDate>2018/07/05 11:26</PriceUpdateDate>
      <ItemCode>7622400005190</ItemCode>
      <ItemType>1</ItemType>
      <ItemName>שוקולד חלב ולבן מילקה (100 גרם)</ItemName>
      <ManufactureName>דיפלומט היינץ</ManufactureName>
      <ManufactureCountry />
      <ManufactureItemDescription />
      <UnitQty>יח`</UnitQty>
      <Quantity>1</Quantity>
      <UnitMeasure>100 גרם</UnitMeasure>
      <BisWeighted>0</BisWeighted>
      <QtyInPackage>1</QtyInPackage>
      <ItemPrice>5.90</ItemPrice>
      <UnitOfMeasurePrice>5.90</UnitOfMeasurePrice>
      <AllowDiscount>1</AllowDiscount>
      <itemStatus>1</itemStatus>
      <LastUpdateDate />
      <LastUpdateTime />
    </Product>
    <Product>
      <PriceUpdateDate>2018/12/03 08:10</PriceUpdateDate>
      <ItemCode>7638900248333</ItemCode>
      <ItemType>1</ItemType>
      <ItemName>סוללות אנרג ייזר ליתיום</ItemName>
      <ManufactureName>דנשר (1963) בעמ</ManufactureName>
      <ManufactureCountry />
      <ManufactureItemDescription />
      <UnitQty>יח`</UnitQty>
      <Quantity>1</Quantity>
      <UnitMeasure />
      <BisWeighted>0</BisWeighted>
      <QtyInPackage>1</QtyInPackage>
      <ItemPrice>17.90</ItemPrice>
      <UnitOfMeasurePrice>17.90</UnitOfMeasurePrice>
      <AllowDiscount>0</AllowDiscount>
      <itemStatus>1</itemStatus>
      <LastUpdateDate />
      <LastUpdateTime />
    </Product>
    <Product>
      <PriceUpdateDate>2018/12/03 08:10</PriceUpdateDate>
      <ItemCode>7638900248357</ItemCode>
      <ItemType>1</ItemType>
      <ItemName>סוללות אנרג ייזר ליתיום 2 יח</ItemName>
      <ManufactureName>דנשר (1963) בעמ</ManufactureName>
      <ManufactureCountry />
      <ManufactureItemDescription />
      <UnitQty>יח`</UnitQty>
      <Quantity>1</Quantity>
      <UnitMeasure />
      <BisWeighted>0</BisWeighted>
      <QtyInPackage>1</QtyInPackage>
      <ItemPrice>17.90</ItemPrice>
      <UnitOfMeasurePrice>17.90</UnitOfMeasurePrice>
      <AllowDiscount>0</AllowDiscount>
      <itemStatus>1</itemStatus>
      <LastUpdateDate />
      <LastUpdateTime />
    </Product>
    <Product>
      <PriceUpdateDate>2019/12/19 11:35</PriceUpdateDate>
      <ItemCode>7638900426663</ItemCode>
      <ItemType>1</ItemType>
      <ItemName>9 V סוללות אנרג`יזר ריפרש</ItemName>
      <ManufactureName>דנשר (1963) בעמ</ManufactureName>
      <ManufactureCountry />
      <ManufactureItemDescription />
      <UnitQty>יח`</UnitQty>
      <Quantity>1</Quantity>
      <UnitMeasure />
      <BisWeighted>0</BisWeighted>
      <QtyInPackage>1</QtyInPackage>
      <ItemPrice>27.90</ItemPrice>
      <UnitOfMeasurePrice>27.90</UnitOfMeasurePrice>
      <AllowDiscount>0</AllowDiscount>
      <itemStatus>1</itemStatus>
      <LastUpdateDate />
      <LastUpdateTime />
    </Product>
    <Product>
      <PriceUpdateDate>2020/05/01 10:50</PriceUpdateDate>
      <ItemCode>7640166793991</ItemCode>
      <ItemType>1</ItemType>
      <ItemName>מוצרלה כדור 125 גר</ItemName>
      <ManufactureName>נטו מלינדה סחר בעמ</ManufactureName>
      <ManufactureCountry />
      <ManufactureItemDescription />
      <UnitQty>יח`</UnitQty>
      <Quantity>1.25</Quantity>
      <UnitMeasure>100 גרם</UnitMeasure>
      <BisWeighted>0</BisWeighted>
      <QtyInPackage>1</QtyInPackage>
      <ItemPrice>10</ItemPrice>
      <UnitOfMeasurePrice>8</UnitOfMeasurePrice>
      <AllowDiscount>0</AllowDiscount>
      <itemStatus>1</itemStatus>
      <LastUpdateDate />
      <LastUpdateTime />
    </Product>
    <Product>
      <PriceUpdateDate>2020/05/01 10:50</PriceUpdateDate>
      <ItemCode>7640166796329</ItemCode>
      <ItemType>1</ItemType>
      <ItemName>מוצרלה גליל נקניק 300גר`</ItemName>
      <ManufactureName>נטו מלינדה סחר בעמ</ManufactureName>
      <ManufactureCountry />
      <ManufactureItemDescription />
      <UnitQty>יח`</UnitQty>
      <Quantity>3</Quantity>
      <UnitMeasure>100 גרם</UnitMeasure>
      <BisWeighted>0</BisWeighted>
      <QtyInPackage>1</QtyInPackage>
      <ItemPrice>24.90</ItemPrice>
      <UnitOfMeasurePrice>8.30</UnitOfMeasurePrice>
      <AllowDiscount>0</AllowDiscount>
      <itemStatus>1</itemStatus>
      <LastUpdateDate />
      <LastUpdateTime />
    </Product>
    <Product>
      <PriceUpdateDate>2018/07/08 11:12</PriceUpdateDate>
      <ItemCode>7702018420476</ItemCode>
      <ItemType>1</ItemType>
      <ItemName>ג`ילט מארז ונוס סווירל ידית +3 סכינים</ItemName>
      <ManufactureName>דיפלומט מפיצים (1968) בעמ</ManufactureName>
      <ManufactureCountry />
      <ManufactureItemDescription />
      <UnitQty>יח`</UnitQty>
      <Quantity>1</Quantity>
      <UnitMeasure />
      <BisWeighted>0</BisWeighted>
      <QtyInPackage>1</QtyInPackage>
      <ItemPrice>49.90</ItemPrice>
      <UnitOfMeasurePrice>49.90</UnitOfMeasurePrice>
      <AllowDiscount>1</AllowDiscount>
      <itemStatus>1</itemStatus>
      <LastUpdateDate />
      <LastUpdateTime />
    </Product>
    <Product>
      <PriceUpdateDate>2018/11/04 17:11</PriceUpdateDate>
      <ItemCode>7702018441075</ItemCode>
      <ItemType>1</ItemType>
      <ItemName>סכיני פיוזן ידני 12 יח`</ItemName>
      <ManufactureName>דיפלומט מפיצים (1968) בעמ</ManufactureName>
      <ManufactureCountry />
      <ManufactureItemDescription />
      <UnitQty>יח`</UnitQty>
      <Quantity>1</Quantity>
      <UnitMeasure />
      <BisWeighted>0</BisWeighted>
      <QtyInPackage>1</QtyInPackage>
      <ItemPrice>178.90</ItemPrice>
      <UnitOfMeasurePrice>178.90</UnitOfMeasurePrice>
      <AllowDiscount>1</AllowDiscount>
      <itemStatus>1</itemStatus>
      <LastUpdateDate />
      <LastUpdateTime />
    </Product>
    <Product>
      <PriceUpdateDate>2019/01/10 08:57</PriceUpdateDate>
      <ItemCode>7702018469383</ItemCode>
      <ItemType>1</ItemType>
      <ItemName>סכיני גילוח פיוז`ן ידני ג`ילט (12) מוגד</ItemName>
      <ManufactureName>דיפלומט מפיצים (1968) בעמ</ManufactureName>
      <ManufactureCountry />
      <ManufactureItemDescription />
      <UnitQty>יח`</UnitQty>
      <Quantity>1</Quantity>
      <UnitMeasure />
      <BisWeighted>0</BisWeighted>
      <QtyInPackage>1</QtyInPackage>
      <ItemPrice>144.90</ItemPrice>
      <UnitOfMeasurePrice>144.90</UnitOfMeasurePrice>
      <AllowDiscount>1</AllowDiscount>
      <itemStatus>1</itemStatus>
      <LastUpdateDate />
      <LastUpdateTime />
    </Product>
    <Product>
      <PriceUpdateDate>2018/07/23 10:13</PriceUpdateDate>
      <ItemCode>7702024074625</ItemCode>
      <ItemType>1</ItemType>
      <ItemName>חטיפי קרקר חיטה מלאה 234  גר`פיטנס</ItemName>
      <ManufactureName>קבוצת אסם סחר שות. מוגבלת</ManufactureName>
      <ManufactureCountry />
      <ManufactureItemDescription />
      <UnitQty>יח`</UnitQty>
      <Quantity>2.34</Quantity>
      <UnitMeasure>100 גרם</UnitMeasure>
      <BisWeighted>0</BisWeighted>
      <QtyInPackage>1</QtyInPackage>
      <ItemPrice>11.90</ItemPrice>
      <UnitOfMeasurePrice>5.09</UnitOfMeasurePrice>
      <AllowDiscount>0</AllowDiscount>
      <itemStatus>1</itemStatus>
      <LastUpdateDate />
      <LastUpdateTime />
    </Product>
    <Product>
      <PriceUpdateDate>2018/04/24 11:03</PriceUpdateDate>
      <ItemCode>7702174068826</ItemCode>
      <ItemType>1</ItemType>
      <ItemName>לקקן יוגטה 12 יח`</ItemName>
      <ManufactureName>ליימן שליסל בעמ</ManufactureName>
      <ManufactureCountry />
      <ManufactureItemDescription />
      <UnitQty>יח`</UnitQty>
      <Quantity>2.16</Quantity>
      <UnitMeasure>100 גרם</UnitMeasure>
      <BisWeighted>0</BisWeighted>
      <QtyInPackage>1</QtyInPackage>
      <ItemPrice>10.90</ItemPrice>
      <UnitOfMeasurePrice>5.05</UnitOfMeasurePrice>
      <AllowDiscount>1</AllowDiscount>
      <itemStatus>1</itemStatus>
      <LastUpdateDate />
      <LastUpdateTime />
    </Product>
    <Product>
      <PriceUpdateDate>2018/04/24 11:18</PriceUpdateDate>
      <ItemCode>7702174068833</ItemCode>
      <ItemType>1</ItemType>
      <ItemName>לקקן יוגטה גלידה 12 יח`</ItemName>
      <ManufactureName>ליימן שליסל בעמ</ManufactureName>
      <ManufactureCountry />
      <ManufactureItemDescription />
      <UnitQty>יח`</UnitQty>
      <Quantity>2.16</Quantity>
      <UnitMeasure>100 גרם</UnitMeasure>
      <BisWeighted>0</BisWeighted>
      <QtyInPackage>1</QtyInPackage>
      <ItemPrice>10.90</ItemPrice>
      <UnitOfMeasurePrice>5.05</UnitOfMeasurePrice>
      <AllowDiscount>1</AllowDiscount>
      <itemStatus>1</itemStatus>
      <LastUpdateDate />
      <LastUpdateTime />
    </Product>
    <Product>
      <PriceUpdateDate>2018/04/24 12:18</PriceUpdateDate>
      <ItemCode>7702174073844</ItemCode>
      <ItemType>1</ItemType>
      <ItemName>לקקן פין פופ פירות 48 יח`</ItemName>
      <ManufactureName>ליימן שליסל בעמ</ManufactureName>
      <ManufactureCountry />
      <ManufactureItemDescription />
      <UnitQty>יח`</UnitQty>
      <Quantity>1</Quantity>
      <UnitMeasure />
      <BisWeighted>0</BisWeighted>
      <QtyInPackage>1</QtyInPackage>
      <ItemPrice>19.90</ItemPrice>
      <UnitOfMeasurePrice>19.90</UnitOfMeasurePrice>
      <AllowDiscount>0</AllowDiscount>
      <itemStatus>1</itemStatus>
      <LastUpdateDate />
      <LastUpdateTime />
    </Product>
    <Product>
      <PriceUpdateDate>2019/01/17 14:10</PriceUpdateDate>
      <ItemCode>7790070013644</ItemCode>
      <ItemType>1</ItemType>
      <ItemName>תה ג`רבה 500 גרם וילי פוד</ItemName>
      <ManufactureName>ג.וילי-פוד אינטרנשיונל בעמ</ManufactureName>
      <ManufactureCountry />
      <ManufactureItemDescription />
      <UnitQty>יח`</UnitQty>
      <Quantity>5</Quantity>
      <UnitMeasure>100 גרם</UnitMeasure>
      <BisWeighted>0</BisWeighted>
      <QtyInPackage>1</QtyInPackage>
      <ItemPrice>17.90</ItemPrice>
      <UnitOfMeasurePrice>3.58</UnitOfMeasurePrice>
      <AllowDiscount>0</AllowDiscount>
      <itemStatus>1</itemStatus>
      <LastUpdateDate />
      <LastUpdateTime />
    </Product>
    <Product>
      <PriceUpdateDate>2019/01/07 10:57</PriceUpdateDate>
      <ItemCode>7792860006218</ItemCode>
      <ItemType>1</ItemType>
      <ItemName>סוכריות לקקן בייבי דול לריטייר (24 גרם)</ItemName>
      <ManufactureName>משה סידס ובנו בעמ</ManufactureName>
      <ManufactureCountry />
      <ManufactureItemDescription />
      <UnitQty>יח`</UnitQty>
      <Quantity>0.24</Quantity>
      <UnitMeasure>100 גרם</UnitMeasure>
      <BisWeighted>0</BisWeighted>
      <QtyInPackage>1</QtyInPackage>
      <ItemPrice>2.90</ItemPrice>
      <UnitOfMeasurePrice>12.08</UnitOfMeasurePrice>
      <AllowDiscount>0</AllowDiscount>
      <itemStatus>1</itemStatus>
      <LastUpdateDate />
      <LastUpdateTime />
    </Product>
    <Product>
      <PriceUpdateDate>2019/06/02 11:35</PriceUpdateDate>
      <ItemCode>7804414000860</ItemCode>
      <ItemType>1</ItemType>
      <ItemName>קברנה סוביניון דון חוליו (750 מל)</ItemName>
      <ManufactureName>הכרם - משקאות חריפים בעמ</ManufactureName>
      <ManufactureCountry />
      <ManufactureItemDescription />
      <UnitQty>יח`</UnitQty>
      <Quantity>7.50</Quantity>
      <UnitMeasure>100 מ"ל</UnitMeasure>
      <BisWeighted>0</BisWeighted>
      <QtyInPackage>1</QtyInPackage>
      <ItemPrice>29.90</ItemPrice>
      <UnitOfMeasurePrice>3.95</UnitOfMeasurePrice>
      <AllowDiscount>1</AllowDiscount>
      <itemStatus>1</itemStatus>
      <LastUpdateDate />
      <LastUpdateTime />
    </Product>
    <Product>
      <PriceUpdateDate>2019/06/02 11:35</PriceUpdateDate>
      <ItemCode>7804414000877</ItemCode>
      <ItemType>1</ItemType>
      <ItemName>מרלו דון חוליו (750 מל)</ItemName>
      <ManufactureName>הכרם - משקאות חריפים בעמ</ManufactureName>
      <ManufactureCountry />
      <ManufactureItemDescription />
      <UnitQty>יח`</UnitQty>
      <Quantity>7.50</Quantity>
      <UnitMeasure>100 מ"ל</UnitMeasure>
      <BisWeighted>0</BisWeighted>
      <QtyInPackage>1</QtyInPackage>
      <ItemPrice>29.90</ItemPrice>
      <UnitOfMeasurePrice>3.95</UnitOfMeasurePrice>
      <AllowDiscount>1</AllowDiscount>
      <itemStatus>1</itemStatus>
      <LastUpdateDate />
      <LastUpdateTime />
    </Product>
    <Product>
      <PriceUpdateDate>2019/06/02 11:35</PriceUpdateDate>
      <ItemCode>7804414000884</ItemCode>
      <ItemType>1</ItemType>
      <ItemName>שרדונה BIN דון חוליו (750 מל)</ItemName>
      <ManufactureName>הכרם - משקאות חריפים בעמ</ManufactureName>
      <ManufactureCountry />
      <ManufactureItemDescription />
      <UnitQty>יח`</UnitQty>
      <Quantity>7.50</Quantity>
      <UnitMeasure>100 מ"ל</UnitMeasure>
      <BisWeighted>0</BisWeighted>
      <QtyInPackage>1</QtyInPackage>
      <ItemPrice>29.90</ItemPrice>
      <UnitOfMeasurePrice>3.95</UnitOfMeasurePrice>
      <AllowDiscount>1</AllowDiscount>
      <itemStatus>1</itemStatus>
      <LastUpdateDate />
      <LastUpdateTime />
    </Product>
    <Product>
      <PriceUpdateDate>2019/06/02 11:35</PriceUpdateDate>
      <ItemCode>7804414012344</ItemCode>
      <ItemType>1</ItemType>
      <ItemName>יין סוביניון בלאן 750 מל דון חולין</ItemName>
      <ManufactureName>הכרם - משקאות חריפים בעמ</ManufactureName>
      <ManufactureCountry />
      <ManufactureItemDescription />
      <UnitQty>יח`</UnitQty>
      <Quantity>7.50</Quantity>
      <UnitMeasure>100 מ"ל</UnitMeasure>
      <BisWeighted>0</BisWeighted>
      <QtyInPackage>1</QtyInPackage>
      <ItemPrice>29.90</ItemPrice>
      <UnitOfMeasurePrice>3.95</UnitOfMeasurePrice>
      <AllowDiscount>1</AllowDiscount>
      <itemStatus>1</itemStatus>
      <LastUpdateDate />
      <LastUpdateTime />
    </Product>
    <Product>
      <PriceUpdateDate>2018/04/24 12:58</PriceUpdateDate>
      <ItemCode>7804414012351</ItemCode>
      <ItemType>1</ItemType>
      <ItemName>יין מלבק 750 מל דון חולין</ItemName>
      <ManufactureName>הכרם - משקאות חריפים בעמ</ManufactureName>
      <ManufactureCountry />
      <ManufactureItemDescription />
      <UnitQty>יח`</UnitQty>
      <Quantity>7.50</Quantity>
      <UnitMeasure>100 מ"ל</UnitMeasure>
      <BisWeighted>0</BisWeighted>
      <QtyInPackage>1</QtyInPackage>
      <ItemPrice>29.90</ItemPrice>
      <UnitOfMeasurePrice>3.95</UnitOfMeasurePrice>
      <AllowDiscount>1</AllowDiscount>
      <itemStatus>1</itemStatus>
      <LastUpdateDate />
      <LastUpdateTime />
    </Product>
    <Product>
      <PriceUpdateDate>2019/10/10 09:48</PriceUpdateDate>
      <ItemCode>7891024030974</ItemCode>
      <ItemType>1</ItemType>
      <ItemName>משחת טריפל אקשן קולגייט (75 מל)</ItemName>
      <ManufactureName>ש.שסטוביץ בעמ</ManufactureName>
      <ManufactureCountry />
      <ManufactureItemDescription />
      <UnitQty>יח`</UnitQty>
      <Quantity>1</Quantity>
      <UnitMeasure />
      <BisWeighted>0</BisWeighted>
      <QtyInPackage>1</QtyInPackage>
      <ItemPrice>5.90</ItemPrice>
      <UnitOfMeasurePrice>5.90</UnitOfMeasurePrice>
      <AllowDiscount>0</AllowDiscount>
      <itemStatus>1</itemStatus>
      <LastUpdateDate />
      <LastUpdateTime />
    </Product>
    <Product>
      <PriceUpdateDate>2018/04/24 09:31</PriceUpdateDate>
      <ItemCode>7891024130063</ItemCode>
      <ItemType>1</ItemType>
      <ItemName>פלאקס מי פה 500 מל מינט כחול</ItemName>
      <ManufactureName>ש.שסטוביץ בעמ</ManufactureName>
      <ManufactureCountry />
      <ManufactureItemDescription />
      <UnitQty>יח`</UnitQty>
      <Quantity>5</Quantity>
      <UnitMeasure>100 מ"ל</UnitMeasure>
      <BisWeighted>0</BisWeighted>
      <QtyInPackage>1</QtyInPackage>
      <ItemPrice>19.90</ItemPrice>
      <UnitOfMeasurePrice>3.98</UnitOfMeasurePrice>
      <AllowDiscount>0</AllowDiscount>
      <itemStatus>1</itemStatus>
      <LastUpdateDate />
      <LastUpdateTime />
    </Product>
    <Product>
      <PriceUpdateDate>2019/09/25 09:45</PriceUpdateDate>
      <ItemCode>8000040001106</ItemCode>
      <ItemType>1</ItemType>
      <ItemName>קמפרי 700 מל</ItemName>
      <ManufactureName>החברה המרכזית להפצת משקאות-אלכ</ManufactureName>
      <ManufactureCountry />
      <ManufactureItemDescription />
      <UnitQty>יח`</UnitQty>
      <Quantity>7</Quantity>
      <UnitMeasure>100 מ"ל</UnitMeasure>
      <BisWeighted>0</BisWeighted>
      <QtyInPackage>1</QtyInPackage>
      <ItemPrice>89</ItemPrice>
      <UnitOfMeasurePrice>12.67</UnitOfMeasurePrice>
      <AllowDiscount>0</AllowDiscount>
      <itemStatus>1</itemStatus>
      <LastUpdateDate />
      <LastUpdateTime />
    </Product>
    <Product>
      <PriceUpdateDate>2019/11/12 10:23</PriceUpdateDate>
      <ItemCode>8000113003402</ItemCode>
      <ItemType>1</ItemType>
      <ItemName>קמח תירס ואקום 1 קג</ItemName>
      <ManufactureName>גורי מוצרי צריכה (1991) בעמ</ManufactureName>
      <ManufactureCountry />
      <ManufactureItemDescription />
      <UnitQty>יח`</UnitQty>
      <Quantity>1</Quantity>
      <UnitMeasure>100 גרם</UnitMeasure>
      <BisWeighted>0</BisWeighted>
      <QtyInPackage>1</QtyInPackage>
      <ItemPrice>14.90</ItemPrice>
      <UnitOfMeasurePrice>14.90</UnitOfMeasurePrice>
      <AllowDiscount>1</AllowDiscount>
      <itemStatus>1</itemStatus>
      <LastUpdateDate />
      <LastUpdateTime />
    </Product>
    <Product>
      <PriceUpdateDate>2018/04/24 09:33</PriceUpdateDate>
      <ItemCode>8000380003723</ItemCode>
      <ItemType>1</ItemType>
      <ItemName>גרנד פטיסרי 100 גר` אגוז</ItemName>
      <ManufactureName>ליימן שליסל בעמ</ManufactureName>
      <ManufactureCountry />
      <ManufactureItemDescription />
      <UnitQty>יח`</UnitQty>
      <Quantity>1</Quantity>
      <UnitMeasure>100 גרם</UnitMeasure>
      <BisWeighted>0</BisWeighted>
      <QtyInPackage>1</QtyInPackage>
      <ItemPrice>13.90</ItemPrice>
      <UnitOfMeasurePrice>13.90</UnitOfMeasurePrice>
      <AllowDiscount>1</AllowDiscount>
      <itemStatus>1</itemStatus>
      <LastUpdateDate />
      <LastUpdateTime />
    </Product>
    <Product>
      <PriceUpdateDate>2018/04/24 09:33</PriceUpdateDate>
      <ItemCode>8000380003761</ItemCode>
      <ItemType>1</ItemType>
      <ItemName>גרנד פטיסרי 100 גר` קוקוס</ItemName>
      <ManufactureName>ליימן שליסל בעמ</ManufactureName>
      <ManufactureCountry />
      <ManufactureItemDescription />
      <UnitQty>יח`</UnitQty>
      <Quantity>1</Quantity>
      <UnitMeasure>100 גרם</UnitMeasure>
      <BisWeighted>0</BisWeighted>
      <QtyInPackage>1</QtyInPackage>
      <ItemPrice>13.90</ItemPrice>
      <UnitOfMeasurePrice>13.90</UnitOfMeasurePrice>
      <AllowDiscount>1</AllowDiscount>
      <itemStatus>1</itemStatus>
      <LastUpdateDate />
      <LastUpdateTime />
    </Product>
    <Product>
      <PriceUpdateDate>2018/04/24 09:33</PriceUpdateDate>
      <ItemCode>8000380004669</ItemCode>
      <ItemType>1</ItemType>
      <ItemName>וופל  סנדוויץ`בטעם קקאו לואקר (200 גרם)</ItemName>
      <ManufactureName>ליימן שליסל בעמ</ManufactureName>
      <ManufactureCountry />
      <ManufactureItemDescription />
      <UnitQty>יח`</UnitQty>
      <Quantity>2</Quantity>
      <UnitMeasure>100 גרם</UnitMeasure>
      <BisWeighted>0</BisWeighted>
      <QtyInPackage>1</QtyInPackage>
      <ItemPrice>13.90</ItemPrice>
      <UnitOfMeasurePrice>6.95</UnitOfMeasurePrice>
      <AllowDiscount>0</AllowDiscount>
      <itemStatus>1</itemStatus>
      <LastUpdateDate />
      <LastUpdateTime />
    </Product>
    <Product>
      <PriceUpdateDate>2018/04/24 09:33</PriceUpdateDate>
      <ItemCode>8000380004676</ItemCode>
      <ItemType>1</ItemType>
      <ItemName>וופל  סנדוויץ`בטעם וניל לואקר (200 גרם)</ItemName>
      <ManufactureName>ליימן שליסל בעמ</ManufactureName>
      <ManufactureCountry />
      <ManufactureItemDescription />
      <UnitQty>יח`</UnitQty>
      <Quantity>2</Quantity>
      <UnitMeasure>100 גרם</UnitMeasure>
      <BisWeighted>0</BisWeighted>
      <QtyInPackage>1</QtyInPackage>
      <ItemPrice>13.90</ItemPrice>
      <UnitOfMeasurePrice>6.95</UnitOfMeasurePrice>
      <AllowDiscount>0</AllowDiscount>
      <itemStatus>1</itemStatus>
      <LastUpdateDate />
      <LastUpdateTime />
    </Product>
    <Product>
      <PriceUpdateDate>2019/04/03 10:02</PriceUpdateDate>
      <ItemCode>8000380004911</ItemCode>
      <ItemType>1</ItemType>
      <ItemName>קוארדטיני 250 גר` אגוז</ItemName>
      <ManufactureName>ליימן שליסל בעמ</ManufactureName>
      <ManufactureCountry />
      <ManufactureItemDescription />
      <UnitQty>יח`</UnitQty>
      <Quantity>2.50</Quantity>
      <UnitMeasure>100 גרם</UnitMeasure>
      <BisWeighted>0</BisWeighted>
      <QtyInPackage>1</QtyInPackage>
      <ItemPrice>14.90</ItemPrice>
      <UnitOfMeasurePrice>5.96</UnitOfMeasurePrice>
      <AllowDiscount>1</AllowDiscount>
      <itemStatus>1</itemStatus>
      <LastUpdateDate />
      <LastUpdateTime />
    </Product>
    <Product>
      <PriceUpdateDate>2019/04/03 10:02</PriceUpdateDate>
      <ItemCode>8000380004966</ItemCode>
      <ItemType>1</ItemType>
      <ItemName>קוארדטיני 250 גר` קקאו</ItemName>
      <ManufactureName>ליימן שליסל בעמ</ManufactureName>
      <ManufactureCountry />
      <ManufactureItemDescription />
      <UnitQty>יח`</UnitQty>
      <Quantity>2.50</Quantity>
      <UnitMeasure>100 גרם</UnitMeasure>
      <BisWeighted>0</BisWeighted>
      <QtyInPackage>1</QtyInPackage>
      <ItemPrice>14.90</ItemPrice>
      <UnitOfMeasurePrice>5.96</UnitOfMeasurePrice>
      <AllowDiscount>1</AllowDiscount>
      <itemStatus>1</itemStatus>
      <LastUpdateDate />
      <LastUpdateTime />
    </Product>
    <Product>
      <PriceUpdateDate>2018/07/25 12:13</PriceUpdateDate>
      <ItemCode>8000380007219</ItemCode>
      <ItemType>1</ItemType>
      <ItemName>וופל בטעם אגוזים לואקר (175 גרם)</ItemName>
      <ManufactureName>ליימן שליסל בעמ</ManufactureName>
      <ManufactureCountry />
      <ManufactureItemDescription />
      <UnitQty>יח`</UnitQty>
      <Quantity>1.75</Quantity>
      <UnitMeasure>100 גרם</UnitMeasure>
      <BisWeighted>0</BisWeighted>
      <QtyInPackage>1</QtyInPackage>
      <ItemPrice>10.90</ItemPrice>
      <UnitOfMeasurePrice>6.23</UnitOfMeasurePrice>
      <AllowDiscount>1</AllowDiscount>
      <itemStatus>1</itemStatus>
      <LastUpdateDate />
      <LastUpdateTime />
    </Product>
    <Product>
      <PriceUpdateDate>2019/04/03 10:02</PriceUpdateDate>
      <ItemCode>8000380007257</ItemCode>
      <ItemType>1</ItemType>
      <ItemName>וופל גרדנה 200</ItemName>
      <ManufactureName>ליימן שליסל בעמ</ManufactureName>
      <ManufactureCountry />
      <ManufactureItemDescription />
      <UnitQty>יח`</UnitQty>
      <Quantity>2</Quantity>
      <UnitMeasure>100 גרם</UnitMeasure>
      <BisWeighted>0</BisWeighted>
      <QtyInPackage>1</QtyInPackage>
      <ItemPrice>14.40</ItemPrice>
      <UnitOfMeasurePrice>7.20</UnitOfMeasurePrice>
      <AllowDiscount>1</AllowDiscount>
      <itemStatus>1</itemStatus>
      <LastUpdateDate />
      <LastUpdateTime />
    </Product>
    <Product>
      <PriceUpdateDate>2018/07/25 12:13</PriceUpdateDate>
      <ItemCode>8000380007264</ItemCode>
      <ItemType>1</ItemType>
      <ItemName>וופל קקאו לואקר (175 גרם)</ItemName>
      <ManufactureName>ליימן שליסל בעמ</ManufactureName>
      <ManufactureCountry />
      <ManufactureItemDescription />
      <UnitQty>יח`</UnitQty>
      <Quantity>1.75</Quantity>
      <UnitMeasure>100 גרם</UnitMeasure>
      <BisWeighted>0</BisWeighted>
      <QtyInPackage>1</QtyInPackage>
      <ItemPrice>10.90</ItemPrice>
      <UnitOfMeasurePrice>6.23</UnitOfMeasurePrice>
      <AllowDiscount>1</AllowDiscount>
      <itemStatus>1</itemStatus>
      <LastUpdateDate />
      <LastUpdateTime />
    </Product>
    <Product>
      <PriceUpdateDate>2019/03/03 07:48</PriceUpdateDate>
      <ItemCode>8000380144044</ItemCode>
      <ItemType>1</ItemType>
      <ItemName>וופל גרדנה שוקולד 200 גר</ItemName>
      <ManufactureName>ליימן שליסל בעמ</ManufactureName>
      <ManufactureCountry />
      <ManufactureItemDescription />
      <UnitQty>יח`</UnitQty>
      <Quantity>2</Quantity>
      <UnitMeasure>100 גרם</UnitMeasure>
      <BisWeighted>0</BisWeighted>
      <QtyInPackage>1</QtyInPackage>
      <ItemPrice>14.40</ItemPrice>
      <UnitOfMeasurePrice>7.20</UnitOfMeasurePrice>
      <AllowDiscount>1</AllowDiscount>
      <itemStatus>1</itemStatus>
      <LastUpdateDate />
      <LastUpdateTime />
    </Product>
    <Product>
      <PriceUpdateDate>2018/04/24 11:44</PriceUpdateDate>
      <ItemCode>8000380152704</ItemCode>
      <ItemType>1</ItemType>
      <ItemName>מארז חטיפי אצבעות גרדנה אגוז 125 גר</ItemName>
      <ManufactureName>ליימן שליסל בעמ</ManufactureName>
      <ManufactureCountry />
      <ManufactureItemDescription />
      <UnitQty>יח`</UnitQty>
      <Quantity>1.25</Quantity>
      <UnitMeasure>100 גרם</UnitMeasure>
      <BisWeighted>0</BisWeighted>
      <QtyInPackage>1</QtyInPackage>
      <ItemPrice>16.90</ItemPrice>
      <UnitOfMeasurePrice>13.52</UnitOfMeasurePrice>
      <AllowDiscount>0</AllowDiscount>
      <itemStatus>1</itemStatus>
      <LastUpdateDate />
      <LastUpdateTime />
    </Product>
    <Product>
      <PriceUpdateDate>2018/04/24 12:38</PriceUpdateDate>
      <ItemCode>8000380157440</ItemCode>
      <ItemType>1</ItemType>
      <ItemName>טבלת שוקולד קרם אגוזים לואקר (85 גרם)</ItemName>
      <ManufactureName>ליימן שליסל בעמ</ManufactureName>
      <ManufactureCountry />
      <ManufactureItemDescription />
      <UnitQty>יח`</UnitQty>
      <Quantity>0.85</Quantity>
      <UnitMeasure>100 גרם</UnitMeasure>
      <BisWeighted>0</BisWeighted>
      <QtyInPackage>1</QtyInPackage>
      <ItemPrice>7.90</ItemPrice>
      <UnitOfMeasurePrice>9.29</UnitOfMeasurePrice>
      <AllowDiscount>1</AllowDiscount>
      <itemStatus>1</itemStatus>
      <LastUpdateDate />
      <LastUpdateTime />
    </Product>
    <Product>
      <PriceUpdateDate>2018/07/25 12:13</PriceUpdateDate>
      <ItemCode>8000380180721</ItemCode>
      <ItemType>1</ItemType>
      <ItemName>לואקר קלאסי שוקו חלב 175קג</ItemName>
      <ManufactureName>ליימן שליסל בעמ</ManufactureName>
      <ManufactureCountry />
      <ManufactureItemDescription />
      <UnitQty>יח`</UnitQty>
      <Quantity>1.75</Quantity>
      <UnitMeasure>100 גרם</UnitMeasure>
      <BisWeighted>0</BisWeighted>
      <QtyInPackage>1</QtyInPackage>
      <ItemPrice>10.90</ItemPrice>
      <UnitOfMeasurePrice>6.23</UnitOfMeasurePrice>
      <AllowDiscount>1</AllowDiscount>
      <itemStatus>1</itemStatus>
      <LastUpdateDate />
      <LastUpdateTime />
    </Product>
    <Product>
      <PriceUpdateDate>2018/04/24 12:33</PriceUpdateDate>
      <ItemCode>8000380180745</ItemCode>
      <ItemType>1</ItemType>
      <ItemName>קוארדטיני 250 גר` שוקו- חלב</ItemName>
      <ManufactureName>ליימן שליסל בעמ</ManufactureName>
      <ManufactureCountry />
      <ManufactureItemDescription />
      <UnitQty>יח`</UnitQty>
      <Quantity>2.50</Quantity>
      <UnitMeasure>100 גרם</UnitMeasure>
      <BisWeighted>0</BisWeighted>
      <QtyInPackage>1</QtyInPackage>
      <ItemPrice>14.90</ItemPrice>
      <UnitOfMeasurePrice>5.96</UnitOfMeasurePrice>
      <AllowDiscount>1</AllowDiscount>
      <itemStatus>1</itemStatus>
      <LastUpdateDate />
      <LastUpdateTime />
    </Product>
    <Product>
      <PriceUpdateDate>2018/04/24 13:07</PriceUpdateDate>
      <ItemCode>8000380184323</ItemCode>
      <ItemType>1</ItemType>
      <ItemName>שוקולד לואקר מריר 80 גר`</ItemName>
      <ManufactureName>ליימן שליסל בעמ</ManufactureName>
      <ManufactureCountry />
      <ManufactureItemDescription />
      <UnitQty>יח`</UnitQty>
      <Quantity>0.80</Quantity>
      <UnitMeasure>100 גרם</UnitMeasure>
      <BisWeighted>0</BisWeighted>
      <QtyInPackage>1</QtyInPackage>
      <ItemPrice>7.90</ItemPrice>
      <UnitOfMeasurePrice>9.88</UnitOfMeasurePrice>
      <AllowDiscount>1</AllowDiscount>
      <itemStatus>1</itemStatus>
      <LastUpdateDate />
      <LastUpdateTime />
    </Product>
    <Product>
      <PriceUpdateDate>2018/04/24 13:07</PriceUpdateDate>
      <ItemCode>8000380184330</ItemCode>
      <ItemType>1</ItemType>
      <ItemName>שוקולד לואקר לבן 80 גר`</ItemName>
      <ManufactureName>ליימן שליסל בעמ</ManufactureName>
      <ManufactureCountry />
      <ManufactureItemDescription />
      <UnitQty>יח`</UnitQty>
      <Quantity>0.80</Quantity>
      <UnitMeasure>100 גרם</UnitMeasure>
      <BisWeighted>0</BisWeighted>
      <QtyInPackage>1</QtyInPackage>
      <ItemPrice>7.90</ItemPrice>
      <UnitOfMeasurePrice>9.88</UnitOfMeasurePrice>
      <AllowDiscount>1</AllowDiscount>
      <itemStatus>1</itemStatus>
      <LastUpdateDate />
      <LastUpdateTime />
    </Product>
    <Product>
      <PriceUpdateDate>2019/04/17 16:12</PriceUpdateDate>
      <ItemCode>8000380192199</ItemCode>
      <ItemType>1</ItemType>
      <ItemName>וופל בטעם דאבל שוקולד לואקר (175 גרם)</ItemName>
      <ManufactureName>ליימן שליסל בעמ</ManufactureName>
      <ManufactureCountry />
      <ManufactureItemDescription />
      <UnitQty>יח`</UnitQty>
      <Quantity>1.75</Quantity>
      <UnitMeasure>100 גרם</UnitMeasure>
      <BisWeighted>0</BisWeighted>
      <QtyInPackage>1</QtyInPackage>
      <ItemPrice>10.90</ItemPrice>
      <UnitOfMeasurePrice>6.23</UnitOfMeasurePrice>
      <AllowDiscount>1</AllowDiscount>
      <itemStatus>1</itemStatus>
      <LastUpdateDate />
      <LastUpdateTime />
    </Product>
    <Product>
      <PriceUpdateDate>2018/04/24 12:19</PriceUpdateDate>
      <ItemCode>8000392011006</ItemCode>
      <ItemType>1</ItemType>
      <ItemName>מברשת מסיליקון</ItemName>
      <ManufactureName>מ.א.ייצור ויבוא מטליות בעמ</ManufactureName>
      <ManufactureCountry />
      <ManufactureItemDescription />
      <UnitQty>יח`</UnitQty>
      <Quantity>1</Quantity>
      <UnitMeasure />
      <BisWeighted>0</BisWeighted>
      <QtyInPackage>1</QtyInPackage>
      <ItemPrice>29.90</ItemPrice>
      <UnitOfMeasurePrice>29.90</UnitOfMeasurePrice>
      <AllowDiscount>0</AllowDiscount>
      <itemStatus>1</itemStatus>
      <LastUpdateDate />
      <LastUpdateTime />
    </Product>
    <Product>
      <PriceUpdateDate>2018/04/24 13:12</PriceUpdateDate>
      <ItemCode>8000392503310</ItemCode>
      <ItemType>1</ItemType>
      <ItemName>מטאטא סיליקון+מקל  פרמיום כחול</ItemName>
      <ManufactureName>מ.א.ייצור ויבוא מטליות בעמ</ManufactureName>
      <ManufactureCountry />
      <ManufactureItemDescription />
      <UnitQty>יח`</UnitQty>
      <Quantity>1</Quantity>
      <UnitMeasure />
      <BisWeighted>0</BisWeighted>
      <QtyInPackage>1</QtyInPackage>
      <ItemPrice>79</ItemPrice>
      <UnitOfMeasurePrice>79</UnitOfMeasurePrice>
      <AllowDiscount>0</AllowDiscount>
      <itemStatus>1</itemStatus>
      <LastUpdateDate />
      <LastUpdateTime />
    </Product>
    <Product>
      <PriceUpdateDate>2018/04/24 09:33</PriceUpdateDate>
      <ItemCode>8000500023624</ItemCode>
      <ItemType>1</ItemType>
      <ItemName>חטיף הפי היפו קינדר (5  יח`- 103.5 גרם)</ItemName>
      <ManufactureName>פרימיום-חברה לדברי מתיקה ולמסח</ManufactureName>
      <ManufactureCountry />
      <ManufactureItemDescription />
      <UnitQty>יח`</UnitQty>
      <Quantity>0.90</Quantity>
      <UnitMeasure>100 גרם</UnitMeasure>
      <BisWeighted>0</BisWeighted>
      <QtyInPackage>1</QtyInPackage>
      <ItemPrice>11.90</ItemPrice>
      <UnitOfMeasurePrice>13.22</UnitOfMeasurePrice>
      <AllowDiscount>0</AllowDiscount>
      <itemStatus>1</itemStatus>
      <LastUpdateDate />
      <LastUpdateTime />
    </Product>
    <Product>
      <PriceUpdateDate>2019/01/07 10:57</PriceUpdateDate>
      <ItemCode>8000500023976</ItemCode>
      <ItemType>1</ItemType>
      <ItemName>בונבוניירת רפאלו פררו (150 גרם)</ItemName>
      <ManufactureName>פרימיום-חברה לדברי מתיקה ולמסח</ManufactureName>
      <ManufactureCountry />
      <ManufactureItemDescription />
      <UnitQty>יח`</UnitQty>
      <Quantity>1.50</Quantity>
      <UnitMeasure>100 גרם</UnitMeasure>
      <BisWeighted>0</BisWeighted>
      <QtyInPackage>1</QtyInPackage>
      <ItemPrice>17.90</ItemPrice>
      <UnitOfMeasurePrice>11.93</UnitOfMeasurePrice>
      <AllowDiscount>0</AllowDiscount>
      <itemStatus>1</itemStatus>
      <LastUpdateDate />
      <LastUpdateTime />
    </Product>
    <Product>
      <PriceUpdateDate>2019/12/25 08:57</PriceUpdateDate>
      <ItemCode>8000500026731</ItemCode>
      <ItemType>1</ItemType>
      <ItemName>ביצת הפתעה קינדר (20x3 גרם)</ItemName>
      <ManufactureName>פרימיום-חברה לדברי מתיקה ולמסח</ManufactureName>
      <ManufactureCountry />
      <ManufactureItemDescription />
      <UnitQty>יח`</UnitQty>
      <Quantity>0.60</Quantity>
      <UnitMeasure>100 גרם</UnitMeasure>
      <BisWeighted>0</BisWeighted>
      <QtyInPackage>1</QtyInPackage>
      <ItemPrice>14.90</ItemPrice>
      <UnitOfMeasurePrice>24.83</UnitOfMeasurePrice>
      <AllowDiscount>0</AllowDiscount>
      <itemStatus>1</itemStatus>
      <LastUpdateDate />
      <LastUpdateTime />
    </Product>
    <Product>
      <PriceUpdateDate>2018/04/24 09:33</PriceUpdateDate>
      <ItemCode>8000500029350</ItemCode>
      <ItemType>1</ItemType>
      <ItemName>בואנו וופל קינדר (43x3 גרם)</ItemName>
      <ManufactureName>פרימיום-חברה לדברי מתיקה ולמסח</ManufactureName>
      <ManufactureCountry />
      <ManufactureItemDescription />
      <UnitQty>יח`</UnitQty>
      <Quantity>1.29</Quantity>
      <UnitMeasure>100 גרם</UnitMeasure>
      <BisWeighted>0</BisWeighted>
      <QtyInPackage>1</QtyInPackage>
      <ItemPrice>9.90</ItemPrice>
      <UnitOfMeasurePrice>7.67</UnitOfMeasurePrice>
      <AllowDiscount>1</AllowDiscount>
      <itemStatus>1</itemStatus>
      <LastUpdateDate />
      <LastUpdateTime />
    </Product>
    <Product>
      <PriceUpdateDate>2018/07/25 08:50</PriceUpdateDate>
      <ItemCode>8000500071083</ItemCode>
      <ItemType>1</ItemType>
      <ItemName>אצבעות שוקולד קינדר (16  יח`- 200 גרם)</ItemName>
      <ManufactureName>פרימיום-חברה לדברי מתיקה ולמסח</ManufactureName>
      <ManufactureCountry />
      <ManufactureItemDescription />
      <UnitQty>יח`</UnitQty>
      <Quantity>2</Quantity>
      <UnitMeasure>100 גרם</UnitMeasure>
      <BisWeighted>0</BisWeighted>
      <QtyInPackage>1</QtyInPackage>
      <ItemPrice>11.90</ItemPrice>
      <UnitOfMeasurePrice>5.95</UnitOfMeasurePrice>
      <AllowDiscount>0</AllowDiscount>
      <itemStatus>1</itemStatus>
      <LastUpdateDate />
      <LastUpdateTime />
    </Product>
    <Product>
      <PriceUpdateDate>2019/12/25 08:57</PriceUpdateDate>
      <ItemCode>8000500075708</ItemCode>
      <ItemType>1</ItemType>
      <ItemName>קינדר ג`וי שלשות - כחול</ItemName>
      <ManufactureName>פרימיום-חברה לדברי מתיקה ולמסח</ManufactureName>
      <ManufactureCountry />
      <ManufactureItemDescription />
      <UnitQty>יח`</UnitQty>
      <Quantity>0.60</Quantity>
      <UnitMeasure>100 גרם</UnitMeasure>
      <BisWeighted>0</BisWeighted>
      <QtyInPackage>1</QtyInPackage>
      <ItemPrice>14.90</ItemPrice>
      <UnitOfMeasurePrice>24.83</UnitOfMeasurePrice>
      <AllowDiscount>1</AllowDiscount>
      <itemStatus>1</itemStatus>
      <LastUpdateDate />
      <LastUpdateTime />
    </Product>
    <Product>
      <PriceUpdateDate>2018/04/24 09:35</PriceUpdateDate>
      <ItemCode>8000500121436</ItemCode>
      <ItemType>1</ItemType>
      <ItemName>בואנו וופל לבן קינדר (39x3 גרם)</ItemName>
      <ManufactureName>פרימיום-חברה לדברי מתיקה ולמסח</ManufactureName>
      <ManufactureCountry />
      <ManufactureItemDescription />
      <UnitQty>יח`</UnitQty>
      <Quantity>1.17</Quantity>
      <UnitMeasure>100 גרם</UnitMeasure>
      <BisWeighted>0</BisWeighted>
      <QtyInPackage>1</QtyInPackage>
      <ItemPrice>9.90</ItemPrice>
      <UnitOfMeasurePrice>8.46</UnitOfMeasurePrice>
      <AllowDiscount>1</AllowDiscount>
      <itemStatus>1</itemStatus>
      <LastUpdateDate />
      <LastUpdateTime />
    </Product>
    <Product>
      <PriceUpdateDate>2019/09/15 13:16</PriceUpdateDate>
      <ItemCode>8000500167656</ItemCode>
      <ItemType>1</ItemType>
      <ItemName>קינדר שוקולד עם דגנים</ItemName>
      <ManufactureName>פרימיום-חברה לדברי מתיקה ולמסח</ManufactureName>
      <ManufactureCountry />
      <ManufactureItemDescription />
      <UnitQty>יח`</UnitQty>
      <Quantity>1</Quantity>
      <UnitMeasure />
      <BisWeighted>0</BisWeighted>
      <QtyInPackage>1</QtyInPackage>
      <ItemPrice>7.90</ItemPrice>
      <UnitOfMeasurePrice>7.90</UnitOfMeasurePrice>
      <AllowDiscount>0</AllowDiscount>
      <itemStatus>1</itemStatus>
      <LastUpdateDate />
      <LastUpdateTime />
    </Product>
    <Product>
      <PriceUpdateDate>2018/04/24 11:49</PriceUpdateDate>
      <ItemCode>8000500172810</ItemCode>
      <ItemType>1</ItemType>
      <ItemName>סוכריות תות שדה טיק טק (16x4 גרם)</ItemName>
      <ManufactureName>פרימיום-חברה לדברי מתיקה ולמסח</ManufactureName>
      <ManufactureCountry />
      <ManufactureItemDescription />
      <UnitQty>יח`</UnitQty>
      <Quantity>2.50</Quantity>
      <UnitMeasure>100 גרם</UnitMeasure>
      <BisWeighted>0</BisWeighted>
      <QtyInPackage>1</QtyInPackage>
      <ItemPrice>10.90</ItemPrice>
      <UnitOfMeasurePrice>4.36</UnitOfMeasurePrice>
      <AllowDiscount>1</AllowDiscount>
      <itemStatus>1</itemStatus>
      <LastUpdateDate />
      <LastUpdateTime />
    </Product>
    <Product>
      <PriceUpdateDate>2018/04/24 12:59</PriceUpdateDate>
      <ItemCode>8000500193389</ItemCode>
      <ItemType>1</ItemType>
      <ItemName>נוטלה 1 קג`</ItemName>
      <ManufactureName>פרימיום-חברה לדברי מתיקה ולמסח</ManufactureName>
      <ManufactureCountry />
      <ManufactureItemDescription />
      <UnitQty>יח`</UnitQty>
      <Quantity>10</Quantity>
      <UnitMeasure>100 גרם</UnitMeasure>
      <BisWeighted>0</BisWeighted>
      <QtyInPackage>1</QtyInPackage>
      <ItemPrice>34.90</ItemPrice>
      <UnitOfMeasurePrice>3.49</UnitOfMeasurePrice>
      <AllowDiscount>0</AllowDiscount>
      <itemStatus>1</itemStatus>
      <LastUpdateDate />
      <LastUpdateTime />
    </Product>
    <Product>
      <PriceUpdateDate>2018/04/24 13:04</PriceUpdateDate>
      <ItemCode>8000500214138</ItemCode>
      <ItemType>1</ItemType>
      <ItemName>קינדר בואנו דארק שלשה</ItemName>
      <ManufactureName>פרימיום-חברה לדברי מתיקה ולמסח</ManufactureName>
      <ManufactureCountry />
      <ManufactureItemDescription />
      <UnitQty>יח`</UnitQty>
      <Quantity>1.29</Quantity>
      <UnitMeasure>100 גרם</UnitMeasure>
      <BisWeighted>0</BisWeighted>
      <QtyInPackage>1</QtyInPackage>
      <ItemPrice>9.90</ItemPrice>
      <UnitOfMeasurePrice>7.67</UnitOfMeasurePrice>
      <AllowDiscount>1</AllowDiscount>
      <itemStatus>1</itemStatus>
      <LastUpdateDate />
      <LastUpdateTime />
    </Product>
    <Product>
      <PriceUpdateDate>2018/04/24 13:04</PriceUpdateDate>
      <ItemCode>8000500249352</ItemCode>
      <ItemType>1</ItemType>
      <ItemName>קינדר בואנו מיני מיקס</ItemName>
      <ManufactureName>פרימיום-חברה לדברי מתיקה ולמסח</ManufactureName>
      <ManufactureCountry />
      <ManufactureItemDescription />
      <UnitQty>יח`</UnitQty>
      <Quantity>1</Quantity>
      <UnitMeasure>100 גרם</UnitMeasure>
      <BisWeighted>0</BisWeighted>
      <QtyInPackage>1</QtyInPackage>
      <ItemPrice>19.90</ItemPrice>
      <UnitOfMeasurePrice>19.90</UnitOfMeasurePrice>
      <AllowDiscount>1</AllowDiscount>
      <itemStatus>1</itemStatus>
      <LastUpdateDate />
      <LastUpdateTime />
    </Product>
    <Product>
      <PriceUpdateDate>2019/01/09 14:14</PriceUpdateDate>
      <ItemCode>8000500256213</ItemCode>
      <ItemType>1</ItemType>
      <ItemName>קינדר שוקולד מיני 120 גר`</ItemName>
      <ManufactureName>פרימיום-חברה לדברי מתיקה ולמסח</ManufactureName>
      <ManufactureCountry />
      <ManufactureItemDescription />
      <UnitQty>יח`</UnitQty>
      <Quantity>1.20</Quantity>
      <UnitMeasure>100 גרם</UnitMeasure>
      <BisWeighted>0</BisWeighted>
      <QtyInPackage>1</QtyInPackage>
      <ItemPrice>9.90</ItemPrice>
      <UnitOfMeasurePrice>8.25</UnitOfMeasurePrice>
      <AllowDiscount>1</AllowDiscount>
      <itemStatus>1</itemStatus>
      <LastUpdateDate />
      <LastUpdateTime />
    </Product>
    <Product>
      <PriceUpdateDate>2018/08/13 09:39</PriceUpdateDate>
      <ItemCode>8000500267103</ItemCode>
      <ItemType>1</ItemType>
      <ItemName>10 עוגות אישית בעטיפה אישית 39  גר`קינדר</ItemName>
      <ManufactureName>פרימיום-חברה לדברי מתיקה ולמסח</ManufactureName>
      <ManufactureCountry />
      <ManufactureItemDescription />
      <UnitQty>יח`</UnitQty>
      <Quantity>3.90</Quantity>
      <UnitMeasure>100 גרם</UnitMeasure>
      <BisWeighted>0</BisWeighted>
      <QtyInPackage>1</QtyInPackage>
      <ItemPrice>19.90</ItemPrice>
      <UnitOfMeasurePrice>5.10</UnitOfMeasurePrice>
      <AllowDiscount>0</AllowDiscount>
      <itemStatus>1</itemStatus>
      <LastUpdateDate />
      <LastUpdateTime />
    </Product>
    <Product>
      <PriceUpdateDate>2020/03/24 14:07</PriceUpdateDate>
      <ItemCode>8000500268568</ItemCode>
      <ItemType>1</ItemType>
      <ItemName>בואנו וופל קינדר קוקוס (43x3 גרם)</ItemName>
      <ManufactureName>פרימיום-חברה לדברי מתיקה ולמסח</ManufactureName>
      <ManufactureCountry />
      <ManufactureItemDescription />
      <UnitQty>יח`</UnitQty>
      <Quantity>1.29</Quantity>
      <UnitMeasure>100 גרם</UnitMeasure>
      <BisWeighted>0</BisWeighted>
      <QtyInPackage>1</QtyInPackage>
      <ItemPrice>9.90</ItemPrice>
      <UnitOfMeasurePrice>7.67</UnitOfMeasurePrice>
      <AllowDiscount>1</AllowDiscount>
      <itemStatus>1</itemStatus>
      <LastUpdateDate />
      <LastUpdateTime />
    </Product>
    <Product>
      <PriceUpdateDate>2018/10/24 11:45</PriceUpdateDate>
      <ItemCode>8000700000050</ItemCode>
      <ItemType>1</ItemType>
      <ItemName>דאב סבון מוצק רביעיה</ItemName>
      <ManufactureName>יוניליוור ישראל שיווק בעמ</ManufactureName>
      <ManufactureCountry />
      <ManufactureItemDescription />
      <UnitQty>יח`</UnitQty>
      <Quantity>4</Quantity>
      <UnitMeasure>100 גרם</UnitMeasure>
      <BisWeighted>0</BisWeighted>
      <QtyInPackage>1</QtyInPackage>
      <ItemPrice>12.90</ItemPrice>
      <UnitOfMeasurePrice>3.23</UnitOfMeasurePrice>
      <AllowDiscount>1</AllowDiscount>
      <itemStatus>1</itemStatus>
      <LastUpdateDate />
      <LastUpdateTime />
    </Product>
    <Product>
      <PriceUpdateDate>2018/04/24 10:08</PriceUpdateDate>
      <ItemCode>8000798000307</ItemCode>
      <ItemType>1</ItemType>
      <ItemName>מברשת מגהץ</ItemName>
      <ManufactureName>מ.א.ייצור ויבוא מטליות בעמ</ManufactureName>
      <ManufactureCountry />
      <ManufactureItemDescription />
      <UnitQty>יח`</UnitQty>
      <Quantity>1</Quantity>
      <UnitMeasure>יח`</UnitMeasure>
      <BisWeighted>0</BisWeighted>
      <QtyInPackage>1</QtyInPackage>
      <ItemPrice>5.90</ItemPrice>
      <UnitOfMeasurePrice>5.90</UnitOfMeasurePrice>
      <AllowDiscount>0</AllowDiscount>
      <itemStatus>1</itemStatus>
      <LastUpdateDate />
      <LastUpdateTime />
    </Product>
    <Product>
      <PriceUpdateDate>2018/04/24 10:08</PriceUpdateDate>
      <ItemCode>8000798001144</ItemCode>
      <ItemType>1</ItemType>
      <ItemName>מברשת כלים</ItemName>
      <ManufactureName>מ.א.ייצור ויבוא מטליות בעמ</ManufactureName>
      <ManufactureCountry />
      <ManufactureItemDescription />
      <UnitQty>יח`</UnitQty>
      <Quantity>1</Quantity>
      <UnitMeasure />
      <BisWeighted>0</BisWeighted>
      <QtyInPackage>1</QtyInPackage>
      <ItemPrice>6.90</ItemPrice>
      <UnitOfMeasurePrice>6.90</UnitOfMeasurePrice>
      <AllowDiscount>0</AllowDiscount>
      <itemStatus>1</itemStatus>
      <LastUpdateDate />
      <LastUpdateTime />
    </Product>
    <Product>
      <PriceUpdateDate>2018/04/24 11:20</PriceUpdateDate>
      <ItemCode>8000798039949</ItemCode>
      <ItemType>1</ItemType>
      <ItemName>יעה+קל מודפס+גומי</ItemName>
      <ManufactureName>מ.א.ייצור ויבוא מטליות בעמ</ManufactureName>
      <ManufactureCountry />
      <ManufactureItemDescription />
      <UnitQty>יח`</UnitQty>
      <Quantity>1</Quantity>
      <UnitMeasure>יח`</UnitMeasure>
      <BisWeighted>0</BisWeighted>
      <QtyInPackage>1</QtyInPackage>
      <ItemPrice>14.90</ItemPrice>
      <UnitOfMeasurePrice>14.90</UnitOfMeasurePrice>
      <AllowDiscount>0</AllowDiscount>
      <itemStatus>1</itemStatus>
      <LastUpdateDate />
      <LastUpdateTime />
    </Product>
    <Product>
      <PriceUpdateDate>2018/05/17 10:38</PriceUpdateDate>
      <ItemCode>8001003100164</ItemCode>
      <ItemType>1</ItemType>
      <ItemName>סוכריות ג`לי 450 גר` יוגטה</ItemName>
      <ManufactureName>ליימן שליסל בעמ</ManufactureName>
      <ManufactureCountry />
      <ManufactureItemDescription />
      <UnitQty>יח`</UnitQty>
      <Quantity>4.50</Quantity>
      <UnitMeasure>100 גרם</UnitMeasure>
      <BisWeighted>0</BisWeighted>
      <QtyInPackage>1</QtyInPackage>
      <ItemPrice>11.90</ItemPrice>
      <UnitOfMeasurePrice>2.64</UnitOfMeasurePrice>
      <AllowDiscount>1</AllowDiscount>
      <itemStatus>1</itemStatus>
      <LastUpdateDate />
      <LastUpdateTime />
    </Product>
    <Product>
      <PriceUpdateDate>2018/11/16 08:47</PriceUpdateDate>
      <ItemCode>8001060034686</ItemCode>
      <ItemType>1</ItemType>
      <ItemName>פסטו בזיליקום פרווה 270  גר`סקוויז</ItemName>
      <ManufactureName>דיפלומט היינץ</ManufactureName>
      <ManufactureCountry />
      <ManufactureItemDescription />
      <UnitQty>יח`</UnitQty>
      <Quantity>2.70</Quantity>
      <UnitMeasure>100 גרם</UnitMeasure>
      <BisWeighted>0</BisWeighted>
      <QtyInPackage>1</QtyInPackage>
      <ItemPrice>19.90</ItemPrice>
      <UnitOfMeasurePrice>7.37</UnitOfMeasurePrice>
      <AllowDiscount>0</AllowDiscount>
      <itemStatus>1</itemStatus>
      <LastUpdateDate />
      <LastUpdateTime />
    </Product>
    <Product>
      <PriceUpdateDate>2018/11/16 08:47</PriceUpdateDate>
      <ItemCode>8001060034723</ItemCode>
      <ItemType>1</ItemType>
      <ItemName>פסטו אדום וצ`לי פיקנטי פרווה 270  גר`סק</ItemName>
      <ManufactureName>דיפלומט היינץ</ManufactureName>
      <ManufactureCountry />
      <ManufactureItemDescription />
      <UnitQty>יח`</UnitQty>
      <Quantity>2.70</Quantity>
      <UnitMeasure>100 גרם</UnitMeasure>
      <BisWeighted>0</BisWeighted>
      <QtyInPackage>1</QtyInPackage>
      <ItemPrice>17.90</ItemPrice>
      <UnitOfMeasurePrice>6.63</UnitOfMeasurePrice>
      <AllowDiscount>0</AllowDiscount>
      <itemStatus>1</itemStatus>
      <LastUpdateDate />
      <LastUpdateTime />
    </Product>
    <Product>
      <PriceUpdateDate>2019/10/07 13:49</PriceUpdateDate>
      <ItemCode>8001090015969</ItemCode>
      <ItemType>1</ItemType>
      <ItemName>טבליות למדיח פלטינום הכל באחד פיירי (63)</ItemName>
      <ManufactureName>דיפלומט מפיצים (1968) בעמ</ManufactureName>
      <ManufactureCountry />
      <ManufactureItemDescription />
      <UnitQty>יח`</UnitQty>
      <Quantity>1</Quantity>
      <UnitMeasure />
      <BisWeighted>0</BisWeighted>
      <QtyInPackage>1</QtyInPackage>
      <ItemPrice>49.90</ItemPrice>
      <UnitOfMeasurePrice>49.90</UnitOfMeasurePrice>
      <AllowDiscount>0</AllowDiscount>
      <itemStatus>1</itemStatus>
      <LastUpdateDate />
      <LastUpdateTime />
    </Product>
    <Product>
      <PriceUpdateDate>2019/10/07 13:49</PriceUpdateDate>
      <ItemCode>8001090016003</ItemCode>
      <ItemType>1</ItemType>
      <ItemName>טבליות למדיח קלאסי הכל באחד פיירי</ItemName>
      <ManufactureName>דיפלומט מפיצים (1968) בעמ</ManufactureName>
      <ManufactureCountry />
      <ManufactureItemDescription />
      <UnitQty>יח`</UnitQty>
      <Quantity>1</Quantity>
      <UnitMeasure />
      <BisWeighted>0</BisWeighted>
      <QtyInPackage>1</QtyInPackage>
      <ItemPrice>49.90</ItemPrice>
      <UnitOfMeasurePrice>49.90</UnitOfMeasurePrice>
      <AllowDiscount>0</AllowDiscount>
      <itemStatus>1</itemStatus>
      <LastUpdateDate />
      <LastUpdateTime />
    </Product>
    <Product>
      <PriceUpdateDate>2018/04/24 12:52</PriceUpdateDate>
      <ItemCode>8001090016102</ItemCode>
      <ItemType>1</ItemType>
      <ItemName>טבליות למדיח הכל באחד פיירי) (48</ItemName>
      <ManufactureName>דיפלומט מפיצים (1968) בעמ</ManufactureName>
      <ManufactureCountry />
      <ManufactureItemDescription />
      <UnitQty>יח`</UnitQty>
      <Quantity>1</Quantity>
      <UnitMeasure />
      <BisWeighted>0</BisWeighted>
      <QtyInPackage>1</QtyInPackage>
      <ItemPrice>44.90</ItemPrice>
      <UnitOfMeasurePrice>44.90</UnitOfMeasurePrice>
      <AllowDiscount>0</AllowDiscount>
      <itemStatus>1</itemStatus>
      <LastUpdateDate />
      <LastUpdateTime />
    </Product>
    <Product>
      <PriceUpdateDate>2018/04/24 12:52</PriceUpdateDate>
      <ItemCode>8001090033130</ItemCode>
      <ItemType>1</ItemType>
      <ItemName>טבליות למדיח פלטינום הכל באחד פיירי) (37</ItemName>
      <ManufactureName>דיפלומט מפיצים (1968) בעמ</ManufactureName>
      <ManufactureCountry />
      <ManufactureItemDescription />
      <UnitQty>יח`</UnitQty>
      <Quantity>1</Quantity>
      <UnitMeasure />
      <BisWeighted>0</BisWeighted>
      <QtyInPackage>1</QtyInPackage>
      <ItemPrice>44.90</ItemPrice>
      <UnitOfMeasurePrice>44.90</UnitOfMeasurePrice>
      <AllowDiscount>0</AllowDiscount>
      <itemStatus>1</itemStatus>
      <LastUpdateDate />
      <LastUpdateTime />
    </Product>
    <Product>
      <PriceUpdateDate>2018/04/24 12:39</PriceUpdateDate>
      <ItemCode>8001090033512</ItemCode>
      <ItemType>1</ItemType>
      <ItemName>טייד אבקת כביסה קולור 8 קג</ItemName>
      <ManufactureName>דיפלומט מפיצים (1968) בעמ</ManufactureName>
      <ManufactureCountry />
      <ManufactureItemDescription />
      <UnitQty>יח`</UnitQty>
      <Quantity>80</Quantity>
      <UnitMeasure>100 גרם</UnitMeasure>
      <BisWeighted>0</BisWeighted>
      <QtyInPackage>1</QtyInPackage>
      <ItemPrice>59.90</ItemPrice>
      <UnitOfMeasurePrice>0.75</UnitOfMeasurePrice>
      <AllowDiscount>1</AllowDiscount>
      <itemStatus>1</itemStatus>
      <LastUpdateDate />
      <LastUpdateTime />
    </Product>
    <Product>
      <PriceUpdateDate>2019/07/09 08:07</PriceUpdateDate>
      <ItemCode>8001090222459</ItemCode>
      <ItemType>1</ItemType>
      <ItemName>הרבל אסנסס מרכך חלב קוקוס 400 מל</ItemName>
      <ManufactureName>דיפלומט מפיצים (1968) בעמ</ManufactureName>
      <ManufactureCountry />
      <ManufactureItemDescription />
      <UnitQty>יח`</UnitQty>
      <Quantity>4</Quantity>
      <UnitMeasure>100 מ"ל</UnitMeasure>
      <BisWeighted>0</BisWeighted>
      <QtyInPackage>1</QtyInPackage>
      <ItemPrice>23.90</ItemPrice>
      <UnitOfMeasurePrice>5.98</UnitOfMeasurePrice>
      <AllowDiscount>1</AllowDiscount>
      <itemStatus>1</itemStatus>
      <LastUpdateDate />
      <LastUpdateTime />
    </Product>
    <Product>
      <PriceUpdateDate>2019/11/05 08:08</PriceUpdateDate>
      <ItemCode>8001090336354</ItemCode>
      <ItemType>1</ItemType>
      <ItemName>חיתולי ביביי דריי מידה 2 ( 46 יח) פמפרס</ItemName>
      <ManufactureName>דיפלומט מפיצים (1968) בעמ</ManufactureName>
      <ManufactureCountry />
      <ManufactureItemDescription />
      <UnitQty>יח`</UnitQty>
      <Quantity>1</Quantity>
      <UnitMeasure />
      <BisWeighted>0</BisWeighted>
      <QtyInPackage>1</QtyInPackage>
      <ItemPrice>29.90</ItemPrice>
      <UnitOfMeasurePrice>29.90</UnitOfMeasurePrice>
      <AllowDiscount>1</AllowDiscount>
      <itemStatus>1</itemStatus>
      <LastUpdateDate />
      <LastUpdateTime />
    </Product>
    <Product>
      <PriceUpdateDate>2019/11/05 08:08</PriceUpdateDate>
      <ItemCode>8001090336408</ItemCode>
      <ItemType>1</ItemType>
      <ItemName>חיתולי ביביי דריי מידה 3 ( 38 יח) פמפרס</ItemName>
      <ManufactureName>דיפלומט מפיצים (1968) בעמ</ManufactureName>
      <ManufactureCountry />
      <ManufactureItemDescription />
      <UnitQty>יח`</UnitQty>
      <Quantity>1</Quantity>
      <UnitMeasure />
      <BisWeighted>0</BisWeighted>
      <QtyInPackage>1</QtyInPackage>
      <ItemPrice>29.90</ItemPrice>
      <UnitOfMeasurePrice>29.90</UnitOfMeasurePrice>
      <AllowDiscount>1</AllowDiscount>
      <itemStatus>1</itemStatus>
      <LastUpdateDate />
      <LastUpdateTime />
    </Product>
    <Product>
      <PriceUpdateDate>2019/11/05 08:08</PriceUpdateDate>
      <ItemCode>8001090336446</ItemCode>
      <ItemType>1</ItemType>
      <ItemName>חיתולי ביביי דריי מידה 4 ( 34 יח) פמפרס</ItemName>
      <ManufactureName>דיפלומט מפיצים (1968) בעמ</ManufactureName>
      <ManufactureCountry />
      <ManufactureItemDescription />
      <UnitQty>יח`</UnitQty>
      <Quantity>1</Quantity>
      <UnitMeasure />
      <BisWeighted>0</BisWeighted>
      <QtyInPackage>1</QtyInPackage>
      <ItemPrice>29.90</ItemPrice>
      <UnitOfMeasurePrice>29.90</UnitOfMeasurePrice>
      <AllowDiscount>1</AllowDiscount>
      <itemStatus>1</itemStatus>
      <LastUpdateDate />
      <LastUpdateTime />
    </Product>
    <Product>
      <PriceUpdateDate>2019/11/05 08:08</PriceUpdateDate>
      <ItemCode>8001090336521</ItemCode>
      <ItemType>1</ItemType>
      <ItemName>חיתולי ביביי דריי מידה 5( 30 יח) פמפרס</ItemName>
      <ManufactureName>דיפלומט מפיצים (1968) בעמ</ManufactureName>
      <ManufactureCountry />
      <ManufactureItemDescription />
      <UnitQty>יח`</UnitQty>
      <Quantity>1</Quantity>
      <UnitMeasure />
      <BisWeighted>0</BisWeighted>
      <QtyInPackage>1</QtyInPackage>
      <ItemPrice>29.90</ItemPrice>
      <UnitOfMeasurePrice>29.90</UnitOfMeasurePrice>
      <AllowDiscount>1</AllowDiscount>
      <itemStatus>1</itemStatus>
      <LastUpdateDate />
      <LastUpdateTime />
    </Product>
    <Product>
      <PriceUpdateDate>2019/11/05 08:08</PriceUpdateDate>
      <ItemCode>8001090336606</ItemCode>
      <ItemType>1</ItemType>
      <ItemName>חיתולי ביביי דריי מידה ( 26 יח) פמפרס</ItemName>
      <ManufactureName>דיפלומט מפיצים (1968) בעמ</ManufactureName>
      <ManufactureCountry />
      <ManufactureItemDescription />
      <UnitQty>יח`</UnitQty>
      <Quantity>1</Quantity>
      <UnitMeasure />
      <BisWeighted>0</BisWeighted>
      <QtyInPackage>1</QtyInPackage>
      <ItemPrice>29.90</ItemPrice>
      <UnitOfMeasurePrice>29.90</UnitOfMeasurePrice>
      <AllowDiscount>1</AllowDiscount>
      <itemStatus>1</itemStatus>
      <LastUpdateDate />
      <LastUpdateTime />
    </Product>
    <Product>
      <PriceUpdateDate>2018/04/24 13:07</PriceUpdateDate>
      <ItemCode>8001090375230</ItemCode>
      <ItemType>1</ItemType>
      <ItemName>פנטן מרכך הקסם 200 מל לחות מוגברת</ItemName>
      <ManufactureName>דיפלומט מפיצים (1968) בעמ</ManufactureName>
      <ManufactureCountry />
      <ManufactureItemDescription />
      <UnitQty>יח`</UnitQty>
      <Quantity>2</Quantity>
      <UnitMeasure>100 מ"ל</UnitMeasure>
      <BisWeighted>0</BisWeighted>
      <QtyInPackage>1</QtyInPackage>
      <ItemPrice>24.90</ItemPrice>
      <UnitOfMeasurePrice>12.45</UnitOfMeasurePrice>
      <AllowDiscount>1</AllowDiscount>
      <itemStatus>1</itemStatus>
      <LastUpdateDate />
      <LastUpdateTime />
    </Product>
    <Product>
      <PriceUpdateDate>2018/04/24 10:36</PriceUpdateDate>
      <ItemCode>8001090377487</ItemCode>
      <ItemType>1</ItemType>
      <ItemName>מסכה לחות מוגברת 300 מל פנטן</ItemName>
      <ManufactureName>דיפלומט מפיצים (1968) בעמ</ManufactureName>
      <ManufactureCountry />
      <ManufactureItemDescription />
      <UnitQty>יח`</UnitQty>
      <Quantity>3</Quantity>
      <UnitMeasure>100 מ"ל</UnitMeasure>
      <BisWeighted>0</BisWeighted>
      <QtyInPackage>1</QtyInPackage>
      <ItemPrice>39.90</ItemPrice>
      <UnitOfMeasurePrice>13.30</UnitOfMeasurePrice>
      <AllowDiscount>0</AllowDiscount>
      <itemStatus>1</itemStatus>
      <LastUpdateDate />
      <LastUpdateTime />
    </Product>
    <Product>
      <PriceUpdateDate>2018/07/08 11:12</PriceUpdateDate>
      <ItemCode>8001090379337</ItemCode>
      <ItemType>1</ItemType>
      <ItemName>חיתולי פמפרס פרימיום vp מידה 3 40 יח</ItemName>
      <ManufactureName>דיפלומט מפיצים (1968) בעמ</ManufactureName>
      <ManufactureCountry />
      <ManufactureItemDescription />
      <UnitQty>יח`</UnitQty>
      <Quantity>1</Quantity>
      <UnitMeasure />
      <BisWeighted>0</BisWeighted>
      <QtyInPackage>1</QtyInPackage>
      <ItemPrice>34.90</ItemPrice>
      <UnitOfMeasurePrice>34.90</UnitOfMeasurePrice>
      <AllowDiscount>1</AllowDiscount>
      <itemStatus>1</itemStatus>
      <LastUpdateDate />
      <LastUpdateTime />
    </Product>
    <Product>
      <PriceUpdateDate>2018/08/05 11:28</PriceUpdateDate>
      <ItemCode>8001090379399</ItemCode>
      <ItemType>1</ItemType>
      <ItemName>חיתולי פמפרס פרימיום vp מידה 5 30 יח`</ItemName>
      <ManufactureName>דיפלומט מפיצים (1968) בעמ</ManufactureName>
      <ManufactureCountry />
      <ManufactureItemDescription />
      <UnitQty>יח`</UnitQty>
      <Quantity>1</Quantity>
      <UnitMeasure />
      <BisWeighted>0</BisWeighted>
      <QtyInPackage>1</QtyInPackage>
      <ItemPrice>34.90</ItemPrice>
      <UnitOfMeasurePrice>34.90</UnitOfMeasurePrice>
      <AllowDiscount>1</AllowDiscount>
      <itemStatus>1</itemStatus>
      <LastUpdateDate />
      <LastUpdateTime />
    </Product>
    <Product>
      <PriceUpdateDate>2018/04/24 13:02</PriceUpdateDate>
      <ItemCode>8001090458322</ItemCode>
      <ItemType>1</ItemType>
      <ItemName>פיירי ורדים ומשי 1.015 מל</ItemName>
      <ManufactureName>דיפלומט מפיצים (1968) בעמ</ManufactureName>
      <ManufactureCountry />
      <ManufactureItemDescription />
      <UnitQty>יח`</UnitQty>
      <Quantity>1.0150</Quantity>
      <UnitMeasure>1 ליטר</UnitMeasure>
      <BisWeighted>0</BisWeighted>
      <QtyInPackage>1</QtyInPackage>
      <ItemPrice>17.90</ItemPrice>
      <UnitOfMeasurePrice>17.64</UnitOfMeasurePrice>
      <AllowDiscount>1</AllowDiscount>
      <itemStatus>1</itemStatus>
      <LastUpdateDate />
      <LastUpdateTime />
    </Product>
    <Product>
      <PriceUpdateDate>2020/02/16 07:48</PriceUpdateDate>
      <ItemCode>8001090678614</ItemCode>
      <ItemType>1</ItemType>
      <ItemName>שולדרס שמפו סופרים לחות 400 מל</ItemName>
      <ManufactureName>דיפלומט מפיצים (1968) בעמ</ManufactureName>
      <ManufactureCountry />
      <ManufactureItemDescription />
      <UnitQty>יח`</UnitQty>
      <Quantity>4</Quantity>
      <UnitMeasure>100 מ"ל</UnitMeasure>
      <BisWeighted>0</BisWeighted>
      <QtyInPackage>1</QtyInPackage>
      <ItemPrice>20.90</ItemPrice>
      <UnitOfMeasurePrice>5.23</UnitOfMeasurePrice>
      <AllowDiscount>1</AllowDiscount>
      <itemStatus>1</itemStatus>
      <LastUpdateDate />
      <LastUpdateTime />
    </Product>
    <Product>
      <PriceUpdateDate>2019/10/23 09:40</PriceUpdateDate>
      <ItemCode>8001090721099</ItemCode>
      <ItemType>1</ItemType>
      <ItemName>אריאל טבליות לכביסה 27 יחידות</ItemName>
      <ManufactureName>דיפלומט מפיצים (1968) בעמ</ManufactureName>
      <ManufactureCountry />
      <ManufactureItemDescription />
      <UnitQty>יח`</UnitQty>
      <Quantity>1</Quantity>
      <UnitMeasure />
      <BisWeighted>0</BisWeighted>
      <QtyInPackage>1</QtyInPackage>
      <ItemPrice>34.90</ItemPrice>
      <UnitOfMeasurePrice>34.90</UnitOfMeasurePrice>
      <AllowDiscount>0</AllowDiscount>
      <itemStatus>1</itemStatus>
      <LastUpdateDate />
      <LastUpdateTime />
    </Product>
    <Product>
      <PriceUpdateDate>2019/09/20 09:48</PriceUpdateDate>
      <ItemCode>8001090721129</ItemCode>
      <ItemType>1</ItemType>
      <ItemName>אריאל טבליות לכביסה קולור 27 יחידות</ItemName>
      <ManufactureName>דיפלומט מפיצים (1968) בעמ</ManufactureName>
      <ManufactureCountry />
      <ManufactureItemDescription />
      <UnitQty>יח`</UnitQty>
      <Quantity>1</Quantity>
      <UnitMeasure />
      <BisWeighted>0</BisWeighted>
      <QtyInPackage>1</QtyInPackage>
      <ItemPrice>34.90</ItemPrice>
      <UnitOfMeasurePrice>34.90</UnitOfMeasurePrice>
      <AllowDiscount>0</AllowDiscount>
      <itemStatus>1</itemStatus>
      <LastUpdateDate />
      <LastUpdateTime />
    </Product>
    <Product>
      <PriceUpdateDate>2019/09/03 12:32</PriceUpdateDate>
      <ItemCode>8001090721150</ItemCode>
      <ItemType>1</ItemType>
      <ItemName>אריאל קפסולות לכביסה 40 יחידות</ItemName>
      <ManufactureName>דיפלומט מפיצים (1968) בעמ</ManufactureName>
      <ManufactureCountry />
      <ManufactureItemDescription />
      <UnitQty>יח`</UnitQty>
      <Quantity>1</Quantity>
      <UnitMeasure />
      <BisWeighted>0</BisWeighted>
      <QtyInPackage>1</QtyInPackage>
      <ItemPrice>39.90</ItemPrice>
      <UnitOfMeasurePrice>39.90</UnitOfMeasurePrice>
      <AllowDiscount>1</AllowDiscount>
      <itemStatus>1</itemStatus>
      <LastUpdateDate />
      <LastUpdateTime />
    </Product>
    <Product>
      <PriceUpdateDate>2019/04/08 19:30</PriceUpdateDate>
      <ItemCode>8001090734044</ItemCode>
      <ItemType>1</ItemType>
      <ItemName>מגן תחתון אולווייז מגה פק לארג` פרש 64 י</ItemName>
      <ManufactureName>דיפלומט מפיצים (1968) בעמ</ManufactureName>
      <ManufactureCountry />
      <ManufactureItemDescription />
      <UnitQty>יח`</UnitQty>
      <Quantity>1</Quantity>
      <UnitMeasure />
      <BisWeighted>0</BisWeighted>
      <QtyInPackage>1</QtyInPackage>
      <ItemPrice>26.90</ItemPrice>
      <UnitOfMeasurePrice>26.90</UnitOfMeasurePrice>
      <AllowDiscount>1</AllowDiscount>
      <itemStatus>1</itemStatus>
      <LastUpdateDate />
      <LastUpdateTime />
    </Product>
    <Product>
      <PriceUpdateDate>2018/07/23 10:22</PriceUpdateDate>
      <ItemCode>8001090737809</ItemCode>
      <ItemType>1</ItemType>
      <ItemName>מגן תחתון אולדייז סינגל טנגה 36 יחידות</ItemName>
      <ManufactureName>דיפלומט מפיצים (1968) בעמ</ManufactureName>
      <ManufactureCountry />
      <ManufactureItemDescription />
      <UnitQty>יח`</UnitQty>
      <Quantity>1</Quantity>
      <UnitMeasure />
      <BisWeighted>0</BisWeighted>
      <QtyInPackage>1</QtyInPackage>
      <ItemPrice>15.90</ItemPrice>
      <UnitOfMeasurePrice>15.90</UnitOfMeasurePrice>
      <AllowDiscount>0</AllowDiscount>
      <itemStatus>1</itemStatus>
      <LastUpdateDate />
      <LastUpdateTime />
    </Product>
    <Product>
      <PriceUpdateDate>2019/04/08 19:30</PriceUpdateDate>
      <ItemCode>8001090740717</ItemCode>
      <ItemType>1</ItemType>
      <ItemName>מגן תחתון אולדייז נורמל אולווייז (76)</ItemName>
      <ManufactureName>דיפלומט מפיצים (1968) בעמ</ManufactureName>
      <ManufactureCountry />
      <ManufactureItemDescription />
      <UnitQty>יח`</UnitQty>
      <Quantity>1</Quantity>
      <UnitMeasure />
      <BisWeighted>0</BisWeighted>
      <QtyInPackage>1</QtyInPackage>
      <ItemPrice>26.90</ItemPrice>
      <UnitOfMeasurePrice>26.90</UnitOfMeasurePrice>
      <AllowDiscount>1</AllowDiscount>
      <itemStatus>1</itemStatus>
      <LastUpdateDate />
      <LastUpdateTime />
    </Product>
    <Product>
      <PriceUpdateDate>2020/02/16 07:48</PriceUpdateDate>
      <ItemCode>8001090810083</ItemCode>
      <ItemType>1</ItemType>
      <ItemName>מרכך נוסחה קלאסית  פנטן(500 מל)</ItemName>
      <ManufactureName>דיפלומט מפיצים (1968) בעמ</ManufactureName>
      <ManufactureCountry />
      <ManufactureItemDescription />
      <UnitQty>יח`</UnitQty>
      <Quantity>5</Quantity>
      <UnitMeasure>100 מ"ל</UnitMeasure>
      <BisWeighted>0</BisWeighted>
      <QtyInPackage>1</QtyInPackage>
      <ItemPrice>15.90</ItemPrice>
      <UnitOfMeasurePrice>3.18</UnitOfMeasurePrice>
      <AllowDiscount>1</AllowDiscount>
      <itemStatus>1</itemStatus>
      <LastUpdateDate />
      <LastUpdateTime />
    </Product>
    <Product>
      <PriceUpdateDate>2020/02/16 07:48</PriceUpdateDate>
      <ItemCode>8001090810120</ItemCode>
      <ItemType>1</ItemType>
      <ItemName>מרכך שמן מרוקאי משקם  פנטן(500 מל)</ItemName>
      <ManufactureName>דיפלומט מפיצים (1968) בעמ</ManufactureName>
      <ManufactureCountry />
      <ManufactureItemDescription />
      <UnitQty>יח`</UnitQty>
      <Quantity>5</Quantity>
      <UnitMeasure>100 מ"ל</UnitMeasure>
      <BisWeighted>0</BisWeighted>
      <QtyInPackage>1</QtyInPackage>
      <ItemPrice>15.90</ItemPrice>
      <UnitOfMeasurePrice>3.18</UnitOfMeasurePrice>
      <AllowDiscount>1</AllowDiscount>
      <itemStatus>1</itemStatus>
      <LastUpdateDate />
      <LastUpdateTime />
    </Product>
    <Product>
      <PriceUpdateDate>2020/02/16 07:48</PriceUpdateDate>
      <ItemCode>8001090810205</ItemCode>
      <ItemType>1</ItemType>
      <ItemName>שמפו נוסחה קלאסית  פנטן(500 מל)</ItemName>
      <ManufactureName>דיפלומט מפיצים (1968) בעמ</ManufactureName>
      <ManufactureCountry />
      <ManufactureItemDescription />
      <UnitQty>יח`</UnitQty>
      <Quantity>5</Quantity>
      <UnitMeasure>100 מ"ל</UnitMeasure>
      <BisWeighted>0</BisWeighted>
      <QtyInPackage>1</QtyInPackage>
      <ItemPrice>15.90</ItemPrice>
      <UnitOfMeasurePrice>3.18</UnitOfMeasurePrice>
      <AllowDiscount>1</AllowDiscount>
      <itemStatus>1</itemStatus>
      <LastUpdateDate />
      <LastUpdateTime />
    </Product>
    <Product>
      <PriceUpdateDate>2020/02/16 07:48</PriceUpdateDate>
      <ItemCode>8001090810281</ItemCode>
      <ItemType>1</ItemType>
      <ItemName>שמפו שמן מרוקאי משקם  פנטן(500 מל)</ItemName>
      <ManufactureName>דיפלומט מפיצים (1968) בעמ</ManufactureName>
      <ManufactureCountry />
      <ManufactureItemDescription />
      <UnitQty>יח`</UnitQty>
      <Quantity>5</Quantity>
      <UnitMeasure>100 מ"ל</UnitMeasure>
      <BisWeighted>0</BisWeighted>
      <QtyInPackage>1</QtyInPackage>
      <ItemPrice>15.90</ItemPrice>
      <UnitOfMeasurePrice>3.18</UnitOfMeasurePrice>
      <AllowDiscount>1</AllowDiscount>
      <itemStatus>1</itemStatus>
      <LastUpdateDate />
      <LastUpdateTime />
    </Product>
    <Product>
      <PriceUpdateDate>2020/02/16 07:48</PriceUpdateDate>
      <ItemCode>8001090810403</ItemCode>
      <ItemType>1</ItemType>
      <ItemName>שמפו למגע רק כמשי 500 מל פנטן</ItemName>
      <ManufactureName>דיפלומט מפיצים (1968) בעמ</ManufactureName>
      <ManufactureCountry />
      <ManufactureItemDescription />
      <UnitQty>יח`</UnitQty>
      <Quantity>5</Quantity>
      <UnitMeasure>100 מ"ל</UnitMeasure>
      <BisWeighted>0</BisWeighted>
      <QtyInPackage>1</QtyInPackage>
      <ItemPrice>15.90</ItemPrice>
      <UnitOfMeasurePrice>3.18</UnitOfMeasurePrice>
      <AllowDiscount>1</AllowDiscount>
      <itemStatus>1</itemStatus>
      <LastUpdateDate />
      <LastUpdateTime />
    </Product>
    <Product>
      <PriceUpdateDate>2018/12/19 10:44</PriceUpdateDate>
      <ItemCode>8001090833136</ItemCode>
      <ItemType>1</ItemType>
      <ItemName>אריאל ג`ל כביסה 2.255 ליטר בייבי</ItemName>
      <ManufactureName>דיפלומט מפיצים (1968) בעמ</ManufactureName>
      <ManufactureCountry />
      <ManufactureItemDescription />
      <UnitQty>יח`</UnitQty>
      <Quantity>1</Quantity>
      <UnitMeasure />
      <BisWeighted>0</BisWeighted>
      <QtyInPackage>1</QtyInPackage>
      <ItemPrice>32.90</ItemPrice>
      <UnitOfMeasurePrice>32.90</UnitOfMeasurePrice>
      <AllowDiscount>0</AllowDiscount>
      <itemStatus>1</itemStatus>
      <LastUpdateDate />
      <LastUpdateTime />
    </Product>
    <Product>
      <PriceUpdateDate>2019/07/03 17:09</PriceUpdateDate>
      <ItemCode>8001090850713</ItemCode>
      <ItemType>1</ItemType>
      <ItemName>לנור כדוריות הריח בניחוח רענן 140 גר`</ItemName>
      <ManufactureName>דיפלומט מפיצים (1968) בעמ</ManufactureName>
      <ManufactureCountry />
      <ManufactureItemDescription />
      <UnitQty>יח`</UnitQty>
      <Quantity>1.40</Quantity>
      <UnitMeasure>100 גרם</UnitMeasure>
      <BisWeighted>0</BisWeighted>
      <QtyInPackage>1</QtyInPackage>
      <ItemPrice>27.90</ItemPrice>
      <UnitOfMeasurePrice>19.93</UnitOfMeasurePrice>
      <AllowDiscount>1</AllowDiscount>
      <itemStatus>1</itemStatus>
      <LastUpdateDate />
      <LastUpdateTime />
    </Product>
    <Product>
      <PriceUpdateDate>2019/10/10 09:50</PriceUpdateDate>
      <ItemCode>8001090899194</ItemCode>
      <ItemType>1</ItemType>
      <ItemName>תחבושות אולוויז פלטינום נורמל 24 יח</ItemName>
      <ManufactureName>דיפלומט מפיצים (1968) בעמ</ManufactureName>
      <ManufactureCountry />
      <ManufactureItemDescription />
      <UnitQty>יח`</UnitQty>
      <Quantity>1</Quantity>
      <UnitMeasure />
      <BisWeighted>0</BisWeighted>
      <QtyInPackage>1</QtyInPackage>
      <ItemPrice>19.90</ItemPrice>
      <UnitOfMeasurePrice>19.90</UnitOfMeasurePrice>
      <AllowDiscount>1</AllowDiscount>
      <itemStatus>1</itemStatus>
      <LastUpdateDate />
      <LastUpdateTime />
    </Product>
    <Product>
      <PriceUpdateDate>2018/10/15 09:25</PriceUpdateDate>
      <ItemCode>8001090943095</ItemCode>
      <ItemType>1</ItemType>
      <ItemName>פיירי אנטי בקטריאלי 1.015 ליטר</ItemName>
      <ManufactureName>דיפלומט מפיצים (1968) בעמ</ManufactureName>
      <ManufactureCountry />
      <ManufactureItemDescription />
      <UnitQty>יח`</UnitQty>
      <Quantity>1.0150</Quantity>
      <UnitMeasure>1 ליטר</UnitMeasure>
      <BisWeighted>0</BisWeighted>
      <QtyInPackage>1</QtyInPackage>
      <ItemPrice>17.90</ItemPrice>
      <UnitOfMeasurePrice>17.64</UnitOfMeasurePrice>
      <AllowDiscount>1</AllowDiscount>
      <itemStatus>1</itemStatus>
      <LastUpdateDate />
      <LastUpdateTime />
    </Product>
    <Product>
      <PriceUpdateDate>2020/02/16 07:48</PriceUpdateDate>
      <ItemCode>8001090988362</ItemCode>
      <ItemType>1</ItemType>
      <ItemName>שמפו לחות מוגברת  פנטן( 500  מל)</ItemName>
      <ManufactureName>דיפלומט מפיצים (1968) בעמ</ManufactureName>
      <ManufactureCountry />
      <ManufactureItemDescription />
      <UnitQty>יח`</UnitQty>
      <Quantity>5</Quantity>
      <UnitMeasure>100 מ"ל</UnitMeasure>
      <BisWeighted>0</BisWeighted>
      <QtyInPackage>1</QtyInPackage>
      <ItemPrice>15.90</ItemPrice>
      <UnitOfMeasurePrice>3.18</UnitOfMeasurePrice>
      <AllowDiscount>1</AllowDiscount>
      <itemStatus>1</itemStatus>
      <LastUpdateDate />
      <LastUpdateTime />
    </Product>
    <Product>
      <PriceUpdateDate>2018/04/24 12:20</PriceUpdateDate>
      <ItemCode>8001160001892</ItemCode>
      <ItemType>1</ItemType>
      <ItemName>גוטרייד ספורט תפוז אדום</ItemName>
      <ManufactureName>טמפו משקאות בעמ</ManufactureName>
      <ManufactureCountry />
      <ManufactureItemDescription />
      <UnitQty>יח`</UnitQty>
      <Quantity>5</Quantity>
      <UnitMeasure>100 מ"ל</UnitMeasure>
      <BisWeighted>0</BisWeighted>
      <QtyInPackage>1</QtyInPackage>
      <ItemPrice>8.90</ItemPrice>
      <UnitOfMeasurePrice>1.72</UnitOfMeasurePrice>
      <AllowDiscount>0</AllowDiscount>
      <itemStatus>1</itemStatus>
      <LastUpdateDate />
      <LastUpdateTime />
    </Product>
    <Product>
      <PriceUpdateDate>2018/04/24 13:12</PriceUpdateDate>
      <ItemCode>8001620017456</ItemCode>
      <ItemType>1</ItemType>
      <ItemName>סאן בנדטו פקק ספורט מל שישייה</ItemName>
      <ManufactureName>טמפו משקאות בעמ</ManufactureName>
      <ManufactureCountry />
      <ManufactureItemDescription />
      <UnitQty>יח`</UnitQty>
      <Quantity>30</Quantity>
      <UnitMeasure>100 מ"ל</UnitMeasure>
      <BisWeighted>0</BisWeighted>
      <QtyInPackage>1</QtyInPackage>
      <ItemPrice>13.90</ItemPrice>
      <UnitOfMeasurePrice>0.40</UnitOfMeasurePrice>
      <AllowDiscount>0</AllowDiscount>
      <itemStatus>1</itemStatus>
      <LastUpdateDate />
      <LastUpdateTime />
    </Product>
    <Product>
      <PriceUpdateDate>2020/03/22 15:11</PriceUpdateDate>
      <ItemCode>8001675553039</ItemCode>
      <ItemType>1</ItemType>
      <ItemName>ממרח קקאו ואגוזי 350 גר</ItemName>
      <ManufactureName>ג.וילי-פוד אינטרנשיונל בעמ</ManufactureName>
      <ManufactureCountry />
      <ManufactureItemDescription />
      <UnitQty>יח`</UnitQty>
      <Quantity>3.50</Quantity>
      <UnitMeasure>100 גרם</UnitMeasure>
      <BisWeighted>0</BisWeighted>
      <QtyInPackage>1</QtyInPackage>
      <ItemPrice>15.90</ItemPrice>
      <UnitOfMeasurePrice>4.54</UnitOfMeasurePrice>
      <AllowDiscount>0</AllowDiscount>
      <itemStatus>1</itemStatus>
      <LastUpdateDate />
      <LastUpdateTime />
    </Product>
    <Product>
      <PriceUpdateDate>2019/03/25 17:23</PriceUpdateDate>
      <ItemCode>8001841019291</ItemCode>
      <ItemType>1</ItemType>
      <ItemName>אריאל קפסולות לכביסה בניחוח לנור 16 יח</ItemName>
      <ManufactureName>דיפלומט מפיצים (1968) בעמ</ManufactureName>
      <ManufactureCountry />
      <ManufactureItemDescription />
      <UnitQty>יח`</UnitQty>
      <Quantity>1</Quantity>
      <UnitMeasure />
      <BisWeighted>0</BisWeighted>
      <QtyInPackage>1</QtyInPackage>
      <ItemPrice>19.90</ItemPrice>
      <UnitOfMeasurePrice>19.90</UnitOfMeasurePrice>
      <AllowDiscount>1</AllowDiscount>
      <itemStatus>1</itemStatus>
      <LastUpdateDate />
      <LastUpdateTime />
    </Product>
    <Product>
      <PriceUpdateDate>2019/03/18 14:58</PriceUpdateDate>
      <ItemCode>8001841053646</ItemCode>
      <ItemType>1</ItemType>
      <ItemName>אולוויז עבה נורמל פלוס 14 יח</ItemName>
      <ManufactureName>דיפלומט מפיצים (1968) בעמ</ManufactureName>
      <ManufactureCountry />
      <ManufactureItemDescription />
      <UnitQty>יח`</UnitQty>
      <Quantity>1</Quantity>
      <UnitMeasure />
      <BisWeighted>0</BisWeighted>
      <QtyInPackage>1</QtyInPackage>
      <ItemPrice>14.90</ItemPrice>
      <UnitOfMeasurePrice>14.90</UnitOfMeasurePrice>
      <AllowDiscount>0</AllowDiscount>
      <itemStatus>1</itemStatus>
      <LastUpdateDate />
      <LastUpdateTime />
    </Product>
    <Product>
      <PriceUpdateDate>2019/03/18 14:58</PriceUpdateDate>
      <ItemCode>8001841053684</ItemCode>
      <ItemType>1</ItemType>
      <ItemName>אולוויז עבה לונג +12יח`</ItemName>
      <ManufactureName>דיפלומט מפיצים (1968) בעמ</ManufactureName>
      <ManufactureCountry />
      <ManufactureItemDescription />
      <UnitQty>יח`</UnitQty>
      <Quantity>1</Quantity>
      <UnitMeasure />
      <BisWeighted>0</BisWeighted>
      <QtyInPackage>1</QtyInPackage>
      <ItemPrice>14.90</ItemPrice>
      <UnitOfMeasurePrice>14.90</UnitOfMeasurePrice>
      <AllowDiscount>0</AllowDiscount>
      <itemStatus>1</itemStatus>
      <LastUpdateDate />
      <LastUpdateTime />
    </Product>
    <Product>
      <PriceUpdateDate>2019/10/04 10:01</PriceUpdateDate>
      <ItemCode>8001841317830</ItemCode>
      <ItemType>1</ItemType>
      <ItemName>לנור מרכך מרוכז בניחוח יסמין 900 מל</ItemName>
      <ManufactureName>דיפלומט מפיצים (1968) בעמ</ManufactureName>
      <ManufactureCountry />
      <ManufactureItemDescription />
      <UnitQty>יח`</UnitQty>
      <Quantity>1</Quantity>
      <UnitMeasure />
      <BisWeighted>0</BisWeighted>
      <QtyInPackage>1</QtyInPackage>
      <ItemPrice>16.90</ItemPrice>
      <UnitOfMeasurePrice>16.90</UnitOfMeasurePrice>
      <AllowDiscount>0</AllowDiscount>
      <itemStatus>1</itemStatus>
      <LastUpdateDate />
      <LastUpdateTime />
    </Product>
    <Product>
      <PriceUpdateDate>2019/10/04 10:01</PriceUpdateDate>
      <ItemCode>8001841317861</ItemCode>
      <ItemType>1</ItemType>
      <ItemName>לנור מרכך מרוכז בניחוח אוקיינוס 900 מל</ItemName>
      <ManufactureName>דיפלומט מפיצים (1968) בעמ</ManufactureName>
      <ManufactureCountry />
      <ManufactureItemDescription />
      <UnitQty>יח`</UnitQty>
      <Quantity>1</Quantity>
      <UnitMeasure />
      <BisWeighted>0</BisWeighted>
      <QtyInPackage>1</QtyInPackage>
      <ItemPrice>16.90</ItemPrice>
      <UnitOfMeasurePrice>16.90</UnitOfMeasurePrice>
      <AllowDiscount>0</AllowDiscount>
      <itemStatus>1</itemStatus>
      <LastUpdateDate />
      <LastUpdateTime />
    </Product>
    <Product>
      <PriceUpdateDate>2020/03/17 14:41</PriceUpdateDate>
      <ItemCode>8001841625461</ItemCode>
      <ItemType>1</ItemType>
      <ItemName>נוזל כלים פלטינום אורגינל פיירי (515 מל</ItemName>
      <ManufactureName>דיפלומט מפיצים (1968) בעמ</ManufactureName>
      <ManufactureCountry />
      <ManufactureItemDescription />
      <UnitQty>יח`</UnitQty>
      <Quantity>5.15</Quantity>
      <UnitMeasure>100 מ"ל</UnitMeasure>
      <BisWeighted>0</BisWeighted>
      <QtyInPackage>1</QtyInPackage>
      <ItemPrice>11.90</ItemPrice>
      <UnitOfMeasurePrice>2.31</UnitOfMeasurePrice>
      <AllowDiscount>1</AllowDiscount>
      <itemStatus>1</itemStatus>
      <LastUpdateDate />
      <LastUpdateTime />
    </Product>
    <Product>
      <PriceUpdateDate>2018/06/12 09:59</PriceUpdateDate>
      <ItemCode>8002066001399</ItemCode>
      <ItemType>1</ItemType>
      <ItemName>אטריות ביצים טלייאלה 250 גר` ללא גלוטן</ItemName>
      <ManufactureName>גורי מוצרי צריכה (1991) בעמ</ManufactureName>
      <ManufactureCountry />
      <ManufactureItemDescription />
      <UnitQty>יח`</UnitQty>
      <Quantity>2.50</Quantity>
      <UnitMeasure>100 גרם</UnitMeasure>
      <BisWeighted>0</BisWeighted>
      <QtyInPackage>1</QtyInPackage>
      <ItemPrice>17.90</ItemPrice>
      <UnitOfMeasurePrice>7.16</UnitOfMeasurePrice>
      <AllowDiscount>0</AllowDiscount>
      <itemStatus>1</itemStatus>
      <LastUpdateDate />
      <LastUpdateTime />
    </Product>
    <Product>
      <PriceUpdateDate>2019/09/25 09:45</PriceUpdateDate>
      <ItemCode>8002230000012</ItemCode>
      <ItemType>1</ItemType>
      <ItemName>אפרול 1 ליטר</ItemName>
      <ManufactureName>החברה המרכזית להפצת משקאות-אלכ</ManufactureName>
      <ManufactureCountry />
      <ManufactureItemDescription />
      <UnitQty>יח`</UnitQty>
      <Quantity>10</Quantity>
      <UnitMeasure>100 מ"ל</UnitMeasure>
      <BisWeighted>0</BisWeighted>
      <QtyInPackage>1</QtyInPackage>
      <ItemPrice>99</ItemPrice>
      <UnitOfMeasurePrice>9.87</UnitOfMeasurePrice>
      <AllowDiscount>0</AllowDiscount>
      <itemStatus>1</itemStatus>
      <LastUpdateDate />
      <LastUpdateTime />
    </Product>
    <Product>
      <PriceUpdateDate>2018/04/24 13:01</PriceUpdateDate>
      <ItemCode>8002267014662</ItemCode>
      <ItemType>1</ItemType>
      <ItemName>ביצת הפתעה ברבי שלושה 60 גר`</ItemName>
      <ManufactureName>ליימן שליסל בעמ</ManufactureName>
      <ManufactureCountry />
      <ManufactureItemDescription />
      <UnitQty>יח`</UnitQty>
      <Quantity>0.60</Quantity>
      <UnitMeasure>100 גרם</UnitMeasure>
      <BisWeighted>0</BisWeighted>
      <QtyInPackage>1</QtyInPackage>
      <ItemPrice>12.90</ItemPrice>
      <UnitOfMeasurePrice>21.50</UnitOfMeasurePrice>
      <AllowDiscount>0</AllowDiscount>
      <itemStatus>1</itemStatus>
      <LastUpdateDate />
      <LastUpdateTime />
    </Product>
    <Product>
      <PriceUpdateDate>2018/04/24 10:21</PriceUpdateDate>
      <ItemCode>8002450006559</ItemCode>
      <ItemType>1</ItemType>
      <ItemName>שרדונה קאזה דה לואיג`י (750 מל)</ItemName>
      <ManufactureName>הכרם - משקאות חריפים בעמ</ManufactureName>
      <ManufactureCountry />
      <ManufactureItemDescription />
      <UnitQty>יח`</UnitQty>
      <Quantity>7.50</Quantity>
      <UnitMeasure>100 מ"ל</UnitMeasure>
      <BisWeighted>0</BisWeighted>
      <QtyInPackage>1</QtyInPackage>
      <ItemPrice>30.90</ItemPrice>
      <UnitOfMeasurePrice>4.08</UnitOfMeasurePrice>
      <AllowDiscount>1</AllowDiscount>
      <itemStatus>1</itemStatus>
      <LastUpdateDate />
      <LastUpdateTime />
    </Product>
    <Product>
      <PriceUpdateDate>2018/04/24 10:21</PriceUpdateDate>
      <ItemCode>8002450206003</ItemCode>
      <ItemType>1</ItemType>
      <ItemName>ספרקלטיני רימונים ורדי בוסקה (750 מל)</ItemName>
      <ManufactureName>הכרם - משקאות חריפים בעמ</ManufactureName>
      <ManufactureCountry />
      <ManufactureItemDescription />
      <UnitQty>יח`</UnitQty>
      <Quantity>7.50</Quantity>
      <UnitMeasure>100 מ"ל</UnitMeasure>
      <BisWeighted>0</BisWeighted>
      <QtyInPackage>1</QtyInPackage>
      <ItemPrice>24.90</ItemPrice>
      <UnitOfMeasurePrice>3.28</UnitOfMeasurePrice>
      <AllowDiscount>0</AllowDiscount>
      <itemStatus>1</itemStatus>
      <LastUpdateDate />
      <LastUpdateTime />
    </Product>
    <Product>
      <PriceUpdateDate>2018/04/24 10:21</PriceUpdateDate>
      <ItemCode>8002450206508</ItemCode>
      <ItemType>1</ItemType>
      <ItemName>קברנה סוביניון קאזה דה לואיג`י (750 מל)</ItemName>
      <ManufactureName>הכרם - משקאות חריפים בעמ</ManufactureName>
      <ManufactureCountry />
      <ManufactureItemDescription />
      <UnitQty>יח`</UnitQty>
      <Quantity>7.50</Quantity>
      <UnitMeasure>100 מ"ל</UnitMeasure>
      <BisWeighted>0</BisWeighted>
      <QtyInPackage>1</QtyInPackage>
      <ItemPrice>30.90</ItemPrice>
      <UnitOfMeasurePrice>4.08</UnitOfMeasurePrice>
      <AllowDiscount>1</AllowDiscount>
      <itemStatus>1</itemStatus>
      <LastUpdateDate />
      <LastUpdateTime />
    </Product>
    <Product>
      <PriceUpdateDate>2018/04/24 10:21</PriceUpdateDate>
      <ItemCode>8002450208007</ItemCode>
      <ItemType>1</ItemType>
      <ItemName>ספרקלטיני גרין אפל ורדי בוסקה (750 מל)</ItemName>
      <ManufactureName>הכרם - משקאות חריפים בעמ</ManufactureName>
      <ManufactureCountry />
      <ManufactureItemDescription />
      <UnitQty>יח`</UnitQty>
      <Quantity>7.50</Quantity>
      <UnitMeasure>100 מ"ל</UnitMeasure>
      <BisWeighted>0</BisWeighted>
      <QtyInPackage>1</QtyInPackage>
      <ItemPrice>24.90</ItemPrice>
      <UnitOfMeasurePrice>3.28</UnitOfMeasurePrice>
      <AllowDiscount>0</AllowDiscount>
      <itemStatus>1</itemStatus>
      <LastUpdateDate />
      <LastUpdateTime />
    </Product>
    <Product>
      <PriceUpdateDate>2019/08/04 10:24</PriceUpdateDate>
      <ItemCode>8002450208304</ItemCode>
      <ItemType>1</ItemType>
      <ItemName>ספארקלטיני ורדי גורצטראמינר (750 מל)</ItemName>
      <ManufactureName>הכרם - משקאות חריפים בעמ</ManufactureName>
      <ManufactureCountry />
      <ManufactureItemDescription />
      <UnitQty>יח`</UnitQty>
      <Quantity>7.50</Quantity>
      <UnitMeasure>100 מ"ל</UnitMeasure>
      <BisWeighted>0</BisWeighted>
      <QtyInPackage>1</QtyInPackage>
      <ItemPrice>24.90</ItemPrice>
      <UnitOfMeasurePrice>3.28</UnitOfMeasurePrice>
      <AllowDiscount>0</AllowDiscount>
      <itemStatus>1</itemStatus>
      <LastUpdateDate />
      <LastUpdateTime />
    </Product>
    <Product>
      <PriceUpdateDate>2020/02/03 11:49</PriceUpdateDate>
      <ItemCode>8002910043476</ItemCode>
      <ItemType>1</ItemType>
      <ItemName>ויט רצועות שעווה לקן ביקיני ובית שחי</ItemName>
      <ManufactureName>רקיט בנקיזר (ניר איסט) בעמ</ManufactureName>
      <ManufactureCountry />
      <ManufactureItemDescription />
      <UnitQty>יח`</UnitQty>
      <Quantity>1</Quantity>
      <UnitMeasure />
      <BisWeighted>0</BisWeighted>
      <QtyInPackage>1</QtyInPackage>
      <ItemPrice>24.90</ItemPrice>
      <UnitOfMeasurePrice>24.90</UnitOfMeasurePrice>
      <AllowDiscount>1</AllowDiscount>
      <itemStatus>1</itemStatus>
      <LastUpdateDate />
      <LastUpdateTime />
    </Product>
    <Product>
      <PriceUpdateDate>2018/04/24 13:05</PriceUpdateDate>
      <ItemCode>8003294528733</ItemCode>
      <ItemType>1</ItemType>
      <ItemName>צנצנת פילה טונה בשמן זית 250  גר`AS DO M</ItemName>
      <ManufactureName>אימפורט פור יו בעמ</ManufactureName>
      <ManufactureCountry />
      <ManufactureItemDescription />
      <UnitQty>יח`</UnitQty>
      <Quantity>2.50</Quantity>
      <UnitMeasure>100 גרם</UnitMeasure>
      <BisWeighted>0</BisWeighted>
      <QtyInPackage>1</QtyInPackage>
      <ItemPrice>45.90</ItemPrice>
      <UnitOfMeasurePrice>18.36</UnitOfMeasurePrice>
      <AllowDiscount>0</AllowDiscount>
      <itemStatus>1</itemStatus>
      <LastUpdateDate />
      <LastUpdateTime />
    </Product>
    <Product>
      <PriceUpdateDate>2018/04/24 12:43</PriceUpdateDate>
      <ItemCode>8003653005400</ItemCode>
      <ItemType>1</ItemType>
      <ItemName>יעה נצמד</ItemName>
      <ManufactureName>א.מ. דיוויסלי בעמ</ManufactureName>
      <ManufactureCountry />
      <ManufactureItemDescription />
      <UnitQty>יח`</UnitQty>
      <Quantity>1</Quantity>
      <UnitMeasure />
      <BisWeighted>0</BisWeighted>
      <QtyInPackage>1</QtyInPackage>
      <ItemPrice>6.90</ItemPrice>
      <UnitOfMeasurePrice>6.90</UnitOfMeasurePrice>
      <AllowDiscount>0</AllowDiscount>
      <itemStatus>1</itemStatus>
      <LastUpdateDate />
      <LastUpdateTime />
    </Product>
    <Product>
      <PriceUpdateDate>2018/04/24 12:43</PriceUpdateDate>
      <ItemCode>8003653010305</ItemCode>
      <ItemType>1</ItemType>
      <ItemName>מטאטא פנימי spazio</ItemName>
      <ManufactureName>א.מ. דיוויסלי בעמ</ManufactureName>
      <ManufactureCountry />
      <ManufactureItemDescription />
      <UnitQty>יח`</UnitQty>
      <Quantity>1</Quantity>
      <UnitMeasure />
      <BisWeighted>0</BisWeighted>
      <QtyInPackage>1</QtyInPackage>
      <ItemPrice>24.90</ItemPrice>
      <UnitOfMeasurePrice>24.90</UnitOfMeasurePrice>
      <AllowDiscount>0</AllowDiscount>
      <itemStatus>1</itemStatus>
      <LastUpdateDate />
      <LastUpdateTime />
    </Product>
    <Product>
      <PriceUpdateDate>2018/04/24 11:42</PriceUpdateDate>
      <ItemCode>8003753900469</ItemCode>
      <ItemType>1</ItemType>
      <ItemName>אילי אספרסו טחון בקלייה</ItemName>
      <ManufactureName>קבוצת אסם סחר שות. מוגבלת</ManufactureName>
      <ManufactureCountry />
      <ManufactureItemDescription />
      <UnitQty>יח`</UnitQty>
      <Quantity>2.50</Quantity>
      <UnitMeasure>100 גרם</UnitMeasure>
      <BisWeighted>0</BisWeighted>
      <QtyInPackage>1</QtyInPackage>
      <ItemPrice>51.60</ItemPrice>
      <UnitOfMeasurePrice>20.64</UnitOfMeasurePrice>
      <AllowDiscount>1</AllowDiscount>
      <itemStatus>1</itemStatus>
      <LastUpdateDate />
      <LastUpdateTime />
    </Product>
    <Product>
      <PriceUpdateDate>2018/07/25 13:24</PriceUpdateDate>
      <ItemCode>8004030022010</ItemCode>
      <ItemType>1</ItemType>
      <ItemName>ירקות גינה עם טונה ריו מרה (160 גרם)</ItemName>
      <ManufactureName>ש.שסטוביץ בעמ</ManufactureName>
      <ManufactureCountry />
      <ManufactureItemDescription />
      <UnitQty>יח`</UnitQty>
      <Quantity>1.60</Quantity>
      <UnitMeasure>100 גרם</UnitMeasure>
      <BisWeighted>0</BisWeighted>
      <QtyInPackage>1</QtyInPackage>
      <ItemPrice>17.90</ItemPrice>
      <UnitOfMeasurePrice>11.19</UnitOfMeasurePrice>
      <AllowDiscount>1</AllowDiscount>
      <itemStatus>1</itemStatus>
      <LastUpdateDate />
      <LastUpdateTime />
    </Product>
    <Product>
      <PriceUpdateDate>2018/07/25 13:24</PriceUpdateDate>
      <ItemCode>8004030026018</ItemCode>
      <ItemType>1</ItemType>
      <ItemName>ריו מארה אינסלטיסימי מקסיקני עם טונה 160</ItemName>
      <ManufactureName>ש.שסטוביץ בעמ</ManufactureName>
      <ManufactureCountry />
      <ManufactureItemDescription />
      <UnitQty>יח`</UnitQty>
      <Quantity>1.60</Quantity>
      <UnitMeasure>100 גרם</UnitMeasure>
      <BisWeighted>0</BisWeighted>
      <QtyInPackage>1</QtyInPackage>
      <ItemPrice>17.90</ItemPrice>
      <UnitOfMeasurePrice>11.19</UnitOfMeasurePrice>
      <AllowDiscount>1</AllowDiscount>
      <itemStatus>1</itemStatus>
      <LastUpdateDate />
      <LastUpdateTime />
    </Product>
    <Product>
      <PriceUpdateDate>2018/07/25 13:24</PriceUpdateDate>
      <ItemCode>8004030044005</ItemCode>
      <ItemType>1</ItemType>
      <ItemName>ריו מרה טונה בשמן זית 160 ג</ItemName>
      <ManufactureName>ש.שסטוביץ בעמ</ManufactureName>
      <ManufactureCountry />
      <ManufactureItemDescription />
      <UnitQty>יח`</UnitQty>
      <Quantity>1.60</Quantity>
      <UnitMeasure>100 גרם</UnitMeasure>
      <BisWeighted>0</BisWeighted>
      <QtyInPackage>1</QtyInPackage>
      <ItemPrice>18.90</ItemPrice>
      <UnitOfMeasurePrice>11.81</UnitOfMeasurePrice>
      <AllowDiscount>1</AllowDiscount>
      <itemStatus>1</itemStatus>
      <LastUpdateDate />
      <LastUpdateTime />
    </Product>
    <Product>
      <PriceUpdateDate>2018/04/24 09:31</PriceUpdateDate>
      <ItemCode>8004030081024</ItemCode>
      <ItemType>1</ItemType>
      <ItemName>ריו מרה טונה בשמן זית שום ופלפל 160 ג</ItemName>
      <ManufactureName>ש.שסטוביץ בעמ</ManufactureName>
      <ManufactureCountry />
      <ManufactureItemDescription />
      <UnitQty>יח`</UnitQty>
      <Quantity>1.60</Quantity>
      <UnitMeasure>100 גרם</UnitMeasure>
      <BisWeighted>0</BisWeighted>
      <QtyInPackage>1</QtyInPackage>
      <ItemPrice>18.90</ItemPrice>
      <UnitOfMeasurePrice>11.81</UnitOfMeasurePrice>
      <AllowDiscount>1</AllowDiscount>
      <itemStatus>1</itemStatus>
      <LastUpdateDate />
      <LastUpdateTime />
    </Product>
    <Product>
      <PriceUpdateDate>2018/12/11 15:46</PriceUpdateDate>
      <ItemCode>8004030102033</ItemCode>
      <ItemType>1</ItemType>
      <ItemName>ריו מארה טונה בשמן זית לימון ופלפל שלייש</ItemName>
      <ManufactureName>ש.שסטוביץ בעמ</ManufactureName>
      <ManufactureCountry />
      <ManufactureItemDescription />
      <UnitQty>יח`</UnitQty>
      <Quantity>2.40</Quantity>
      <UnitMeasure>100 גרם</UnitMeasure>
      <BisWeighted>0</BisWeighted>
      <QtyInPackage>1</QtyInPackage>
      <ItemPrice>26.90</ItemPrice>
      <UnitOfMeasurePrice>11.21</UnitOfMeasurePrice>
      <AllowDiscount>0</AllowDiscount>
      <itemStatus>1</itemStatus>
      <LastUpdateDate />
      <LastUpdateTime />
    </Product>
    <Product>
      <PriceUpdateDate>2019/04/11 10:04</PriceUpdateDate>
      <ItemCode>8004030344938</ItemCode>
      <ItemType>1</ItemType>
      <ItemName>ריו מארה טונה בשמן זית שלישיות 80 גרם</ItemName>
      <ManufactureName>ש.שסטוביץ בעמ</ManufactureName>
      <ManufactureCountry />
      <ManufactureItemDescription />
      <UnitQty>יח`</UnitQty>
      <Quantity>2.40</Quantity>
      <UnitMeasure>100 גרם</UnitMeasure>
      <BisWeighted>0</BisWeighted>
      <QtyInPackage>1</QtyInPackage>
      <ItemPrice>26.90</ItemPrice>
      <UnitOfMeasurePrice>11.21</UnitOfMeasurePrice>
      <AllowDiscount>0</AllowDiscount>
      <itemStatus>1</itemStatus>
      <LastUpdateDate />
      <LastUpdateTime />
    </Product>
    <Product>
      <PriceUpdateDate>2019/07/14 10:05</PriceUpdateDate>
      <ItemCode>8004030845046</ItemCode>
      <ItemType>1</ItemType>
      <ItemName>ריו מארה אינסלטיסימי אורז עם טונה 160 גר</ItemName>
      <ManufactureName>ש.שסטוביץ בעמ</ManufactureName>
      <ManufactureCountry />
      <ManufactureItemDescription />
      <UnitQty>יח`</UnitQty>
      <Quantity>1.60</Quantity>
      <UnitMeasure>100 גרם</UnitMeasure>
      <BisWeighted>0</BisWeighted>
      <QtyInPackage>1</QtyInPackage>
      <ItemPrice>17.90</ItemPrice>
      <UnitOfMeasurePrice>11.19</UnitOfMeasurePrice>
      <AllowDiscount>1</AllowDiscount>
      <itemStatus>1</itemStatus>
      <LastUpdateDate />
      <LastUpdateTime />
    </Product>
    <Product>
      <PriceUpdateDate>2018/07/25 13:24</PriceUpdateDate>
      <ItemCode>8004030860001</ItemCode>
      <ItemType>1</ItemType>
      <ItemName>ריו מארה אינסלטיסימיה קוסקוס עם טונה 160</ItemName>
      <ManufactureName>ש.שסטוביץ בעמ</ManufactureName>
      <ManufactureCountry />
      <ManufactureItemDescription />
      <UnitQty>יח`</UnitQty>
      <Quantity>1.60</Quantity>
      <UnitMeasure>100 גרם</UnitMeasure>
      <BisWeighted>0</BisWeighted>
      <QtyInPackage>1</QtyInPackage>
      <ItemPrice>17.90</ItemPrice>
      <UnitOfMeasurePrice>11.19</UnitOfMeasurePrice>
      <AllowDiscount>1</AllowDiscount>
      <itemStatus>1</itemStatus>
      <LastUpdateDate />
      <LastUpdateTime />
    </Product>
    <Product>
      <PriceUpdateDate>2018/08/01 13:55</PriceUpdateDate>
      <ItemCode>8005110170300</ItemCode>
      <ItemType>1</ItemType>
      <ItemName>עגבניות חתוכות דק 400 גר` שלישייה פולפה</ItemName>
      <ManufactureName>רסטרטו יבוא ושיווק בעמ</ManufactureName>
      <ManufactureCountry />
      <ManufactureItemDescription />
      <UnitQty>יח`</UnitQty>
      <Quantity>12</Quantity>
      <UnitMeasure>100 גרם</UnitMeasure>
      <BisWeighted>0</BisWeighted>
      <QtyInPackage>1</QtyInPackage>
      <ItemPrice>16.90</ItemPrice>
      <UnitOfMeasurePrice>1.41</UnitOfMeasurePrice>
      <AllowDiscount>0</AllowDiscount>
      <itemStatus>1</itemStatus>
      <LastUpdateDate />
      <LastUpdateTime />
    </Product>
    <Product>
      <PriceUpdateDate>2018/04/24 11:03</PriceUpdateDate>
      <ItemCode>8005200496525</ItemCode>
      <ItemType>1</ItemType>
      <ItemName>תה קר בטעם אפרסק נסטי (1.5 ליטר)</ItemName>
      <ManufactureName>טמפו משקאות בעמ</ManufactureName>
      <ManufactureCountry />
      <ManufactureItemDescription />
      <UnitQty>יח`</UnitQty>
      <Quantity>15</Quantity>
      <UnitMeasure>100 מ"ל</UnitMeasure>
      <BisWeighted>0</BisWeighted>
      <QtyInPackage>1</QtyInPackage>
      <ItemPrice>5.90</ItemPrice>
      <UnitOfMeasurePrice>0.39</UnitOfMeasurePrice>
      <AllowDiscount>1</AllowDiscount>
      <itemStatus>1</itemStatus>
      <LastUpdateDate />
      <LastUpdateTime />
    </Product>
    <Product>
      <PriceUpdateDate>2018/04/24 11:58</PriceUpdateDate>
      <ItemCode>8005200516520</ItemCode>
      <ItemType>1</ItemType>
      <ItemName>תה קר אפרסק דיאט נסטי (1.5 ליטר)</ItemName>
      <ManufactureName>טמפו משקאות בעמ</ManufactureName>
      <ManufactureCountry />
      <ManufactureItemDescription />
      <UnitQty>יח`</UnitQty>
      <Quantity>15</Quantity>
      <UnitMeasure>100 מ"ל</UnitMeasure>
      <BisWeighted>0</BisWeighted>
      <QtyInPackage>1</QtyInPackage>
      <ItemPrice>5.90</ItemPrice>
      <UnitOfMeasurePrice>0.39</UnitOfMeasurePrice>
      <AllowDiscount>1</AllowDiscount>
      <itemStatus>1</itemStatus>
      <LastUpdateDate />
      <LastUpdateTime />
    </Product>
    <Product>
      <PriceUpdateDate>2018/04/24 11:51</PriceUpdateDate>
      <ItemCode>8005217176557</ItemCode>
      <ItemType>1</ItemType>
      <ItemName>תה קר בטעם ענבים נסטי (1.5 ליטר)</ItemName>
      <ManufactureName>טמפו משקאות בעמ</ManufactureName>
      <ManufactureCountry />
      <ManufactureItemDescription />
      <UnitQty>יח`</UnitQty>
      <Quantity>15</Quantity>
      <UnitMeasure>100 מ"ל</UnitMeasure>
      <BisWeighted>0</BisWeighted>
      <QtyInPackage>1</QtyInPackage>
      <ItemPrice>5.90</ItemPrice>
      <UnitOfMeasurePrice>0.39</UnitOfMeasurePrice>
      <AllowDiscount>1</AllowDiscount>
      <itemStatus>1</itemStatus>
      <LastUpdateDate />
      <LastUpdateTime />
    </Product>
    <Product>
      <PriceUpdateDate>2018/04/24 12:54</PriceUpdateDate>
      <ItemCode>8005709201279</ItemCode>
      <ItemType>1</ItemType>
      <ItemName>פסטה פאפרדלה 500 גר GRANO ARMANDO</ItemName>
      <ManufactureName>אימפורט פור יו בעמ</ManufactureName>
      <ManufactureCountry />
      <ManufactureItemDescription />
      <UnitQty>יח`</UnitQty>
      <Quantity>5</Quantity>
      <UnitMeasure>100 גרם</UnitMeasure>
      <BisWeighted>0</BisWeighted>
      <QtyInPackage>1</QtyInPackage>
      <ItemPrice>11.90</ItemPrice>
      <UnitOfMeasurePrice>2.38</UnitOfMeasurePrice>
      <AllowDiscount>1</AllowDiscount>
      <itemStatus>1</itemStatus>
      <LastUpdateDate />
      <LastUpdateTime />
    </Product>
    <Product>
      <PriceUpdateDate>2018/04/24 12:59</PriceUpdateDate>
      <ItemCode>8005803010357</ItemCode>
      <ItemType>1</ItemType>
      <ItemName>גריסיני קלאסי אמור די פאן (125 גרם)</ItemName>
      <ManufactureName>ליימן שליסל בעמ</ManufactureName>
      <ManufactureCountry />
      <ManufactureItemDescription />
      <UnitQty>יח`</UnitQty>
      <Quantity>1.25</Quantity>
      <UnitMeasure>100 גרם</UnitMeasure>
      <BisWeighted>0</BisWeighted>
      <QtyInPackage>1</QtyInPackage>
      <ItemPrice>7.90</ItemPrice>
      <UnitOfMeasurePrice>6.32</UnitOfMeasurePrice>
      <AllowDiscount>1</AllowDiscount>
      <itemStatus>1</itemStatus>
      <LastUpdateDate />
      <LastUpdateTime />
    </Product>
    <Product>
      <PriceUpdateDate>2018/04/24 12:51</PriceUpdateDate>
      <ItemCode>8005803010586</ItemCode>
      <ItemType>1</ItemType>
      <ItemName>גריסיני בטעם פיצה אמור די פאן (125 גרם)</ItemName>
      <ManufactureName>ליימן שליסל בעמ</ManufactureName>
      <ManufactureCountry />
      <ManufactureItemDescription />
      <UnitQty>יח`</UnitQty>
      <Quantity>1.25</Quantity>
      <UnitMeasure>100 גרם</UnitMeasure>
      <BisWeighted>0</BisWeighted>
      <QtyInPackage>1</QtyInPackage>
      <ItemPrice>7.90</ItemPrice>
      <UnitOfMeasurePrice>6.32</UnitOfMeasurePrice>
      <AllowDiscount>1</AllowDiscount>
      <itemStatus>1</itemStatus>
      <LastUpdateDate />
      <LastUpdateTime />
    </Product>
    <Product>
      <PriceUpdateDate>2018/04/24 13:07</PriceUpdateDate>
      <ItemCode>8007150901623</ItemCode>
      <ItemType>1</ItemType>
      <ItemName>שמן זרעי ענבים 1 ליטר+חצי  ליטר</ItemName>
      <ManufactureName>אימפורט פור יו בעמ</ManufactureName>
      <ManufactureCountry />
      <ManufactureItemDescription />
      <UnitQty>יח`</UnitQty>
      <Quantity>1.50</Quantity>
      <UnitMeasure>1 ליטר</UnitMeasure>
      <BisWeighted>0</BisWeighted>
      <QtyInPackage>1</QtyInPackage>
      <ItemPrice>39.90</ItemPrice>
      <UnitOfMeasurePrice>26.60</UnitOfMeasurePrice>
      <AllowDiscount>0</AllowDiscount>
      <itemStatus>1</itemStatus>
      <LastUpdateDate />
      <LastUpdateTime />
    </Product>
    <Product>
      <PriceUpdateDate>2018/04/24 12:30</PriceUpdateDate>
      <ItemCode>8007150907175</ItemCode>
      <ItemType>1</ItemType>
      <ItemName>שמן אורז 1 ליטר</ItemName>
      <ManufactureName>אימפורט פור יו בעמ</ManufactureName>
      <ManufactureCountry />
      <ManufactureItemDescription />
      <UnitQty>יח`</UnitQty>
      <Quantity>1</Quantity>
      <UnitMeasure>1 ליטר</UnitMeasure>
      <BisWeighted>0</BisWeighted>
      <QtyInPackage>1</QtyInPackage>
      <ItemPrice>34.90</ItemPrice>
      <UnitOfMeasurePrice>34.90</UnitOfMeasurePrice>
      <AllowDiscount>0</AllowDiscount>
      <itemStatus>1</itemStatus>
      <LastUpdateDate />
      <LastUpdateTime />
    </Product>
    <Product>
      <PriceUpdateDate>2018/04/24 12:30</PriceUpdateDate>
      <ItemCode>8007150909551</ItemCode>
      <ItemType>1</ItemType>
      <ItemName>שמן בוטנים 1  ליטר(פ)</ItemName>
      <ManufactureName>אימפורט פור יו בעמ</ManufactureName>
      <ManufactureCountry />
      <ManufactureItemDescription />
      <UnitQty>יח`</UnitQty>
      <Quantity>1</Quantity>
      <UnitMeasure>1 ליטר</UnitMeasure>
      <BisWeighted>0</BisWeighted>
      <QtyInPackage>1</QtyInPackage>
      <ItemPrice>34.90</ItemPrice>
      <UnitOfMeasurePrice>34.90</UnitOfMeasurePrice>
      <AllowDiscount>0</AllowDiscount>
      <itemStatus>1</itemStatus>
      <LastUpdateDate />
      <LastUpdateTime />
    </Product>
    <Product>
      <PriceUpdateDate>2018/04/24 09:31</PriceUpdateDate>
      <ItemCode>8007178120310</ItemCode>
      <ItemType>1</ItemType>
      <ItemName>חומץ בלסמי גקובזי 500 מל</ItemName>
      <ManufactureName>דיפלומט היינץ</ManufactureName>
      <ManufactureCountry />
      <ManufactureItemDescription />
      <UnitQty>יח`</UnitQty>
      <Quantity>5</Quantity>
      <UnitMeasure>100 מ"ל</UnitMeasure>
      <BisWeighted>0</BisWeighted>
      <QtyInPackage>1</QtyInPackage>
      <ItemPrice>25</ItemPrice>
      <UnitOfMeasurePrice>5</UnitOfMeasurePrice>
      <AllowDiscount>1</AllowDiscount>
      <itemStatus>1</itemStatus>
      <LastUpdateDate />
      <LastUpdateTime />
    </Product>
    <Product>
      <PriceUpdateDate>2018/04/24 11:06</PriceUpdateDate>
      <ItemCode>8007290320766</ItemCode>
      <ItemType>1</ItemType>
      <ItemName>גרנורו קנלוני בד</ItemName>
      <ManufactureName>ג.וילי-פוד אינטרנשיונל בעמ</ManufactureName>
      <ManufactureCountry />
      <ManufactureItemDescription />
      <UnitQty>יח`</UnitQty>
      <Quantity>2.50</Quantity>
      <UnitMeasure>100 גרם</UnitMeasure>
      <BisWeighted>0</BisWeighted>
      <QtyInPackage>1</QtyInPackage>
      <ItemPrice>10.90</ItemPrice>
      <UnitOfMeasurePrice>4.36</UnitOfMeasurePrice>
      <AllowDiscount>0</AllowDiscount>
      <itemStatus>1</itemStatus>
      <LastUpdateDate />
      <LastUpdateTime />
    </Product>
    <Product>
      <PriceUpdateDate>2020/01/14 08:11</PriceUpdateDate>
      <ItemCode>8008857500003</ItemCode>
      <ItemType>1</ItemType>
      <ItemName>פסטה רג`ייה אטריות עגולות דקות 500 גר`</ItemName>
      <ManufactureName>תומר יבוא ושיווק מוצרי מזון (1</ManufactureName>
      <ManufactureCountry />
      <ManufactureItemDescription />
      <UnitQty>יח`</UnitQty>
      <Quantity>5</Quantity>
      <UnitMeasure>100 גרם</UnitMeasure>
      <BisWeighted>0</BisWeighted>
      <QtyInPackage>1</QtyInPackage>
      <ItemPrice>7.90</ItemPrice>
      <UnitOfMeasurePrice>1.58</UnitOfMeasurePrice>
      <AllowDiscount>0</AllowDiscount>
      <itemStatus>1</itemStatus>
      <LastUpdateDate />
      <LastUpdateTime />
    </Product>
    <Product>
      <PriceUpdateDate>2018/04/24 12:43</PriceUpdateDate>
      <ItemCode>8008990000040</ItemCode>
      <ItemType>1</ItemType>
      <ItemName>מטאטא פנימי practica</ItemName>
      <ManufactureName>א.מ. דיוויסלי בעמ</ManufactureName>
      <ManufactureCountry />
      <ManufactureItemDescription />
      <UnitQty>יח`</UnitQty>
      <Quantity>1</Quantity>
      <UnitMeasure />
      <BisWeighted>0</BisWeighted>
      <QtyInPackage>1</QtyInPackage>
      <ItemPrice>24.90</ItemPrice>
      <UnitOfMeasurePrice>24.90</UnitOfMeasurePrice>
      <AllowDiscount>0</AllowDiscount>
      <itemStatus>1</itemStatus>
      <LastUpdateDate />
      <LastUpdateTime />
    </Product>
    <Product>
      <PriceUpdateDate>2018/04/24 12:43</PriceUpdateDate>
      <ItemCode>8008990000514</ItemCode>
      <ItemType>1</ItemType>
      <ItemName>מברשת ויעה</ItemName>
      <ManufactureName>א.מ. דיוויסלי בעמ</ManufactureName>
      <ManufactureCountry />
      <ManufactureItemDescription />
      <UnitQty>יח`</UnitQty>
      <Quantity>1</Quantity>
      <UnitMeasure />
      <BisWeighted>0</BisWeighted>
      <QtyInPackage>1</QtyInPackage>
      <ItemPrice>12.90</ItemPrice>
      <UnitOfMeasurePrice>12.90</UnitOfMeasurePrice>
      <AllowDiscount>0</AllowDiscount>
      <itemStatus>1</itemStatus>
      <LastUpdateDate />
      <LastUpdateTime />
    </Product>
    <Product>
      <PriceUpdateDate>2018/04/24 12:43</PriceUpdateDate>
      <ItemCode>8008990000750</ItemCode>
      <ItemType>1</ItemType>
      <ItemName>מברשת לניקוי אסלות</ItemName>
      <ManufactureName>א.מ. דיוויסלי בעמ</ManufactureName>
      <ManufactureCountry />
      <ManufactureItemDescription />
      <UnitQty>יח`</UnitQty>
      <Quantity>1</Quantity>
      <UnitMeasure />
      <BisWeighted>0</BisWeighted>
      <QtyInPackage>1</QtyInPackage>
      <ItemPrice>7.90</ItemPrice>
      <UnitOfMeasurePrice>7.90</UnitOfMeasurePrice>
      <AllowDiscount>0</AllowDiscount>
      <itemStatus>1</itemStatus>
      <LastUpdateDate />
      <LastUpdateTime />
    </Product>
    <Product>
      <PriceUpdateDate>2018/04/24 12:43</PriceUpdateDate>
      <ItemCode>8008990061508</ItemCode>
      <ItemType>1</ItemType>
      <ItemName>מטאטא פנימי rapida</ItemName>
      <ManufactureName>א.מ. דיוויסלי בעמ</ManufactureName>
      <ManufactureCountry />
      <ManufactureItemDescription />
      <UnitQty>יח`</UnitQty>
      <Quantity>1</Quantity>
      <UnitMeasure />
      <BisWeighted>0</BisWeighted>
      <QtyInPackage>1</QtyInPackage>
      <ItemPrice>27.90</ItemPrice>
      <UnitOfMeasurePrice>27.90</UnitOfMeasurePrice>
      <AllowDiscount>0</AllowDiscount>
      <itemStatus>1</itemStatus>
      <LastUpdateDate />
      <LastUpdateTime />
    </Product>
    <Product>
      <PriceUpdateDate>2020/05/01 10:50</PriceUpdateDate>
      <ItemCode>8009470009027</ItemCode>
      <ItemType>1</ItemType>
      <ItemName>סימבה כלב עוף והודו 415גר`</ItemName>
      <ManufactureName>שחורי אריה ואנסטסיה</ManufactureName>
      <ManufactureCountry />
      <ManufactureItemDescription />
      <UnitQty>יח`</UnitQty>
      <Quantity>1</Quantity>
      <UnitMeasure />
      <BisWeighted>0</BisWeighted>
      <QtyInPackage>1</QtyInPackage>
      <ItemPrice>4</ItemPrice>
      <UnitOfMeasurePrice>4</UnitOfMeasurePrice>
      <AllowDiscount>0</AllowDiscount>
      <itemStatus>1</itemStatus>
      <LastUpdateDate />
      <LastUpdateTime />
    </Product>
    <Product>
      <PriceUpdateDate>2020/05/01 10:50</PriceUpdateDate>
      <ItemCode>8009470009164</ItemCode>
      <ItemType>1</ItemType>
      <ItemName>סימבה כלב כבש 415גר`</ItemName>
      <ManufactureName>שחורי אריה ואנסטסיה</ManufactureName>
      <ManufactureCountry />
      <ManufactureItemDescription />
      <UnitQty>יח`</UnitQty>
      <Quantity>1</Quantity>
      <UnitMeasure />
      <BisWeighted>0</BisWeighted>
      <QtyInPackage>1</QtyInPackage>
      <ItemPrice>4</ItemPrice>
      <UnitOfMeasurePrice>4</UnitOfMeasurePrice>
      <AllowDiscount>0</AllowDiscount>
      <itemStatus>1</itemStatus>
      <LastUpdateDate />
      <LastUpdateTime />
    </Product>
    <Product>
      <PriceUpdateDate>2018/04/24 12:30</PriceUpdateDate>
      <ItemCode>8009621006172</ItemCode>
      <ItemType>1</ItemType>
      <ItemName>ניוקי מיני וינצ`י (500 גרם)</ItemName>
      <ManufactureName>אימפורט פור יו בעמ</ManufactureName>
      <ManufactureCountry />
      <ManufactureItemDescription />
      <UnitQty>יח`</UnitQty>
      <Quantity>5.06</Quantity>
      <UnitMeasure>100 גרם</UnitMeasure>
      <BisWeighted>0</BisWeighted>
      <QtyInPackage>1</QtyInPackage>
      <ItemPrice>10.90</ItemPrice>
      <UnitOfMeasurePrice>2.15</UnitOfMeasurePrice>
      <AllowDiscount>1</AllowDiscount>
      <itemStatus>1</itemStatus>
      <LastUpdateDate />
      <LastUpdateTime />
    </Product>
    <Product>
      <PriceUpdateDate>2018/04/24 12:30</PriceUpdateDate>
      <ItemCode>8009915001227</ItemCode>
      <ItemType>1</ItemType>
      <ItemName>פסטה פנה ללא גלוטן 250 גרם</ItemName>
      <ManufactureName>אימפורט פור יו בעמ</ManufactureName>
      <ManufactureCountry />
      <ManufactureItemDescription />
      <UnitQty>יח`</UnitQty>
      <Quantity>2.50</Quantity>
      <UnitMeasure>100 גרם</UnitMeasure>
      <BisWeighted>0</BisWeighted>
      <QtyInPackage>1</QtyInPackage>
      <ItemPrice>12.90</ItemPrice>
      <UnitOfMeasurePrice>5.16</UnitOfMeasurePrice>
      <AllowDiscount>0</AllowDiscount>
      <itemStatus>1</itemStatus>
      <LastUpdateDate />
      <LastUpdateTime />
    </Product>
    <Product>
      <PriceUpdateDate>2018/04/24 12:30</PriceUpdateDate>
      <ItemCode>8009915001340</ItemCode>
      <ItemType>1</ItemType>
      <ItemName>פסטה אליקה ללא גלוטן 250 גרם</ItemName>
      <ManufactureName>אימפורט פור יו בעמ</ManufactureName>
      <ManufactureCountry />
      <ManufactureItemDescription />
      <UnitQty>יח`</UnitQty>
      <Quantity>2.50</Quantity>
      <UnitMeasure>100 גרם</UnitMeasure>
      <BisWeighted>0</BisWeighted>
      <QtyInPackage>1</QtyInPackage>
      <ItemPrice>12.90</ItemPrice>
      <UnitOfMeasurePrice>5.16</UnitOfMeasurePrice>
      <AllowDiscount>0</AllowDiscount>
      <itemStatus>1</itemStatus>
      <LastUpdateDate />
      <LastUpdateTime />
    </Product>
    <Product>
      <PriceUpdateDate>2018/08/13 09:39</PriceUpdateDate>
      <ItemCode>8009915004150</ItemCode>
      <ItemType>1</ItemType>
      <ItemName>ביסקוויט מקמח תירס שוקולד ואגוזים 250 גר</ItemName>
      <ManufactureName>אימפורט פור יו בעמ</ManufactureName>
      <ManufactureCountry />
      <ManufactureItemDescription />
      <UnitQty>יח`</UnitQty>
      <Quantity>2.50</Quantity>
      <UnitMeasure>100 גרם</UnitMeasure>
      <BisWeighted>0</BisWeighted>
      <QtyInPackage>1</QtyInPackage>
      <ItemPrice>16.90</ItemPrice>
      <UnitOfMeasurePrice>6.76</UnitOfMeasurePrice>
      <AllowDiscount>0</AllowDiscount>
      <itemStatus>1</itemStatus>
      <LastUpdateDate />
      <LastUpdateTime />
    </Product>
    <Product>
      <PriceUpdateDate>2018/08/13 09:39</PriceUpdateDate>
      <ItemCode>8009915004204</ItemCode>
      <ItemType>1</ItemType>
      <ItemName>ביסקוויט מקמח תירס קלאסי 300 גר`</ItemName>
      <ManufactureName>אימפורט פור יו בעמ</ManufactureName>
      <ManufactureCountry />
      <ManufactureItemDescription />
      <UnitQty>יח`</UnitQty>
      <Quantity>3</Quantity>
      <UnitMeasure>100 גרם</UnitMeasure>
      <BisWeighted>0</BisWeighted>
      <QtyInPackage>1</QtyInPackage>
      <ItemPrice>16.90</ItemPrice>
      <UnitOfMeasurePrice>5.63</UnitOfMeasurePrice>
      <AllowDiscount>0</AllowDiscount>
      <itemStatus>1</itemStatus>
      <LastUpdateDate />
      <LastUpdateTime />
    </Product>
    <Product>
      <PriceUpdateDate>2018/04/24 11:04</PriceUpdateDate>
      <ItemCode>8011033011279</ItemCode>
      <ItemType>1</ItemType>
      <ItemName>קוסקוס מרקש דין שיווק (1 קג)</ItemName>
      <ManufactureName>דין שיווק וקליה בעמ</ManufactureName>
      <ManufactureCountry />
      <ManufactureItemDescription />
      <UnitQty>יח`</UnitQty>
      <Quantity>10</Quantity>
      <UnitMeasure>100 גרם</UnitMeasure>
      <BisWeighted>0</BisWeighted>
      <QtyInPackage>1</QtyInPackage>
      <ItemPrice>9.90</ItemPrice>
      <UnitOfMeasurePrice>0.99</UnitOfMeasurePrice>
      <AllowDiscount>0</AllowDiscount>
      <itemStatus>1</itemStatus>
      <LastUpdateDate />
      <LastUpdateTime />
    </Product>
    <Product>
      <PriceUpdateDate>2018/04/24 12:05</PriceUpdateDate>
      <ItemCode>8013399145278</ItemCode>
      <ItemType>1</ItemType>
      <ItemName>סוכריות סטיביה ליקוריש ללא סוכר</ItemName>
      <ManufactureName>גורי מוצרי צריכה (1991) בעמ</ManufactureName>
      <ManufactureCountry />
      <ManufactureItemDescription />
      <UnitQty>יח`</UnitQty>
      <Quantity>0.70</Quantity>
      <UnitMeasure>100 גרם</UnitMeasure>
      <BisWeighted>0</BisWeighted>
      <QtyInPackage>1</QtyInPackage>
      <ItemPrice>9.90</ItemPrice>
      <UnitOfMeasurePrice>14.14</UnitOfMeasurePrice>
      <AllowDiscount>0</AllowDiscount>
      <itemStatus>1</itemStatus>
      <LastUpdateDate />
      <LastUpdateTime />
    </Product>
    <Product>
      <PriceUpdateDate>2018/04/24 12:30</PriceUpdateDate>
      <ItemCode>8019428000105</ItemCode>
      <ItemType>1</ItemType>
      <ItemName>משקה שיבולת שועל 1 ליטר</ItemName>
      <ManufactureName>אימפורט פור יו בעמ</ManufactureName>
      <ManufactureCountry />
      <ManufactureItemDescription />
      <UnitQty>יח`</UnitQty>
      <Quantity>1</Quantity>
      <UnitMeasure>1 ליטר</UnitMeasure>
      <BisWeighted>0</BisWeighted>
      <QtyInPackage>1</QtyInPackage>
      <ItemPrice>12.90</ItemPrice>
      <UnitOfMeasurePrice>12.90</UnitOfMeasurePrice>
      <AllowDiscount>0</AllowDiscount>
      <itemStatus>1</itemStatus>
      <LastUpdateDate />
      <LastUpdateTime />
    </Product>
    <Product>
      <PriceUpdateDate>2018/04/24 12:32</PriceUpdateDate>
      <ItemCode>8023678161332</ItemCode>
      <ItemType>1</ItemType>
      <ItemName>משקה אורז וניל אורגני 1 ליטר ISOLA</ItemName>
      <ManufactureName>ל.י.ב. (לחיות יותר בטבע) בעמ</ManufactureName>
      <ManufactureCountry />
      <ManufactureItemDescription />
      <UnitQty>יח`</UnitQty>
      <Quantity>1</Quantity>
      <UnitMeasure>1 ליטר</UnitMeasure>
      <BisWeighted>0</BisWeighted>
      <QtyInPackage>1</QtyInPackage>
      <ItemPrice>15.90</ItemPrice>
      <UnitOfMeasurePrice>15.90</UnitOfMeasurePrice>
      <AllowDiscount>0</AllowDiscount>
      <itemStatus>1</itemStatus>
      <LastUpdateDate />
      <LastUpdateTime />
    </Product>
    <Product>
      <PriceUpdateDate>2018/04/24 12:01</PriceUpdateDate>
      <ItemCode>8023678161363</ItemCode>
      <ItemType>1</ItemType>
      <ItemName>משקה שבלת שועל 11% אורגני 1 ל`ISOLA</ItemName>
      <ManufactureName>ל.י.ב. (לחיות יותר בטבע) בעמ</ManufactureName>
      <ManufactureCountry />
      <ManufactureItemDescription />
      <UnitQty>יח`</UnitQty>
      <Quantity>10</Quantity>
      <UnitMeasure>100 מ"ל</UnitMeasure>
      <BisWeighted>0</BisWeighted>
      <QtyInPackage>1</QtyInPackage>
      <ItemPrice>10.90</ItemPrice>
      <UnitOfMeasurePrice>1.09</UnitOfMeasurePrice>
      <AllowDiscount>0</AllowDiscount>
      <itemStatus>1</itemStatus>
      <LastUpdateDate />
      <LastUpdateTime />
    </Product>
    <Product>
      <PriceUpdateDate>2018/04/24 12:32</PriceUpdateDate>
      <ItemCode>8023678162322</ItemCode>
      <ItemType>1</ItemType>
      <ItemName>משקה אורז קוקוס אורגני 1 ליטר ISOLA</ItemName>
      <ManufactureName>ל.י.ב. (לחיות יותר בטבע) בעמ</ManufactureName>
      <ManufactureCountry />
      <ManufactureItemDescription />
      <UnitQty>יח`</UnitQty>
      <Quantity>1</Quantity>
      <UnitMeasure>1 ליטר</UnitMeasure>
      <BisWeighted>0</BisWeighted>
      <QtyInPackage>1</QtyInPackage>
      <ItemPrice>17.90</ItemPrice>
      <UnitOfMeasurePrice>17.90</UnitOfMeasurePrice>
      <AllowDiscount>0</AllowDiscount>
      <itemStatus>1</itemStatus>
      <LastUpdateDate />
      <LastUpdateTime />
    </Product>
    <Product>
      <PriceUpdateDate>2018/04/24 12:01</PriceUpdateDate>
      <ItemCode>8023678162360</ItemCode>
      <ItemType>1</ItemType>
      <ItemName>משקה שקדים 8% אורגני 1ליטר ISOLA</ItemName>
      <ManufactureName>ל.י.ב. (לחיות יותר בטבע) בעמ</ManufactureName>
      <ManufactureCountry />
      <ManufactureItemDescription />
      <UnitQty>יח`</UnitQty>
      <Quantity>10</Quantity>
      <UnitMeasure>100 מ"ל</UnitMeasure>
      <BisWeighted>0</BisWeighted>
      <QtyInPackage>1</QtyInPackage>
      <ItemPrice>16.90</ItemPrice>
      <UnitOfMeasurePrice>1.69</UnitOfMeasurePrice>
      <AllowDiscount>0</AllowDiscount>
      <itemStatus>1</itemStatus>
      <LastUpdateDate />
      <LastUpdateTime />
    </Product>
    <Product>
      <PriceUpdateDate>2019/07/17 10:32</PriceUpdateDate>
      <ItemCode>8032793342458</ItemCode>
      <ItemType>1</ItemType>
      <ItemName>עגבניות מרוסקות דק ומסוננות בקבוק 700</ItemName>
      <ManufactureName>גורי מוצרי צריכה (1991) בעמ</ManufactureName>
      <ManufactureCountry />
      <ManufactureItemDescription />
      <UnitQty>יח`</UnitQty>
      <Quantity>7</Quantity>
      <UnitMeasure>100 גרם</UnitMeasure>
      <BisWeighted>0</BisWeighted>
      <QtyInPackage>1</QtyInPackage>
      <ItemPrice>10.90</ItemPrice>
      <UnitOfMeasurePrice>1.56</UnitOfMeasurePrice>
      <AllowDiscount>1</AllowDiscount>
      <itemStatus>1</itemStatus>
      <LastUpdateDate />
      <LastUpdateTime />
    </Product>
    <Product>
      <PriceUpdateDate>2019/04/19 07:56</PriceUpdateDate>
      <ItemCode>8032880800243</ItemCode>
      <ItemType>1</ItemType>
      <ItemName>פיקניק הפתעה 50 גר`</ItemName>
      <ManufactureName>ליימן שליסל בעמ</ManufactureName>
      <ManufactureCountry />
      <ManufactureItemDescription />
      <UnitQty>יח`</UnitQty>
      <Quantity>0.50</Quantity>
      <UnitMeasure>100 גרם</UnitMeasure>
      <BisWeighted>0</BisWeighted>
      <QtyInPackage>1</QtyInPackage>
      <ItemPrice>6.90</ItemPrice>
      <UnitOfMeasurePrice>13.80</UnitOfMeasurePrice>
      <AllowDiscount>0</AllowDiscount>
      <itemStatus>1</itemStatus>
      <LastUpdateDate />
      <LastUpdateTime />
    </Product>
    <Product>
      <PriceUpdateDate>2018/04/24 11:41</PriceUpdateDate>
      <ItemCode>8076800195057</ItemCode>
      <ItemType>1</ItemType>
      <ItemName>ספגטיני מספר 5 ברילה (500 גרם)</ItemName>
      <ManufactureName>ש.שסטוביץ בעמ</ManufactureName>
      <ManufactureCountry />
      <ManufactureItemDescription />
      <UnitQty>יח`</UnitQty>
      <Quantity>5</Quantity>
      <UnitMeasure>100 גרם</UnitMeasure>
      <BisWeighted>0</BisWeighted>
      <QtyInPackage>1</QtyInPackage>
      <ItemPrice>5.90</ItemPrice>
      <UnitOfMeasurePrice>1.18</UnitOfMeasurePrice>
      <AllowDiscount>1</AllowDiscount>
      <itemStatus>1</itemStatus>
      <LastUpdateDate />
      <LastUpdateTime />
    </Product>
    <Product>
      <PriceUpdateDate>2018/04/24 09:32</PriceUpdateDate>
      <ItemCode>8076800315271</ItemCode>
      <ItemType>1</ItemType>
      <ItemName>פסטה מס 28 ברילה (500 גרם)</ItemName>
      <ManufactureName>ש.שסטוביץ בעמ</ManufactureName>
      <ManufactureCountry />
      <ManufactureItemDescription />
      <UnitQty>יח`</UnitQty>
      <Quantity>5</Quantity>
      <UnitMeasure>100 גרם</UnitMeasure>
      <BisWeighted>0</BisWeighted>
      <QtyInPackage>1</QtyInPackage>
      <ItemPrice>5.90</ItemPrice>
      <UnitOfMeasurePrice>1.18</UnitOfMeasurePrice>
      <AllowDiscount>0</AllowDiscount>
      <itemStatus>1</itemStatus>
      <LastUpdateDate />
      <LastUpdateTime />
    </Product>
    <Product>
      <PriceUpdateDate>2018/04/24 09:32</PriceUpdateDate>
      <ItemCode>8076802085738</ItemCode>
      <ItemType>1</ItemType>
      <ItemName>פסטה פנה ריגטה מספר 73 ברילה (500 גרם)</ItemName>
      <ManufactureName>ש.שסטוביץ בעמ</ManufactureName>
      <ManufactureCountry />
      <ManufactureItemDescription />
      <UnitQty>יח`</UnitQty>
      <Quantity>5</Quantity>
      <UnitMeasure>100 גרם</UnitMeasure>
      <BisWeighted>0</BisWeighted>
      <QtyInPackage>1</QtyInPackage>
      <ItemPrice>5.90</ItemPrice>
      <UnitOfMeasurePrice>1.18</UnitOfMeasurePrice>
      <AllowDiscount>1</AllowDiscount>
      <itemStatus>1</itemStatus>
      <LastUpdateDate />
      <LastUpdateTime />
    </Product>
    <Product>
      <PriceUpdateDate>2018/04/24 09:33</PriceUpdateDate>
      <ItemCode>8076802085981</ItemCode>
      <ItemType>1</ItemType>
      <ItemName>פסטה פוזילי מספר 98 ברילה (500 גרם)</ItemName>
      <ManufactureName>ש.שסטוביץ בעמ</ManufactureName>
      <ManufactureCountry />
      <ManufactureItemDescription />
      <UnitQty>יח`</UnitQty>
      <Quantity>5</Quantity>
      <UnitMeasure>100 גרם</UnitMeasure>
      <BisWeighted>0</BisWeighted>
      <QtyInPackage>1</QtyInPackage>
      <ItemPrice>5.90</ItemPrice>
      <UnitOfMeasurePrice>1.18</UnitOfMeasurePrice>
      <AllowDiscount>1</AllowDiscount>
      <itemStatus>1</itemStatus>
      <LastUpdateDate />
      <LastUpdateTime />
    </Product>
    <Product>
      <PriceUpdateDate>2018/04/24 09:33</PriceUpdateDate>
      <ItemCode>8076808060654</ItemCode>
      <ItemType>1</ItemType>
      <ItemName>פרפלה מספר 65 ברילה (500 גרם)</ItemName>
      <ManufactureName>ש.שסטוביץ בעמ</ManufactureName>
      <ManufactureCountry />
      <ManufactureItemDescription />
      <UnitQty>יח`</UnitQty>
      <Quantity>5</Quantity>
      <UnitMeasure>100 גרם</UnitMeasure>
      <BisWeighted>0</BisWeighted>
      <QtyInPackage>1</QtyInPackage>
      <ItemPrice>5.90</ItemPrice>
      <UnitOfMeasurePrice>1.18</UnitOfMeasurePrice>
      <AllowDiscount>1</AllowDiscount>
      <itemStatus>1</itemStatus>
      <LastUpdateDate />
      <LastUpdateTime />
    </Product>
    <Product>
      <PriceUpdateDate>2018/04/24 11:32</PriceUpdateDate>
      <ItemCode>8076808070882</ItemCode>
      <ItemType>1</ItemType>
      <ItemName>קנלוני מספר 88 ברילה (250 גרם)</ItemName>
      <ManufactureName>ש.שסטוביץ בעמ</ManufactureName>
      <ManufactureCountry />
      <ManufactureItemDescription />
      <UnitQty>יח`</UnitQty>
      <Quantity>2.50</Quantity>
      <UnitMeasure>100 גרם</UnitMeasure>
      <BisWeighted>0</BisWeighted>
      <QtyInPackage>1</QtyInPackage>
      <ItemPrice>10.90</ItemPrice>
      <UnitOfMeasurePrice>4.36</UnitOfMeasurePrice>
      <AllowDiscount>1</AllowDiscount>
      <itemStatus>1</itemStatus>
      <LastUpdateDate />
      <LastUpdateTime />
    </Product>
    <Product>
      <PriceUpdateDate>2018/04/24 09:33</PriceUpdateDate>
      <ItemCode>8076809512268</ItemCode>
      <ItemType>1</ItemType>
      <ItemName>גירנדולה טורסדס מספר 34 ברילה (500 גרם)</ItemName>
      <ManufactureName>ש.שסטוביץ בעמ</ManufactureName>
      <ManufactureCountry />
      <ManufactureItemDescription />
      <UnitQty>יח`</UnitQty>
      <Quantity>5</Quantity>
      <UnitMeasure>100 גרם</UnitMeasure>
      <BisWeighted>0</BisWeighted>
      <QtyInPackage>1</QtyInPackage>
      <ItemPrice>5.90</ItemPrice>
      <UnitOfMeasurePrice>1.18</UnitOfMeasurePrice>
      <AllowDiscount>1</AllowDiscount>
      <itemStatus>1</itemStatus>
      <LastUpdateDate />
      <LastUpdateTime />
    </Product>
    <Product>
      <PriceUpdateDate>2018/07/08 11:12</PriceUpdateDate>
      <ItemCode>8076809513388</ItemCode>
      <ItemType>1</ItemType>
      <ItemName>רוטב פסטה ארביאטה ברילה (400 גרם)</ItemName>
      <ManufactureName>ש.שסטוביץ בעמ</ManufactureName>
      <ManufactureCountry />
      <ManufactureItemDescription />
      <UnitQty>יח`</UnitQty>
      <Quantity>4</Quantity>
      <UnitMeasure>100 גרם</UnitMeasure>
      <BisWeighted>0</BisWeighted>
      <QtyInPackage>1</QtyInPackage>
      <ItemPrice>13.90</ItemPrice>
      <UnitOfMeasurePrice>3.48</UnitOfMeasurePrice>
      <AllowDiscount>1</AllowDiscount>
      <itemStatus>1</itemStatus>
      <LastUpdateDate />
      <LastUpdateTime />
    </Product>
    <Product>
      <PriceUpdateDate>2018/07/08 11:12</PriceUpdateDate>
      <ItemCode>8076809513395</ItemCode>
      <ItemType>1</ItemType>
      <ItemName>רוטב לפסטה פומודורו ברילה (400 גרם)</ItemName>
      <ManufactureName>ש.שסטוביץ בעמ</ManufactureName>
      <ManufactureCountry />
      <ManufactureItemDescription />
      <UnitQty>יח`</UnitQty>
      <Quantity>4</Quantity>
      <UnitMeasure>100 גרם</UnitMeasure>
      <BisWeighted>0</BisWeighted>
      <QtyInPackage>1</QtyInPackage>
      <ItemPrice>13.90</ItemPrice>
      <UnitOfMeasurePrice>3.48</UnitOfMeasurePrice>
      <AllowDiscount>1</AllowDiscount>
      <itemStatus>1</itemStatus>
      <LastUpdateDate />
      <LastUpdateTime />
    </Product>
    <Product>
      <PriceUpdateDate>2018/07/08 11:12</PriceUpdateDate>
      <ItemCode>8076809513692</ItemCode>
      <ItemType>1</ItemType>
      <ItemName>רוטב לפסטה נפולטנה ברילה (400 גרם)</ItemName>
      <ManufactureName>ש.שסטוביץ בעמ</ManufactureName>
      <ManufactureCountry />
      <ManufactureItemDescription />
      <UnitQty>יח`</UnitQty>
      <Quantity>4</Quantity>
      <UnitMeasure>100 גרם</UnitMeasure>
      <BisWeighted>0</BisWeighted>
      <QtyInPackage>1</QtyInPackage>
      <ItemPrice>13.90</ItemPrice>
      <UnitOfMeasurePrice>3.48</UnitOfMeasurePrice>
      <AllowDiscount>1</AllowDiscount>
      <itemStatus>1</itemStatus>
      <LastUpdateDate />
      <LastUpdateTime />
    </Product>
    <Product>
      <PriceUpdateDate>2018/07/08 11:12</PriceUpdateDate>
      <ItemCode>8076809513739</ItemCode>
      <ItemType>1</ItemType>
      <ItemName>רוטב לפסטה בזיליקום ברילה (400 גרם)</ItemName>
      <ManufactureName>ש.שסטוביץ בעמ</ManufactureName>
      <ManufactureCountry />
      <ManufactureItemDescription />
      <UnitQty>יח`</UnitQty>
      <Quantity>4</Quantity>
      <UnitMeasure>100 גרם</UnitMeasure>
      <BisWeighted>0</BisWeighted>
      <QtyInPackage>1</QtyInPackage>
      <ItemPrice>13.90</ItemPrice>
      <UnitOfMeasurePrice>3.48</UnitOfMeasurePrice>
      <AllowDiscount>1</AllowDiscount>
      <itemStatus>1</itemStatus>
      <LastUpdateDate />
      <LastUpdateTime />
    </Product>
    <Product>
      <PriceUpdateDate>2018/04/24 11:32</PriceUpdateDate>
      <ItemCode>8076809514774</ItemCode>
      <ItemType>1</ItemType>
      <ItemName>פרפנדלה ברילה (250 גרם)</ItemName>
      <ManufactureName>ש.שסטוביץ בעמ</ManufactureName>
      <ManufactureCountry />
      <ManufactureItemDescription />
      <UnitQty>יח`</UnitQty>
      <Quantity>2.50</Quantity>
      <UnitMeasure>100 גרם</UnitMeasure>
      <BisWeighted>0</BisWeighted>
      <QtyInPackage>1</QtyInPackage>
      <ItemPrice>14.90</ItemPrice>
      <UnitOfMeasurePrice>5.96</UnitOfMeasurePrice>
      <AllowDiscount>0</AllowDiscount>
      <itemStatus>1</itemStatus>
      <LastUpdateDate />
      <LastUpdateTime />
    </Product>
    <Product>
      <PriceUpdateDate>2018/07/08 11:12</PriceUpdateDate>
      <ItemCode>8076809523561</ItemCode>
      <ItemType>1</ItemType>
      <ItemName>רוטב לפסטה טוסקנה ברילה (400 גרם)</ItemName>
      <ManufactureName>ש.שסטוביץ בעמ</ManufactureName>
      <ManufactureCountry />
      <ManufactureItemDescription />
      <UnitQty>יח`</UnitQty>
      <Quantity>4</Quantity>
      <UnitMeasure>100 גרם</UnitMeasure>
      <BisWeighted>0</BisWeighted>
      <QtyInPackage>1</QtyInPackage>
      <ItemPrice>13.90</ItemPrice>
      <UnitOfMeasurePrice>3.48</UnitOfMeasurePrice>
      <AllowDiscount>1</AllowDiscount>
      <itemStatus>1</itemStatus>
      <LastUpdateDate />
      <LastUpdateTime />
    </Product>
    <Product>
      <PriceUpdateDate>2018/04/24 09:33</PriceUpdateDate>
      <ItemCode>8076809523714</ItemCode>
      <ItemType>1</ItemType>
      <ItemName>טליאטלה ברילה (500 גרם)</ItemName>
      <ManufactureName>ש.שסטוביץ בעמ</ManufactureName>
      <ManufactureCountry />
      <ManufactureItemDescription />
      <UnitQty>יח`</UnitQty>
      <Quantity>5</Quantity>
      <UnitMeasure>100 גרם</UnitMeasure>
      <BisWeighted>0</BisWeighted>
      <QtyInPackage>1</QtyInPackage>
      <ItemPrice>19.90</ItemPrice>
      <UnitOfMeasurePrice>3.98</UnitOfMeasurePrice>
      <AllowDiscount>0</AllowDiscount>
      <itemStatus>1</itemStatus>
      <LastUpdateDate />
      <LastUpdateTime />
    </Product>
    <Product>
      <PriceUpdateDate>2018/04/24 09:33</PriceUpdateDate>
      <ItemCode>8076809523738</ItemCode>
      <ItemType>1</ItemType>
      <ItemName>לזניה ברילה (500 גרם)</ItemName>
      <ManufactureName>ש.שסטוביץ בעמ</ManufactureName>
      <ManufactureCountry />
      <ManufactureItemDescription />
      <UnitQty>יח`</UnitQty>
      <Quantity>5</Quantity>
      <UnitMeasure>100 גרם</UnitMeasure>
      <BisWeighted>0</BisWeighted>
      <QtyInPackage>1</QtyInPackage>
      <ItemPrice>17.90</ItemPrice>
      <UnitOfMeasurePrice>3.58</UnitOfMeasurePrice>
      <AllowDiscount>1</AllowDiscount>
      <itemStatus>1</itemStatus>
      <LastUpdateDate />
      <LastUpdateTime />
    </Product>
    <Product>
      <PriceUpdateDate>2018/07/25 13:24</PriceUpdateDate>
      <ItemCode>8076809529419</ItemCode>
      <ItemType>1</ItemType>
      <ItemName>ספגטי חיטה מלאה ברילה (500 גרם)</ItemName>
      <ManufactureName>ש.שסטוביץ בעמ</ManufactureName>
      <ManufactureCountry />
      <ManufactureItemDescription />
      <UnitQty>יח`</UnitQty>
      <Quantity>5</Quantity>
      <UnitMeasure>100 גרם</UnitMeasure>
      <BisWeighted>0</BisWeighted>
      <QtyInPackage>1</QtyInPackage>
      <ItemPrice>12.90</ItemPrice>
      <UnitOfMeasurePrice>2.58</UnitOfMeasurePrice>
      <AllowDiscount>0</AllowDiscount>
      <itemStatus>1</itemStatus>
      <LastUpdateDate />
      <LastUpdateTime />
    </Product>
    <Product>
      <PriceUpdateDate>2018/04/24 09:33</PriceUpdateDate>
      <ItemCode>8076809529433</ItemCode>
      <ItemType>1</ItemType>
      <ItemName>פסטה פנה ריגטה חיטה מלאה ברילה (500 גרם)</ItemName>
      <ManufactureName>ש.שסטוביץ בעמ</ManufactureName>
      <ManufactureCountry />
      <ManufactureItemDescription />
      <UnitQty>יח`</UnitQty>
      <Quantity>5</Quantity>
      <UnitMeasure>100 גרם</UnitMeasure>
      <BisWeighted>0</BisWeighted>
      <QtyInPackage>1</QtyInPackage>
      <ItemPrice>12.90</ItemPrice>
      <UnitOfMeasurePrice>2.58</UnitOfMeasurePrice>
      <AllowDiscount>0</AllowDiscount>
      <itemStatus>1</itemStatus>
      <LastUpdateDate />
      <LastUpdateTime />
    </Product>
    <Product>
      <PriceUpdateDate>2019/05/21 08:54</PriceUpdateDate>
      <ItemCode>8076809572569</ItemCode>
      <ItemType>1</ItemType>
      <ItemName>רוטב פסטו 195  גר`ברילה</ItemName>
      <ManufactureName>ש.שסטוביץ בעמ</ManufactureName>
      <ManufactureCountry />
      <ManufactureItemDescription />
      <UnitQty>יח`</UnitQty>
      <Quantity>1.95</Quantity>
      <UnitMeasure>100 גרם</UnitMeasure>
      <BisWeighted>0</BisWeighted>
      <QtyInPackage>1</QtyInPackage>
      <ItemPrice>13.90</ItemPrice>
      <UnitOfMeasurePrice>7.13</UnitOfMeasurePrice>
      <AllowDiscount>0</AllowDiscount>
      <itemStatus>1</itemStatus>
      <LastUpdateDate />
      <LastUpdateTime />
    </Product>
    <Product>
      <PriceUpdateDate>2019/12/18 07:26</PriceUpdateDate>
      <ItemCode>8121300207004</ItemCode>
      <ItemType>1</ItemType>
      <ItemName>סטיביה ממתיק בצנצנת 270 גר` טרוביה</ItemName>
      <ManufactureName>גורי ע.ע.ע בעמ</ManufactureName>
      <ManufactureCountry />
      <ManufactureItemDescription />
      <UnitQty>יח`</UnitQty>
      <Quantity>2.70</Quantity>
      <UnitMeasure>100 גרם</UnitMeasure>
      <BisWeighted>0</BisWeighted>
      <QtyInPackage>1</QtyInPackage>
      <ItemPrice>34.90</ItemPrice>
      <UnitOfMeasurePrice>12.93</UnitOfMeasurePrice>
      <AllowDiscount>1</AllowDiscount>
      <itemStatus>1</itemStatus>
      <LastUpdateDate />
      <LastUpdateTime />
    </Product>
    <Product>
      <PriceUpdateDate>2019/03/05 15:51</PriceUpdateDate>
      <ItemCode>8358110076302</ItemCode>
      <ItemType>1</ItemType>
      <ItemName>כוסות לחיים 40 יחידות</ItemName>
      <ManufactureName>הנמל אריזות ושיווק (1984) בעמ</ManufactureName>
      <ManufactureCountry />
      <ManufactureItemDescription />
      <UnitQty>יח`</UnitQty>
      <Quantity>1</Quantity>
      <UnitMeasure />
      <BisWeighted>0</BisWeighted>
      <QtyInPackage>1</QtyInPackage>
      <ItemPrice>4.90</ItemPrice>
      <UnitOfMeasurePrice>4.90</UnitOfMeasurePrice>
      <AllowDiscount>0</AllowDiscount>
      <itemStatus>1</itemStatus>
      <LastUpdateDate />
      <LastUpdateTime />
    </Product>
    <Product>
      <PriceUpdateDate>2018/08/05 11:28</PriceUpdateDate>
      <ItemCode>8410076600622</ItemCode>
      <ItemType>1</ItemType>
      <ItemName>נייטשר וואלי 210 גר` שבבי שוקולד מריר</ItemName>
      <ManufactureName>ליימן שליסל בעמ</ManufactureName>
      <ManufactureCountry />
      <ManufactureItemDescription />
      <UnitQty>יח`</UnitQty>
      <Quantity>2.10</Quantity>
      <UnitMeasure>100 גרם</UnitMeasure>
      <BisWeighted>0</BisWeighted>
      <QtyInPackage>1</QtyInPackage>
      <ItemPrice>19.90</ItemPrice>
      <UnitOfMeasurePrice>9.48</UnitOfMeasurePrice>
      <AllowDiscount>1</AllowDiscount>
      <itemStatus>1</itemStatus>
      <LastUpdateDate />
      <LastUpdateTime />
    </Product>
    <Product>
      <PriceUpdateDate>2018/07/08 11:12</PriceUpdateDate>
      <ItemCode>8410076610379</ItemCode>
      <ItemType>1</ItemType>
      <ItemName>נייטשר וואלי פרוטאין בוטנים ושבבי שוקולד</ItemName>
      <ManufactureName>ליימן שליסל בעמ</ManufactureName>
      <ManufactureCountry />
      <ManufactureItemDescription />
      <UnitQty>יח`</UnitQty>
      <Quantity>2.10</Quantity>
      <UnitMeasure>100 גרם</UnitMeasure>
      <BisWeighted>0</BisWeighted>
      <QtyInPackage>1</QtyInPackage>
      <ItemPrice>24.90</ItemPrice>
      <UnitOfMeasurePrice>11.86</UnitOfMeasurePrice>
      <AllowDiscount>1</AllowDiscount>
      <itemStatus>1</itemStatus>
      <LastUpdateDate />
      <LastUpdateTime />
    </Product>
    <Product>
      <PriceUpdateDate>2018/07/08 11:12</PriceUpdateDate>
      <ItemCode>8410076610386</ItemCode>
      <ItemType>1</ItemType>
      <ItemName>נייטשר וואלי פרוטאין בוטנים עם ציפוי בטע</ItemName>
      <ManufactureName>ליימן שליסל בעמ</ManufactureName>
      <ManufactureCountry />
      <ManufactureItemDescription />
      <UnitQty>יח`</UnitQty>
      <Quantity>2.10</Quantity>
      <UnitMeasure>100 גרם</UnitMeasure>
      <BisWeighted>0</BisWeighted>
      <QtyInPackage>1</QtyInPackage>
      <ItemPrice>24.90</ItemPrice>
      <UnitOfMeasurePrice>11.86</UnitOfMeasurePrice>
      <AllowDiscount>1</AllowDiscount>
      <itemStatus>1</itemStatus>
      <LastUpdateDate />
      <LastUpdateTime />
    </Product>
    <Product>
      <PriceUpdateDate>2018/08/05 11:28</PriceUpdateDate>
      <ItemCode>8410076610492</ItemCode>
      <ItemType>1</ItemType>
      <ItemName>נייטשר וואלי צ`ואי חטיף חמאת בוטנים</ItemName>
      <ManufactureName>ליימן שליסל בעמ</ManufactureName>
      <ManufactureCountry />
      <ManufactureItemDescription />
      <UnitQty>יח`</UnitQty>
      <Quantity>1.50</Quantity>
      <UnitMeasure>100 גרם</UnitMeasure>
      <BisWeighted>0</BisWeighted>
      <QtyInPackage>1</QtyInPackage>
      <ItemPrice>19.90</ItemPrice>
      <UnitOfMeasurePrice>13.27</UnitOfMeasurePrice>
      <AllowDiscount>1</AllowDiscount>
      <itemStatus>1</itemStatus>
      <LastUpdateDate />
      <LastUpdateTime />
    </Product>
    <Product>
      <PriceUpdateDate>2018/08/05 11:28</PriceUpdateDate>
      <ItemCode>8410076610508</ItemCode>
      <ItemType>1</ItemType>
      <ItemName>נייטשר וואלי צ`ואי סוליט מריר</ItemName>
      <ManufactureName>ליימן שליסל בעמ</ManufactureName>
      <ManufactureCountry />
      <ManufactureItemDescription />
      <UnitQty>יח`</UnitQty>
      <Quantity>1.50</Quantity>
      <UnitMeasure>100 גרם</UnitMeasure>
      <BisWeighted>0</BisWeighted>
      <QtyInPackage>1</QtyInPackage>
      <ItemPrice>19.90</ItemPrice>
      <UnitOfMeasurePrice>13.27</UnitOfMeasurePrice>
      <AllowDiscount>1</AllowDiscount>
      <itemStatus>1</itemStatus>
      <LastUpdateDate />
      <LastUpdateTime />
    </Product>
    <Product>
      <PriceUpdateDate>2018/04/24 12:44</PriceUpdateDate>
      <ItemCode>8410076620057</ItemCode>
      <ItemType>1</ItemType>
      <ItemName>חטיף פייבר 1 בטעם שוקולד 120גרם</ItemName>
      <ManufactureName>ליימן שליסל בעמ</ManufactureName>
      <ManufactureCountry />
      <ManufactureItemDescription />
      <UnitQty>יח`</UnitQty>
      <Quantity>1</Quantity>
      <UnitMeasure />
      <BisWeighted>0</BisWeighted>
      <QtyInPackage>1</QtyInPackage>
      <ItemPrice>19.90</ItemPrice>
      <UnitOfMeasurePrice>19.90</UnitOfMeasurePrice>
      <AllowDiscount>1</AllowDiscount>
      <itemStatus>1</itemStatus>
      <LastUpdateDate />
      <LastUpdateTime />
    </Product>
    <Product>
      <PriceUpdateDate>2018/07/25 12:13</PriceUpdateDate>
      <ItemCode>8410076620231</ItemCode>
      <ItemType>1</ItemType>
      <ItemName>חטיף פייבר 1 טעם קרמל מלוח 120 גר</ItemName>
      <ManufactureName>ליימן שליסל בעמ</ManufactureName>
      <ManufactureCountry />
      <ManufactureItemDescription />
      <UnitQty>יח`</UnitQty>
      <Quantity>1.20</Quantity>
      <UnitMeasure>100 גרם</UnitMeasure>
      <BisWeighted>0</BisWeighted>
      <QtyInPackage>1</QtyInPackage>
      <ItemPrice>19.90</ItemPrice>
      <UnitOfMeasurePrice>16.58</UnitOfMeasurePrice>
      <AllowDiscount>1</AllowDiscount>
      <itemStatus>1</itemStatus>
      <LastUpdateDate />
      <LastUpdateTime />
    </Product>
    <Product>
      <PriceUpdateDate>2019/10/22 12:36</PriceUpdateDate>
      <ItemCode>8410076620354</ItemCode>
      <ItemType>1</ItemType>
      <ItemName>נייטשר וואלי חטיף ממולא נאט קרים שיבולת</ItemName>
      <ManufactureName>ליימן שליסל בעמ</ManufactureName>
      <ManufactureCountry />
      <ManufactureItemDescription />
      <UnitQty>יח`</UnitQty>
      <Quantity>1.90</Quantity>
      <UnitMeasure>100 גרם</UnitMeasure>
      <BisWeighted>0</BisWeighted>
      <QtyInPackage>1</QtyInPackage>
      <ItemPrice>19.90</ItemPrice>
      <UnitOfMeasurePrice>10.47</UnitOfMeasurePrice>
      <AllowDiscount>1</AllowDiscount>
      <itemStatus>1</itemStatus>
      <LastUpdateDate />
      <LastUpdateTime />
    </Product>
    <Product>
      <PriceUpdateDate>2019/10/22 12:36</PriceUpdateDate>
      <ItemCode>8410076620361</ItemCode>
      <ItemType>1</ItemType>
      <ItemName>נייטשר וואלי חטיף ממולא נאט קרים שיבולת</ItemName>
      <ManufactureName>ליימן שליסל בעמ</ManufactureName>
      <ManufactureCountry />
      <ManufactureItemDescription />
      <UnitQty>יח`</UnitQty>
      <Quantity>1.90</Quantity>
      <UnitMeasure>100 גרם</UnitMeasure>
      <BisWeighted>0</BisWeighted>
      <QtyInPackage>1</QtyInPackage>
      <ItemPrice>19.90</ItemPrice>
      <UnitOfMeasurePrice>10.47</UnitOfMeasurePrice>
      <AllowDiscount>1</AllowDiscount>
      <itemStatus>1</itemStatus>
      <LastUpdateDate />
      <LastUpdateTime />
    </Product>
    <Product>
      <PriceUpdateDate>2018/12/20 08:23</PriceUpdateDate>
      <ItemCode>8410076620538</ItemCode>
      <ItemType>1</ItemType>
      <ItemName>עוגה אישית פייבר 1 קיק בר שוקולד 90 קלור</ItemName>
      <ManufactureName>ליימן שליסל בעמ</ManufactureName>
      <ManufactureCountry />
      <ManufactureItemDescription />
      <UnitQty>יח`</UnitQty>
      <Quantity>1</Quantity>
      <UnitMeasure>100 גרם</UnitMeasure>
      <BisWeighted>0</BisWeighted>
      <QtyInPackage>1</QtyInPackage>
      <ItemPrice>19.90</ItemPrice>
      <UnitOfMeasurePrice>19.90</UnitOfMeasurePrice>
      <AllowDiscount>1</AllowDiscount>
      <itemStatus>1</itemStatus>
      <LastUpdateDate />
      <LastUpdateTime />
    </Product>
    <Product>
      <PriceUpdateDate>2019/08/07 10:33</PriceUpdateDate>
      <ItemCode>8410076620941</ItemCode>
      <ItemType>1</ItemType>
      <ItemName>נייטשר וואלי 210 גר` נאט קרים קאפס אגוזי</ItemName>
      <ManufactureName>ליימן שליסל בעמ</ManufactureName>
      <ManufactureCountry />
      <ManufactureItemDescription />
      <UnitQty>יח`</UnitQty>
      <Quantity>1.40</Quantity>
      <UnitMeasure>100 גרם</UnitMeasure>
      <BisWeighted>0</BisWeighted>
      <QtyInPackage>1</QtyInPackage>
      <ItemPrice>19.90</ItemPrice>
      <UnitOfMeasurePrice>14.21</UnitOfMeasurePrice>
      <AllowDiscount>1</AllowDiscount>
      <itemStatus>1</itemStatus>
      <LastUpdateDate />
      <LastUpdateTime />
    </Product>
    <Product>
      <PriceUpdateDate>2018/04/24 10:42</PriceUpdateDate>
      <ItemCode>8410104039134</ItemCode>
      <ItemType>1</ItemType>
      <ItemName>מנקה מדיח כלים פיניש (250 מל)</ItemName>
      <ManufactureName>רקיט בנקיזר (ניר איסט) בעמ</ManufactureName>
      <ManufactureCountry />
      <ManufactureItemDescription />
      <UnitQty>יח`</UnitQty>
      <Quantity>2.50</Quantity>
      <UnitMeasure>100 מ"ל</UnitMeasure>
      <BisWeighted>0</BisWeighted>
      <QtyInPackage>1</QtyInPackage>
      <ItemPrice>20.90</ItemPrice>
      <UnitOfMeasurePrice>8.36</UnitOfMeasurePrice>
      <AllowDiscount>1</AllowDiscount>
      <itemStatus>1</itemStatus>
      <LastUpdateDate />
      <LastUpdateTime />
    </Product>
    <Product>
      <PriceUpdateDate>2018/04/24 10:54</PriceUpdateDate>
      <ItemCode>8410104437268</ItemCode>
      <ItemType>1</ItemType>
      <ItemName>פיניש מפיץ ריח רגיל</ItemName>
      <ManufactureName>רקיט בנקיזר (ניר איסט) בעמ</ManufactureName>
      <ManufactureCountry />
      <ManufactureItemDescription />
      <UnitQty>יח`</UnitQty>
      <Quantity>1</Quantity>
      <UnitMeasure />
      <BisWeighted>0</BisWeighted>
      <QtyInPackage>1</QtyInPackage>
      <ItemPrice>20.90</ItemPrice>
      <UnitOfMeasurePrice>20.90</UnitOfMeasurePrice>
      <AllowDiscount>1</AllowDiscount>
      <itemStatus>1</itemStatus>
      <LastUpdateDate />
      <LastUpdateTime />
    </Product>
    <Product>
      <PriceUpdateDate>2020/02/03 11:49</PriceUpdateDate>
      <ItemCode>8410104511340</ItemCode>
      <ItemType>1</ItemType>
      <ItemName>רצועות שעווה מוכנות לעור יבש ויט) (12</ItemName>
      <ManufactureName>רקיט בנקיזר (ניר איסט) בעמ</ManufactureName>
      <ManufactureCountry />
      <ManufactureItemDescription />
      <UnitQty>יח`</UnitQty>
      <Quantity>1</Quantity>
      <UnitMeasure>יח`</UnitMeasure>
      <BisWeighted>0</BisWeighted>
      <QtyInPackage>1</QtyInPackage>
      <ItemPrice>24.90</ItemPrice>
      <UnitOfMeasurePrice>24.90</UnitOfMeasurePrice>
      <AllowDiscount>1</AllowDiscount>
      <itemStatus>1</itemStatus>
      <LastUpdateDate />
      <LastUpdateTime />
    </Product>
    <Product>
      <PriceUpdateDate>2018/04/24 11:08</PriceUpdateDate>
      <ItemCode>8410376017113</ItemCode>
      <ItemType>1</ItemType>
      <ItemName>גולון ביסקוויט סנדוויץ שוקו 500 גר</ItemName>
      <ManufactureName>טסה שוקולד בעמ</ManufactureName>
      <ManufactureCountry />
      <ManufactureItemDescription />
      <UnitQty>יח`</UnitQty>
      <Quantity>5</Quantity>
      <UnitMeasure>100 גרם</UnitMeasure>
      <BisWeighted>0</BisWeighted>
      <QtyInPackage>1</QtyInPackage>
      <ItemPrice>9.90</ItemPrice>
      <UnitOfMeasurePrice>1.98</UnitOfMeasurePrice>
      <AllowDiscount>0</AllowDiscount>
      <itemStatus>1</itemStatus>
      <LastUpdateDate />
      <LastUpdateTime />
    </Product>
    <Product>
      <PriceUpdateDate>2018/04/24 11:08</PriceUpdateDate>
      <ItemCode>8410376023831</ItemCode>
      <ItemType>1</ItemType>
      <ItemName>גולן ביסקוויט מחיטה מלאה ללא סוכר 400 ג</ItemName>
      <ManufactureName>טסה שוקולד בעמ</ManufactureName>
      <ManufactureCountry />
      <ManufactureItemDescription />
      <UnitQty>יח`</UnitQty>
      <Quantity>4</Quantity>
      <UnitMeasure>100 גרם</UnitMeasure>
      <BisWeighted>0</BisWeighted>
      <QtyInPackage>1</QtyInPackage>
      <ItemPrice>15.90</ItemPrice>
      <UnitOfMeasurePrice>3.98</UnitOfMeasurePrice>
      <AllowDiscount>0</AllowDiscount>
      <itemStatus>1</itemStatus>
      <LastUpdateDate />
      <LastUpdateTime />
    </Product>
    <Product>
      <PriceUpdateDate>2018/04/24 12:56</PriceUpdateDate>
      <ItemCode>8410376037883</ItemCode>
      <ItemType>1</ItemType>
      <ItemName>גולון עוגיות שוקו צפס ללא גלוטן 130 ג</ItemName>
      <ManufactureName>טסה שוקולד בעמ</ManufactureName>
      <ManufactureCountry />
      <ManufactureItemDescription />
      <UnitQty>יח`</UnitQty>
      <Quantity>1.30</Quantity>
      <UnitMeasure>100 גרם</UnitMeasure>
      <BisWeighted>0</BisWeighted>
      <QtyInPackage>1</QtyInPackage>
      <ItemPrice>10.90</ItemPrice>
      <UnitOfMeasurePrice>8.38</UnitOfMeasurePrice>
      <AllowDiscount>0</AllowDiscount>
      <itemStatus>1</itemStatus>
      <LastUpdateDate />
      <LastUpdateTime />
    </Product>
    <Product>
      <PriceUpdateDate>2018/04/24 10:54</PriceUpdateDate>
      <ItemCode>8410644611210</ItemCode>
      <ItemType>1</ItemType>
      <ItemName>קאווה חצי יבשה וידה של סגל (750 מל)</ItemName>
      <ManufactureName>טמפו משקאות בעמ</ManufactureName>
      <ManufactureCountry />
      <ManufactureItemDescription />
      <UnitQty>יח`</UnitQty>
      <Quantity>7.50</Quantity>
      <UnitMeasure>100 מ"ל</UnitMeasure>
      <BisWeighted>0</BisWeighted>
      <QtyInPackage>1</QtyInPackage>
      <ItemPrice>30.90</ItemPrice>
      <UnitOfMeasurePrice>4.08</UnitOfMeasurePrice>
      <AllowDiscount>1</AllowDiscount>
      <itemStatus>1</itemStatus>
      <LastUpdateDate />
      <LastUpdateTime />
    </Product>
    <Product>
      <PriceUpdateDate>2018/04/24 13:08</PriceUpdateDate>
      <ItemCode>8411277205654</ItemCode>
      <ItemType>1</ItemType>
      <ItemName>קוה ג`ום סרה זהב</ItemName>
      <ManufactureName>היכל היין שקד גולן בעמ</ManufactureName>
      <ManufactureCountry />
      <ManufactureItemDescription />
      <UnitQty>יח`</UnitQty>
      <Quantity>7.50</Quantity>
      <UnitMeasure>100 מ"ל</UnitMeasure>
      <BisWeighted>0</BisWeighted>
      <QtyInPackage>1</QtyInPackage>
      <ItemPrice>30.90</ItemPrice>
      <UnitOfMeasurePrice>4.08</UnitOfMeasurePrice>
      <AllowDiscount>1</AllowDiscount>
      <itemStatus>1</itemStatus>
      <LastUpdateDate />
      <LastUpdateTime />
    </Product>
    <Product>
      <PriceUpdateDate>2018/04/24 13:15</PriceUpdateDate>
      <ItemCode>8413376024877</ItemCode>
      <ItemType>1</ItemType>
      <ItemName>גבינת עיזים רכה עם פאפאיה 29% שומן 110 ג</ItemName>
      <ManufactureName>ג.וילי-פוד אינטרנשיונל בעמ</ManufactureName>
      <ManufactureCountry />
      <ManufactureItemDescription />
      <UnitQty>יח`</UnitQty>
      <Quantity>1.10</Quantity>
      <UnitMeasure>100 גרם</UnitMeasure>
      <BisWeighted>0</BisWeighted>
      <QtyInPackage>1</QtyInPackage>
      <ItemPrice>14.90</ItemPrice>
      <UnitOfMeasurePrice>13.55</UnitOfMeasurePrice>
      <AllowDiscount>1</AllowDiscount>
      <itemStatus>1</itemStatus>
      <LastUpdateDate />
      <LastUpdateTime />
    </Product>
    <Product>
      <PriceUpdateDate>2019/02/01 07:58</PriceUpdateDate>
      <ItemCode>8423207206488</ItemCode>
      <ItemType>1</ItemType>
      <ItemName>מרבה סלים דליס שוקולד חלב</ItemName>
      <ManufactureName>ש.שסטוביץ בעמ</ManufactureName>
      <ManufactureCountry />
      <ManufactureItemDescription />
      <UnitQty>יח`</UnitQty>
      <Quantity>1.20</Quantity>
      <UnitMeasure>100 גרם</UnitMeasure>
      <BisWeighted>0</BisWeighted>
      <QtyInPackage>1</QtyInPackage>
      <ItemPrice>10.90</ItemPrice>
      <UnitOfMeasurePrice>9.08</UnitOfMeasurePrice>
      <AllowDiscount>1</AllowDiscount>
      <itemStatus>1</itemStatus>
      <LastUpdateDate />
      <LastUpdateTime />
    </Product>
    <Product>
      <PriceUpdateDate>2019/02/01 07:58</PriceUpdateDate>
      <ItemCode>8423207206495</ItemCode>
      <ItemType>1</ItemType>
      <ItemName>מרבה סלים דליס שוקולד מריר</ItemName>
      <ManufactureName>ש.שסטוביץ בעמ</ManufactureName>
      <ManufactureCountry />
      <ManufactureItemDescription />
      <UnitQty>יח`</UnitQty>
      <Quantity>1.20</Quantity>
      <UnitMeasure>100 גרם</UnitMeasure>
      <BisWeighted>0</BisWeighted>
      <QtyInPackage>1</QtyInPackage>
      <ItemPrice>10.90</ItemPrice>
      <UnitOfMeasurePrice>9.08</UnitOfMeasurePrice>
      <AllowDiscount>1</AllowDiscount>
      <itemStatus>1</itemStatus>
      <LastUpdateDate />
      <LastUpdateTime />
    </Product>
    <Product>
      <PriceUpdateDate>2019/02/01 07:58</PriceUpdateDate>
      <ItemCode>8423207207362</ItemCode>
      <ItemType>1</ItemType>
      <ItemName>מרבה סלים דליס</ItemName>
      <ManufactureName>ש.שסטוביץ בעמ</ManufactureName>
      <ManufactureCountry />
      <ManufactureItemDescription />
      <UnitQty>יח`</UnitQty>
      <Quantity>1.20</Quantity>
      <UnitMeasure>100 גרם</UnitMeasure>
      <BisWeighted>0</BisWeighted>
      <QtyInPackage>1</QtyInPackage>
      <ItemPrice>10.90</ItemPrice>
      <UnitOfMeasurePrice>9.08</UnitOfMeasurePrice>
      <AllowDiscount>1</AllowDiscount>
      <itemStatus>1</itemStatus>
      <LastUpdateDate />
      <LastUpdateTime />
    </Product>
    <Product>
      <PriceUpdateDate>2019/02/01 07:58</PriceUpdateDate>
      <ItemCode>8423207208260</ItemCode>
      <ItemType>1</ItemType>
      <ItemName>מרבה סלים דליס שוקולד חלב ללא גלוטן</ItemName>
      <ManufactureName>ש.שסטוביץ בעמ</ManufactureName>
      <ManufactureCountry />
      <ManufactureItemDescription />
      <UnitQty>יח`</UnitQty>
      <Quantity>1</Quantity>
      <UnitMeasure />
      <BisWeighted>0</BisWeighted>
      <QtyInPackage>1</QtyInPackage>
      <ItemPrice>10.90</ItemPrice>
      <UnitOfMeasurePrice>10.90</UnitOfMeasurePrice>
      <AllowDiscount>1</AllowDiscount>
      <itemStatus>1</itemStatus>
      <LastUpdateDate />
      <LastUpdateTime />
    </Product>
    <Product>
      <PriceUpdateDate>2019/02/01 07:58</PriceUpdateDate>
      <ItemCode>8423207208680</ItemCode>
      <ItemType>1</ItemType>
      <ItemName>סלים דליס לילדים עם שוקולד חלבי</ItemName>
      <ManufactureName>ש.שסטוביץ בעמ</ManufactureName>
      <ManufactureCountry />
      <ManufactureItemDescription />
      <UnitQty>יח`</UnitQty>
      <Quantity>0.78</Quantity>
      <UnitMeasure>100 גרם</UnitMeasure>
      <BisWeighted>0</BisWeighted>
      <QtyInPackage>1</QtyInPackage>
      <ItemPrice>10.90</ItemPrice>
      <UnitOfMeasurePrice>13.97</UnitOfMeasurePrice>
      <AllowDiscount>1</AllowDiscount>
      <itemStatus>1</itemStatus>
      <LastUpdateDate />
      <LastUpdateTime />
    </Product>
    <Product>
      <PriceUpdateDate>2019/02/01 07:58</PriceUpdateDate>
      <ItemCode>8423207208697</ItemCode>
      <ItemType>1</ItemType>
      <ItemName>סלים דליס לילדים עם שוקולד לבן</ItemName>
      <ManufactureName>ש.שסטוביץ בעמ</ManufactureName>
      <ManufactureCountry />
      <ManufactureItemDescription />
      <UnitQty>יח`</UnitQty>
      <Quantity>0.78</Quantity>
      <UnitMeasure>100 גרם</UnitMeasure>
      <BisWeighted>0</BisWeighted>
      <QtyInPackage>1</QtyInPackage>
      <ItemPrice>10.90</ItemPrice>
      <UnitOfMeasurePrice>13.97</UnitOfMeasurePrice>
      <AllowDiscount>1</AllowDiscount>
      <itemStatus>1</itemStatus>
      <LastUpdateDate />
      <LastUpdateTime />
    </Product>
    <Product>
      <PriceUpdateDate>2019/02/01 07:58</PriceUpdateDate>
      <ItemCode>8423207208703</ItemCode>
      <ItemType>1</ItemType>
      <ItemName>סלים דליס מהדורה מיוחדת עם שוקולד מריר</ItemName>
      <ManufactureName>ש.שסטוביץ בעמ</ManufactureName>
      <ManufactureCountry />
      <ManufactureItemDescription />
      <UnitQty>יח`</UnitQty>
      <Quantity>0.78</Quantity>
      <UnitMeasure>100 גרם</UnitMeasure>
      <BisWeighted>0</BisWeighted>
      <QtyInPackage>1</QtyInPackage>
      <ItemPrice>10.90</ItemPrice>
      <UnitOfMeasurePrice>13.97</UnitOfMeasurePrice>
      <AllowDiscount>1</AllowDiscount>
      <itemStatus>1</itemStatus>
      <LastUpdateDate />
      <LastUpdateTime />
    </Product>
    <Product>
      <PriceUpdateDate>2018/04/24 12:38</PriceUpdateDate>
      <ItemCode>8423207208871</ItemCode>
      <ItemType>1</ItemType>
      <ItemName>פריכיות תירס טבעי - סלים דליס</ItemName>
      <ManufactureName>גורי מוצרי צריכה (1991) בעמ</ManufactureName>
      <ManufactureCountry />
      <ManufactureItemDescription />
      <UnitQty>יח`</UnitQty>
      <Quantity>1.30</Quantity>
      <UnitMeasure>100 גרם</UnitMeasure>
      <BisWeighted>0</BisWeighted>
      <QtyInPackage>1</QtyInPackage>
      <ItemPrice>12.90</ItemPrice>
      <UnitOfMeasurePrice>9.92</UnitOfMeasurePrice>
      <AllowDiscount>1</AllowDiscount>
      <itemStatus>1</itemStatus>
      <LastUpdateDate />
      <LastUpdateTime />
    </Product>
    <Product>
      <PriceUpdateDate>2018/04/24 12:41</PriceUpdateDate>
      <ItemCode>8423207208888</ItemCode>
      <ItemType>1</ItemType>
      <ItemName>פריכיות תירס בטעם עגבניות עשבי תיבול כש</ItemName>
      <ManufactureName>גורי מוצרי צריכה (1991) בעמ</ManufactureName>
      <ManufactureCountry />
      <ManufactureItemDescription />
      <UnitQty>יח`</UnitQty>
      <Quantity>1.23</Quantity>
      <UnitMeasure>100 גרם</UnitMeasure>
      <BisWeighted>0</BisWeighted>
      <QtyInPackage>1</QtyInPackage>
      <ItemPrice>12.90</ItemPrice>
      <UnitOfMeasurePrice>10.49</UnitOfMeasurePrice>
      <AllowDiscount>1</AllowDiscount>
      <itemStatus>1</itemStatus>
      <LastUpdateDate />
      <LastUpdateTime />
    </Product>
    <Product>
      <PriceUpdateDate>2018/04/24 12:41</PriceUpdateDate>
      <ItemCode>8423207208895</ItemCode>
      <ItemType>1</ItemType>
      <ItemName>פריכיות תירס זיתים ועירית כשלפ סלים דלי</ItemName>
      <ManufactureName>גורי מוצרי צריכה (1991) בעמ</ManufactureName>
      <ManufactureCountry />
      <ManufactureItemDescription />
      <UnitQty>יח`</UnitQty>
      <Quantity>1.23</Quantity>
      <UnitMeasure>100 גרם</UnitMeasure>
      <BisWeighted>0</BisWeighted>
      <QtyInPackage>1</QtyInPackage>
      <ItemPrice>12.90</ItemPrice>
      <UnitOfMeasurePrice>10.49</UnitOfMeasurePrice>
      <AllowDiscount>1</AllowDiscount>
      <itemStatus>1</itemStatus>
      <LastUpdateDate />
      <LastUpdateTime />
    </Product>
    <Product>
      <PriceUpdateDate>2018/04/24 12:41</PriceUpdateDate>
      <ItemCode>8423207208901</ItemCode>
      <ItemType>1</ItemType>
      <ItemName>פריכיות אורז מלא כשלפ סלים דליס</ItemName>
      <ManufactureName>גורי מוצרי צריכה (1991) בעמ</ManufactureName>
      <ManufactureCountry />
      <ManufactureItemDescription />
      <UnitQty>יח`</UnitQty>
      <Quantity>1.30</Quantity>
      <UnitMeasure>100 גרם</UnitMeasure>
      <BisWeighted>0</BisWeighted>
      <QtyInPackage>1</QtyInPackage>
      <ItemPrice>12.90</ItemPrice>
      <UnitOfMeasurePrice>9.92</UnitOfMeasurePrice>
      <AllowDiscount>1</AllowDiscount>
      <itemStatus>1</itemStatus>
      <LastUpdateDate />
      <LastUpdateTime />
    </Product>
    <Product>
      <PriceUpdateDate>2019/02/01 07:58</PriceUpdateDate>
      <ItemCode>8423207209748</ItemCode>
      <ItemType>1</ItemType>
      <ItemName>מרבה סלים דליס שוקולד מריר בנגיעות מריר</ItemName>
      <ManufactureName>ש.שסטוביץ בעמ</ManufactureName>
      <ManufactureCountry />
      <ManufactureItemDescription />
      <UnitQty>יח`</UnitQty>
      <Quantity>1.20</Quantity>
      <UnitMeasure>100 גרם</UnitMeasure>
      <BisWeighted>0</BisWeighted>
      <QtyInPackage>1</QtyInPackage>
      <ItemPrice>10.90</ItemPrice>
      <UnitOfMeasurePrice>9.08</UnitOfMeasurePrice>
      <AllowDiscount>1</AllowDiscount>
      <itemStatus>1</itemStatus>
      <LastUpdateDate />
      <LastUpdateTime />
    </Product>
    <Product>
      <PriceUpdateDate>2019/02/01 07:58</PriceUpdateDate>
      <ItemCode>8423207209885</ItemCode>
      <ItemType>1</ItemType>
      <ItemName>סלים דליס מהדורה מיוחדת עם שוקולד חלב</ItemName>
      <ManufactureName>ש.שסטוביץ בעמ</ManufactureName>
      <ManufactureCountry />
      <ManufactureItemDescription />
      <UnitQty>יח`</UnitQty>
      <Quantity>1.20</Quantity>
      <UnitMeasure>100 גרם</UnitMeasure>
      <BisWeighted>0</BisWeighted>
      <QtyInPackage>1</QtyInPackage>
      <ItemPrice>10.90</ItemPrice>
      <UnitOfMeasurePrice>9.08</UnitOfMeasurePrice>
      <AllowDiscount>1</AllowDiscount>
      <itemStatus>1</itemStatus>
      <LastUpdateDate />
      <LastUpdateTime />
    </Product>
    <Product>
      <PriceUpdateDate>2019/02/01 07:58</PriceUpdateDate>
      <ItemCode>8423207210287</ItemCode>
      <ItemType>1</ItemType>
      <ItemName>מרבה סלים דליס שוקולד לבן בטעם יוגורט</ItemName>
      <ManufactureName>ש.שסטוביץ בעמ</ManufactureName>
      <ManufactureCountry />
      <ManufactureItemDescription />
      <UnitQty>יח`</UnitQty>
      <Quantity>1.20</Quantity>
      <UnitMeasure>100 גרם</UnitMeasure>
      <BisWeighted>0</BisWeighted>
      <QtyInPackage>1</QtyInPackage>
      <ItemPrice>10.90</ItemPrice>
      <UnitOfMeasurePrice>9.08</UnitOfMeasurePrice>
      <AllowDiscount>1</AllowDiscount>
      <itemStatus>1</itemStatus>
      <LastUpdateDate />
      <LastUpdateTime />
    </Product>
    <Product>
      <PriceUpdateDate>2018/07/25 13:24</PriceUpdateDate>
      <ItemCode>8425206000081</ItemCode>
      <ItemType>1</ItemType>
      <ItemName>מרדל ריבת חלב 450 גר</ItemName>
      <ManufactureName>גורי מוצרי צריכה (1991) בעמ</ManufactureName>
      <ManufactureCountry />
      <ManufactureItemDescription />
      <UnitQty>יח`</UnitQty>
      <Quantity>4.50</Quantity>
      <UnitMeasure>100 גרם</UnitMeasure>
      <BisWeighted>0</BisWeighted>
      <QtyInPackage>1</QtyInPackage>
      <ItemPrice>19.90</ItemPrice>
      <UnitOfMeasurePrice>4.42</UnitOfMeasurePrice>
      <AllowDiscount>1</AllowDiscount>
      <itemStatus>1</itemStatus>
      <LastUpdateDate />
      <LastUpdateTime />
    </Product>
    <Product>
      <PriceUpdateDate>2018/04/24 12:53</PriceUpdateDate>
      <ItemCode>8425206000142</ItemCode>
      <ItemType>1</ItemType>
      <ItemName>ריבת חלב בקבוק לחיץ 370 גר</ItemName>
      <ManufactureName>גורי מוצרי צריכה (1991) בעמ</ManufactureName>
      <ManufactureCountry />
      <ManufactureItemDescription />
      <UnitQty>יח`</UnitQty>
      <Quantity>3.70</Quantity>
      <UnitMeasure>100 גרם</UnitMeasure>
      <BisWeighted>0</BisWeighted>
      <QtyInPackage>1</QtyInPackage>
      <ItemPrice>19.90</ItemPrice>
      <UnitOfMeasurePrice>5.38</UnitOfMeasurePrice>
      <AllowDiscount>1</AllowDiscount>
      <itemStatus>1</itemStatus>
      <LastUpdateDate />
      <LastUpdateTime />
    </Product>
    <Product>
      <PriceUpdateDate>2018/04/24 12:55</PriceUpdateDate>
      <ItemCode>8427030005461</ItemCode>
      <ItemType>1</ItemType>
      <ItemName>סימילאק קומפורט שלב 2 820גר</ItemName>
      <ManufactureName>שקד תבל בעמ</ManufactureName>
      <ManufactureCountry />
      <ManufactureItemDescription />
      <UnitQty>יח`</UnitQty>
      <Quantity>8.20</Quantity>
      <UnitMeasure>100 גרם</UnitMeasure>
      <BisWeighted>0</BisWeighted>
      <QtyInPackage>1</QtyInPackage>
      <ItemPrice>95</ItemPrice>
      <UnitOfMeasurePrice>11.59</UnitOfMeasurePrice>
      <AllowDiscount>0</AllowDiscount>
      <itemStatus>1</itemStatus>
      <LastUpdateDate />
      <LastUpdateTime />
    </Product>
    <Product>
      <PriceUpdateDate>2020/02/21 08:29</PriceUpdateDate>
      <ItemCode>8683323041206</ItemCode>
      <ItemType>1</ItemType>
      <ItemName>יוגטה גומי 250 גרם ממולאות בצורת מקלות</ItemName>
      <ManufactureName>ליימן שליסל בעמ</ManufactureName>
      <ManufactureCountry />
      <ManufactureItemDescription />
      <UnitQty>יח`</UnitQty>
      <Quantity>2.50</Quantity>
      <UnitMeasure>100 גרם</UnitMeasure>
      <BisWeighted>0</BisWeighted>
      <QtyInPackage>1</QtyInPackage>
      <ItemPrice>7.90</ItemPrice>
      <UnitOfMeasurePrice>3.16</UnitOfMeasurePrice>
      <AllowDiscount>1</AllowDiscount>
      <itemStatus>1</itemStatus>
      <LastUpdateDate />
      <LastUpdateTime />
    </Product>
    <Product>
      <PriceUpdateDate>2018/04/24 12:59</PriceUpdateDate>
      <ItemCode>8683323063024</ItemCode>
      <ItemType>1</ItemType>
      <ItemName>יוגטה שטיחים תותי פרוטי 220 גר`</ItemName>
      <ManufactureName>ליימן שליסל בעמ</ManufactureName>
      <ManufactureCountry />
      <ManufactureItemDescription />
      <UnitQty>יח`</UnitQty>
      <Quantity>2.20</Quantity>
      <UnitMeasure>100 גרם</UnitMeasure>
      <BisWeighted>0</BisWeighted>
      <QtyInPackage>1</QtyInPackage>
      <ItemPrice>7.90</ItemPrice>
      <UnitOfMeasurePrice>3.59</UnitOfMeasurePrice>
      <AllowDiscount>1</AllowDiscount>
      <itemStatus>1</itemStatus>
      <LastUpdateDate />
      <LastUpdateTime />
    </Product>
    <Product>
      <PriceUpdateDate>2018/04/24 13:12</PriceUpdateDate>
      <ItemCode>8683323070213</ItemCode>
      <ItemType>1</ItemType>
      <ItemName>ממתק ממולא בטעמי פירות 200  גר`יוגטה</ItemName>
      <ManufactureName>ליימן שליסל בעמ</ManufactureName>
      <ManufactureCountry />
      <ManufactureItemDescription />
      <UnitQty>יח`</UnitQty>
      <Quantity>2</Quantity>
      <UnitMeasure>100 גרם</UnitMeasure>
      <BisWeighted>0</BisWeighted>
      <QtyInPackage>1</QtyInPackage>
      <ItemPrice>9.90</ItemPrice>
      <UnitOfMeasurePrice>4.95</UnitOfMeasurePrice>
      <AllowDiscount>0</AllowDiscount>
      <itemStatus>1</itemStatus>
      <LastUpdateDate />
      <LastUpdateTime />
    </Product>
    <Product>
      <PriceUpdateDate>2018/04/24 10:37</PriceUpdateDate>
      <ItemCode>8686868600051</ItemCode>
      <ItemType>1</ItemType>
      <ItemName>אביזרי שיער</ItemName>
      <ManufactureName>אל האופק שיווק וסחר</ManufactureName>
      <ManufactureCountry />
      <ManufactureItemDescription />
      <UnitQty>יח`</UnitQty>
      <Quantity>1</Quantity>
      <UnitMeasure />
      <BisWeighted>0</BisWeighted>
      <QtyInPackage>1</QtyInPackage>
      <ItemPrice>7.90</ItemPrice>
      <UnitOfMeasurePrice>7.90</UnitOfMeasurePrice>
      <AllowDiscount>0</AllowDiscount>
      <itemStatus>1</itemStatus>
      <LastUpdateDate />
      <LastUpdateTime />
    </Product>
    <Product>
      <PriceUpdateDate>2018/04/24 10:37</PriceUpdateDate>
      <ItemCode>8686868600068</ItemCode>
      <ItemType>1</ItemType>
      <ItemName>אביזרי שיער סרטים וקשתות</ItemName>
      <ManufactureName>אל האופק שיווק וסחר</ManufactureName>
      <ManufactureCountry />
      <ManufactureItemDescription />
      <UnitQty>יח`</UnitQty>
      <Quantity>1</Quantity>
      <UnitMeasure />
      <BisWeighted>0</BisWeighted>
      <QtyInPackage>1</QtyInPackage>
      <ItemPrice>8.90</ItemPrice>
      <UnitOfMeasurePrice>8.90</UnitOfMeasurePrice>
      <AllowDiscount>0</AllowDiscount>
      <itemStatus>1</itemStatus>
      <LastUpdateDate />
      <LastUpdateTime />
    </Product>
    <Product>
      <PriceUpdateDate>2018/04/24 10:37</PriceUpdateDate>
      <ItemCode>8686868600075</ItemCode>
      <ItemType>1</ItemType>
      <ItemName>אביזרי שיער סיכות פפיון גדולות</ItemName>
      <ManufactureName>אל האופק שיווק וסחר</ManufactureName>
      <ManufactureCountry />
      <ManufactureItemDescription />
      <UnitQty>יח`</UnitQty>
      <Quantity>1</Quantity>
      <UnitMeasure />
      <BisWeighted>0</BisWeighted>
      <QtyInPackage>1</QtyInPackage>
      <ItemPrice>9.90</ItemPrice>
      <UnitOfMeasurePrice>9.90</UnitOfMeasurePrice>
      <AllowDiscount>0</AllowDiscount>
      <itemStatus>1</itemStatus>
      <LastUpdateDate />
      <LastUpdateTime />
    </Product>
    <Product>
      <PriceUpdateDate>2018/04/24 10:49</PriceUpdateDate>
      <ItemCode>8686868600105</ItemCode>
      <ItemType>1</ItemType>
      <ItemName>אביזרי שיער</ItemName>
      <ManufactureName>אל האופק שיווק וסחר</ManufactureName>
      <ManufactureCountry />
      <ManufactureItemDescription />
      <UnitQty>יח`</UnitQty>
      <Quantity>1</Quantity>
      <UnitMeasure />
      <BisWeighted>0</BisWeighted>
      <QtyInPackage>1</QtyInPackage>
      <ItemPrice>12.90</ItemPrice>
      <UnitOfMeasurePrice>12.90</UnitOfMeasurePrice>
      <AllowDiscount>0</AllowDiscount>
      <itemStatus>1</itemStatus>
      <LastUpdateDate />
      <LastUpdateTime />
    </Product>
    <Product>
      <PriceUpdateDate>2018/04/24 10:49</PriceUpdateDate>
      <ItemCode>8686868600129</ItemCode>
      <ItemType>1</ItemType>
      <ItemName>אביזרי שיער</ItemName>
      <ManufactureName>אל האופק שיווק וסחר</ManufactureName>
      <ManufactureCountry />
      <ManufactureItemDescription />
      <UnitQty>יח`</UnitQty>
      <Quantity>1</Quantity>
      <UnitMeasure />
      <BisWeighted>0</BisWeighted>
      <QtyInPackage>1</QtyInPackage>
      <ItemPrice>14.90</ItemPrice>
      <UnitOfMeasurePrice>14.90</UnitOfMeasurePrice>
      <AllowDiscount>0</AllowDiscount>
      <itemStatus>1</itemStatus>
      <LastUpdateDate />
      <LastUpdateTime />
    </Product>
    <Product>
      <PriceUpdateDate>2018/04/24 10:49</PriceUpdateDate>
      <ItemCode>8686868600150</ItemCode>
      <ItemType>1</ItemType>
      <ItemName>אביזרי שיער</ItemName>
      <ManufactureName>אל האופק שיווק וסחר</ManufactureName>
      <ManufactureCountry />
      <ManufactureItemDescription />
      <UnitQty>יח`</UnitQty>
      <Quantity>1</Quantity>
      <UnitMeasure />
      <BisWeighted>0</BisWeighted>
      <QtyInPackage>1</QtyInPackage>
      <ItemPrice>17.90</ItemPrice>
      <UnitOfMeasurePrice>17.90</UnitOfMeasurePrice>
      <AllowDiscount>0</AllowDiscount>
      <itemStatus>1</itemStatus>
      <LastUpdateDate />
      <LastUpdateTime />
    </Product>
    <Product>
      <PriceUpdateDate>2018/08/26 12:05</PriceUpdateDate>
      <ItemCode>8690504153740</ItemCode>
      <ItemType>1</ItemType>
      <ItemName>שוקולד מריר עם גאנש מריר 86 גר</ItemName>
      <ManufactureName>תה ויסוצקי (ישראל) בעמ</ManufactureName>
      <ManufactureCountry />
      <ManufactureItemDescription />
      <UnitQty>יח`</UnitQty>
      <Quantity>1</Quantity>
      <UnitMeasure />
      <BisWeighted>0</BisWeighted>
      <QtyInPackage>1</QtyInPackage>
      <ItemPrice>13.90</ItemPrice>
      <UnitOfMeasurePrice>13.90</UnitOfMeasurePrice>
      <AllowDiscount>0</AllowDiscount>
      <itemStatus>1</itemStatus>
      <LastUpdateDate />
      <LastUpdateTime />
    </Product>
    <Product>
      <PriceUpdateDate>2018/04/24 11:38</PriceUpdateDate>
      <ItemCode>8690521016882</ItemCode>
      <ItemType>1</ItemType>
      <ItemName>דאב שמפו רגיל 400 מל</ItemName>
      <ManufactureName>יוניליוור ישראל שיווק בעמ</ManufactureName>
      <ManufactureCountry />
      <ManufactureItemDescription />
      <UnitQty>יח`</UnitQty>
      <Quantity>4</Quantity>
      <UnitMeasure>100 מ"ל</UnitMeasure>
      <BisWeighted>0</BisWeighted>
      <QtyInPackage>1</QtyInPackage>
      <ItemPrice>15.90</ItemPrice>
      <UnitOfMeasurePrice>3.98</UnitOfMeasurePrice>
      <AllowDiscount>1</AllowDiscount>
      <itemStatus>1</itemStatus>
      <LastUpdateDate />
      <LastUpdateTime />
    </Product>
    <Product>
      <PriceUpdateDate>2020/03/22 15:11</PriceUpdateDate>
      <ItemCode>8690550917310</ItemCode>
      <ItemType>1</ItemType>
      <ItemName>ממרח קקאו ואגוזי לוז 350 גר</ItemName>
      <ManufactureName>ג.וילי-פוד אינטרנשיונל בעמ</ManufactureName>
      <ManufactureCountry />
      <ManufactureItemDescription />
      <UnitQty>יח`</UnitQty>
      <Quantity>3.50</Quantity>
      <UnitMeasure>100 גרם</UnitMeasure>
      <BisWeighted>0</BisWeighted>
      <QtyInPackage>1</QtyInPackage>
      <ItemPrice>15.90</ItemPrice>
      <UnitOfMeasurePrice>4.54</UnitOfMeasurePrice>
      <AllowDiscount>0</AllowDiscount>
      <itemStatus>1</itemStatus>
      <LastUpdateDate />
      <LastUpdateTime />
    </Product>
    <Product>
      <PriceUpdateDate>2018/04/24 11:21</PriceUpdateDate>
      <ItemCode>8690637041129</ItemCode>
      <ItemType>1</ItemType>
      <ItemName>דאב שמפו משקם 400 מל</ItemName>
      <ManufactureName>יוניליוור ישראל שיווק בעמ</ManufactureName>
      <ManufactureCountry />
      <ManufactureItemDescription />
      <UnitQty>יח`</UnitQty>
      <Quantity>4</Quantity>
      <UnitMeasure>100 מ"ל</UnitMeasure>
      <BisWeighted>0</BisWeighted>
      <QtyInPackage>1</QtyInPackage>
      <ItemPrice>15.90</ItemPrice>
      <UnitOfMeasurePrice>3.98</UnitOfMeasurePrice>
      <AllowDiscount>1</AllowDiscount>
      <itemStatus>1</itemStatus>
      <LastUpdateDate />
      <LastUpdateTime />
    </Product>
    <Product>
      <PriceUpdateDate>2018/04/24 09:20</PriceUpdateDate>
      <ItemCode>8690637041143</ItemCode>
      <ItemType>1</ItemType>
      <ItemName>דאב מרכך משקם 400 מל</ItemName>
      <ManufactureName>יוניליוור ישראל שיווק בעמ</ManufactureName>
      <ManufactureCountry />
      <ManufactureItemDescription />
      <UnitQty>יח`</UnitQty>
      <Quantity>4</Quantity>
      <UnitMeasure>100 מ"ל</UnitMeasure>
      <BisWeighted>0</BisWeighted>
      <QtyInPackage>1</QtyInPackage>
      <ItemPrice>15.90</ItemPrice>
      <UnitOfMeasurePrice>3.98</UnitOfMeasurePrice>
      <AllowDiscount>1</AllowDiscount>
      <itemStatus>1</itemStatus>
      <LastUpdateDate />
      <LastUpdateTime />
    </Product>
    <Product>
      <PriceUpdateDate>2018/04/24 09:20</PriceUpdateDate>
      <ItemCode>8690637073434</ItemCode>
      <ItemType>1</ItemType>
      <ItemName>תה ארל גריי ברגמוט ליפטון) (100</ItemName>
      <ManufactureName>יוניליוור ישראל שיווק בעמ</ManufactureName>
      <ManufactureCountry />
      <ManufactureItemDescription />
      <UnitQty>יח`</UnitQty>
      <Quantity>2</Quantity>
      <UnitMeasure>100 גרם</UnitMeasure>
      <BisWeighted>0</BisWeighted>
      <QtyInPackage>1</QtyInPackage>
      <ItemPrice>26.90</ItemPrice>
      <UnitOfMeasurePrice>13.45</UnitOfMeasurePrice>
      <AllowDiscount>0</AllowDiscount>
      <itemStatus>1</itemStatus>
      <LastUpdateDate />
      <LastUpdateTime />
    </Product>
    <Product>
      <PriceUpdateDate>2018/04/24 09:32</PriceUpdateDate>
      <ItemCode>8690637555084</ItemCode>
      <ItemType>1</ItemType>
      <ItemName>בדין אקסטרא פריחת התפוז 960 מל</ItemName>
      <ManufactureName>יוניליוור ישראל שיווק בעמ</ManufactureName>
      <ManufactureCountry />
      <ManufactureItemDescription />
      <UnitQty>יח`</UnitQty>
      <Quantity>9.60</Quantity>
      <UnitMeasure>100 מ"ל</UnitMeasure>
      <BisWeighted>0</BisWeighted>
      <QtyInPackage>1</QtyInPackage>
      <ItemPrice>16.90</ItemPrice>
      <UnitOfMeasurePrice>1.76</UnitOfMeasurePrice>
      <AllowDiscount>1</AllowDiscount>
      <itemStatus>1</itemStatus>
      <LastUpdateDate />
      <LastUpdateTime />
    </Product>
    <Product>
      <PriceUpdateDate>2018/04/24 12:54</PriceUpdateDate>
      <ItemCode>8690637799853</ItemCode>
      <ItemType>1</ItemType>
      <ItemName>מאגדת-מיני מגנום דאבל קרמל</ItemName>
      <ManufactureName>גלידות שטראוס בעמ</ManufactureName>
      <ManufactureCountry />
      <ManufactureItemDescription />
      <UnitQty>יח`</UnitQty>
      <Quantity>1</Quantity>
      <UnitMeasure />
      <BisWeighted>0</BisWeighted>
      <QtyInPackage>1</QtyInPackage>
      <ItemPrice>32.90</ItemPrice>
      <UnitOfMeasurePrice>32.90</UnitOfMeasurePrice>
      <AllowDiscount>1</AllowDiscount>
      <itemStatus>1</itemStatus>
      <LastUpdateDate />
      <LastUpdateTime />
    </Product>
    <Product>
      <PriceUpdateDate>2018/07/25 13:24</PriceUpdateDate>
      <ItemCode>8690637835643</ItemCode>
      <ItemType>1</ItemType>
      <ItemName>ליפטון תה ירוק לואיזה ולימונית</ItemName>
      <ManufactureName>יוניליוור ישראל שיווק בעמ</ManufactureName>
      <ManufactureCountry />
      <ManufactureItemDescription />
      <UnitQty>יח`</UnitQty>
      <Quantity>0.30</Quantity>
      <UnitMeasure>100 גרם</UnitMeasure>
      <BisWeighted>0</BisWeighted>
      <QtyInPackage>1</QtyInPackage>
      <ItemPrice>16.90</ItemPrice>
      <UnitOfMeasurePrice>56.33</UnitOfMeasurePrice>
      <AllowDiscount>1</AllowDiscount>
      <itemStatus>1</itemStatus>
      <LastUpdateDate />
      <LastUpdateTime />
    </Product>
    <Product>
      <PriceUpdateDate>2018/04/26 19:00</PriceUpdateDate>
      <ItemCode>8690637842399</ItemCode>
      <ItemType>1</ItemType>
      <ItemName>מאגדת מגנום מיני דאבל פרי יער שוקולד</ItemName>
      <ManufactureName>גלידות שטראוס בעמ</ManufactureName>
      <ManufactureCountry />
      <ManufactureItemDescription />
      <UnitQty>יח`</UnitQty>
      <Quantity>3.23</Quantity>
      <UnitMeasure>100 גרם</UnitMeasure>
      <BisWeighted>0</BisWeighted>
      <QtyInPackage>1</QtyInPackage>
      <ItemPrice>32.90</ItemPrice>
      <UnitOfMeasurePrice>10.19</UnitOfMeasurePrice>
      <AllowDiscount>1</AllowDiscount>
      <itemStatus>1</itemStatus>
      <LastUpdateDate />
      <LastUpdateTime />
    </Product>
    <Product>
      <PriceUpdateDate>2018/08/20 06:50</PriceUpdateDate>
      <ItemCode>8690637858734</ItemCode>
      <ItemType>1</ItemType>
      <ItemName>סיף ג`ל אקונומיקה לימון 750 מל</ItemName>
      <ManufactureName>יוניליוור ישראל שיווק בעמ</ManufactureName>
      <ManufactureCountry />
      <ManufactureItemDescription />
      <UnitQty>יח`</UnitQty>
      <Quantity>7.50</Quantity>
      <UnitMeasure>100 מ"ל</UnitMeasure>
      <BisWeighted>0</BisWeighted>
      <QtyInPackage>1</QtyInPackage>
      <ItemPrice>11.90</ItemPrice>
      <UnitOfMeasurePrice>1.59</UnitOfMeasurePrice>
      <AllowDiscount>0</AllowDiscount>
      <itemStatus>1</itemStatus>
      <LastUpdateDate />
      <LastUpdateTime />
    </Product>
    <Product>
      <PriceUpdateDate>2018/08/20 06:50</PriceUpdateDate>
      <ItemCode>8690637858741</ItemCode>
      <ItemType>1</ItemType>
      <ItemName>סיף ג`ל אקונומיקה רוח ים 750 מל</ItemName>
      <ManufactureName>יוניליוור ישראל שיווק בעמ</ManufactureName>
      <ManufactureCountry />
      <ManufactureItemDescription />
      <UnitQty>יח`</UnitQty>
      <Quantity>7.50</Quantity>
      <UnitMeasure>100 מ"ל</UnitMeasure>
      <BisWeighted>0</BisWeighted>
      <QtyInPackage>1</QtyInPackage>
      <ItemPrice>11.90</ItemPrice>
      <UnitOfMeasurePrice>1.59</UnitOfMeasurePrice>
      <AllowDiscount>0</AllowDiscount>
      <itemStatus>1</itemStatus>
      <LastUpdateDate />
      <LastUpdateTime />
    </Product>
    <Product>
      <PriceUpdateDate>2018/08/20 06:50</PriceUpdateDate>
      <ItemCode>8690637858758</ItemCode>
      <ItemType>1</ItemType>
      <ItemName>סיף ג`ל אקונומיקה אורנים 750 מל</ItemName>
      <ManufactureName>יוניליוור ישראל שיווק בעמ</ManufactureName>
      <ManufactureCountry />
      <ManufactureItemDescription />
      <UnitQty>יח`</UnitQty>
      <Quantity>7.50</Quantity>
      <UnitMeasure>100 מ"ל</UnitMeasure>
      <BisWeighted>0</BisWeighted>
      <QtyInPackage>1</QtyInPackage>
      <ItemPrice>11.90</ItemPrice>
      <UnitOfMeasurePrice>1.59</UnitOfMeasurePrice>
      <AllowDiscount>0</AllowDiscount>
      <itemStatus>1</itemStatus>
      <LastUpdateDate />
      <LastUpdateTime />
    </Product>
    <Product>
      <PriceUpdateDate>2018/06/14 09:12</PriceUpdateDate>
      <ItemCode>8690637866685</ItemCode>
      <ItemType>1</ItemType>
      <ItemName>סיף קרם ניקוי לימון 500 מל</ItemName>
      <ManufactureName>יוניליוור ישראל שיווק בעמ</ManufactureName>
      <ManufactureCountry />
      <ManufactureItemDescription />
      <UnitQty>יח`</UnitQty>
      <Quantity>1</Quantity>
      <UnitMeasure />
      <BisWeighted>0</BisWeighted>
      <QtyInPackage>1</QtyInPackage>
      <ItemPrice>11.90</ItemPrice>
      <UnitOfMeasurePrice>11.90</UnitOfMeasurePrice>
      <AllowDiscount>0</AllowDiscount>
      <itemStatus>1</itemStatus>
      <LastUpdateDate />
      <LastUpdateTime />
    </Product>
    <Product>
      <PriceUpdateDate>2020/03/29 13:15</PriceUpdateDate>
      <ItemCode>8690637871078</ItemCode>
      <ItemType>1</ItemType>
      <ItemName>הלמנ`ס רוטב מיונז חריף 235 גר`</ItemName>
      <ManufactureName>יוניליוור ישראל שיווק בעמ</ManufactureName>
      <ManufactureCountry />
      <ManufactureItemDescription />
      <UnitQty>יח`</UnitQty>
      <Quantity>2.35</Quantity>
      <UnitMeasure>100 גרם</UnitMeasure>
      <BisWeighted>0</BisWeighted>
      <QtyInPackage>1</QtyInPackage>
      <ItemPrice>11.90</ItemPrice>
      <UnitOfMeasurePrice>5.06</UnitOfMeasurePrice>
      <AllowDiscount>0</AllowDiscount>
      <itemStatus>1</itemStatus>
      <LastUpdateDate />
      <LastUpdateTime />
    </Product>
    <Product>
      <PriceUpdateDate>2020/03/29 13:15</PriceUpdateDate>
      <ItemCode>8690637871092</ItemCode>
      <ItemType>1</ItemType>
      <ItemName>הלמנ`ס רוטב מיונז עם שום 235 גר`</ItemName>
      <ManufactureName>יוניליוור ישראל שיווק בעמ</ManufactureName>
      <ManufactureCountry />
      <ManufactureItemDescription />
      <UnitQty>יח`</UnitQty>
      <Quantity>2.35</Quantity>
      <UnitMeasure>100 גרם</UnitMeasure>
      <BisWeighted>0</BisWeighted>
      <QtyInPackage>1</QtyInPackage>
      <ItemPrice>11.90</ItemPrice>
      <UnitOfMeasurePrice>5.06</UnitOfMeasurePrice>
      <AllowDiscount>0</AllowDiscount>
      <itemStatus>1</itemStatus>
      <LastUpdateDate />
      <LastUpdateTime />
    </Product>
    <Product>
      <PriceUpdateDate>2019/05/07 13:56</PriceUpdateDate>
      <ItemCode>8690637871245</ItemCode>
      <ItemType>1</ItemType>
      <ItemName>מיונז אמיתי לחיץ הלמנס (395 גרם)</ItemName>
      <ManufactureName>יוניליוור ישראל שיווק בעמ</ManufactureName>
      <ManufactureCountry />
      <ManufactureItemDescription />
      <UnitQty>יח`</UnitQty>
      <Quantity>3.95</Quantity>
      <UnitMeasure>100 גרם</UnitMeasure>
      <BisWeighted>0</BisWeighted>
      <QtyInPackage>1</QtyInPackage>
      <ItemPrice>14.90</ItemPrice>
      <UnitOfMeasurePrice>3.77</UnitOfMeasurePrice>
      <AllowDiscount>1</AllowDiscount>
      <itemStatus>1</itemStatus>
      <LastUpdateDate />
      <LastUpdateTime />
    </Product>
    <Product>
      <PriceUpdateDate>2019/04/17 13:18</PriceUpdateDate>
      <ItemCode>8690637890666</ItemCode>
      <ItemType>1</ItemType>
      <ItemName>מאגדת מגנום דאבל פיסטוק</ItemName>
      <ManufactureName>גלידות שטראוס בעמ</ManufactureName>
      <ManufactureCountry />
      <ManufactureItemDescription />
      <UnitQty>יח`</UnitQty>
      <Quantity>2.82</Quantity>
      <UnitMeasure>100 גרם</UnitMeasure>
      <BisWeighted>0</BisWeighted>
      <QtyInPackage>1</QtyInPackage>
      <ItemPrice>32.90</ItemPrice>
      <UnitOfMeasurePrice>11.67</UnitOfMeasurePrice>
      <AllowDiscount>1</AllowDiscount>
      <itemStatus>1</itemStatus>
      <LastUpdateDate />
      <LastUpdateTime />
    </Product>
    <Product>
      <PriceUpdateDate>2018/04/24 09:35</PriceUpdateDate>
      <ItemCode>8690770322079</ItemCode>
      <ItemType>1</ItemType>
      <ItemName>שמרים יבשים 450 גר` בדצ הנמל</ItemName>
      <ManufactureName>הנמל אריזות ושיווק (1984) בעמ</ManufactureName>
      <ManufactureCountry />
      <ManufactureItemDescription />
      <UnitQty>יח`</UnitQty>
      <Quantity>4.50</Quantity>
      <UnitMeasure>100 גרם</UnitMeasure>
      <BisWeighted>0</BisWeighted>
      <QtyInPackage>1</QtyInPackage>
      <ItemPrice>12.90</ItemPrice>
      <UnitOfMeasurePrice>2.87</UnitOfMeasurePrice>
      <AllowDiscount>1</AllowDiscount>
      <itemStatus>1</itemStatus>
      <LastUpdateDate />
      <LastUpdateTime />
    </Product>
    <Product>
      <PriceUpdateDate>2018/08/05 11:28</PriceUpdateDate>
      <ItemCode>8690777206051</ItemCode>
      <ItemType>1</ItemType>
      <ItemName>חציל קלוי על האש סרה (650 גרם)</ItemName>
      <ManufactureName>ג.וילי-פוד אינטרנשיונל בעמ</ManufactureName>
      <ManufactureCountry />
      <ManufactureItemDescription />
      <UnitQty>יח`</UnitQty>
      <Quantity>6.50</Quantity>
      <UnitMeasure>100 גרם</UnitMeasure>
      <BisWeighted>0</BisWeighted>
      <QtyInPackage>1</QtyInPackage>
      <ItemPrice>12.90</ItemPrice>
      <UnitOfMeasurePrice>1.98</UnitOfMeasurePrice>
      <AllowDiscount>1</AllowDiscount>
      <itemStatus>1</itemStatus>
      <LastUpdateDate />
      <LastUpdateTime />
    </Product>
    <Product>
      <PriceUpdateDate>2018/04/24 09:22</PriceUpdateDate>
      <ItemCode>8690777221405</ItemCode>
      <ItemType>1</ItemType>
      <ItemName>פלפל אדום קלוי על האש 650 גר` ויליפוד</ItemName>
      <ManufactureName>ג.וילי-פוד אינטרנשיונל בעמ</ManufactureName>
      <ManufactureCountry />
      <ManufactureItemDescription />
      <UnitQty>יח`</UnitQty>
      <Quantity>6.50</Quantity>
      <UnitMeasure>100 גרם</UnitMeasure>
      <BisWeighted>0</BisWeighted>
      <QtyInPackage>1</QtyInPackage>
      <ItemPrice>12.90</ItemPrice>
      <UnitOfMeasurePrice>1.98</UnitOfMeasurePrice>
      <AllowDiscount>1</AllowDiscount>
      <itemStatus>1</itemStatus>
      <LastUpdateDate />
      <LastUpdateTime />
    </Product>
    <Product>
      <PriceUpdateDate>2018/04/24 13:15</PriceUpdateDate>
      <ItemCode>8690784516440</ItemCode>
      <ItemType>1</ItemType>
      <ItemName>דאק ג`ל נוזל לניקוי מתקדם בניחוח לבנדר ב</ItemName>
      <ManufactureName>דנשר (1963) בעמ</ManufactureName>
      <ManufactureCountry />
      <ManufactureItemDescription />
      <UnitQty>יח`</UnitQty>
      <Quantity>7.50</Quantity>
      <UnitMeasure>100 מ"ל</UnitMeasure>
      <BisWeighted>0</BisWeighted>
      <QtyInPackage>1</QtyInPackage>
      <ItemPrice>10.90</ItemPrice>
      <UnitOfMeasurePrice>1.45</UnitOfMeasurePrice>
      <AllowDiscount>0</AllowDiscount>
      <itemStatus>1</itemStatus>
      <LastUpdateDate />
      <LastUpdateTime />
    </Product>
    <Product>
      <PriceUpdateDate>2018/06/11 17:37</PriceUpdateDate>
      <ItemCode>8690784516662</ItemCode>
      <ItemType>1</ItemType>
      <ItemName>דאק נוזל ג`ל לניקוי עם אקנומיקה מקציפה ב</ItemName>
      <ManufactureName>דנשר (1963) בעמ</ManufactureName>
      <ManufactureCountry />
      <ManufactureItemDescription />
      <UnitQty>יח`</UnitQty>
      <Quantity>1</Quantity>
      <UnitMeasure />
      <BisWeighted>0</BisWeighted>
      <QtyInPackage>1</QtyInPackage>
      <ItemPrice>12.90</ItemPrice>
      <UnitOfMeasurePrice>12.90</UnitOfMeasurePrice>
      <AllowDiscount>1</AllowDiscount>
      <itemStatus>1</itemStatus>
      <LastUpdateDate />
      <LastUpdateTime />
    </Product>
    <Product>
      <PriceUpdateDate>2018/08/08 10:38</PriceUpdateDate>
      <ItemCode>8690784614665</ItemCode>
      <ItemType>1</ItemType>
      <ItemName>דאק סבון ניקוי אסלה בניחוח ים</ItemName>
      <ManufactureName>דנשר (1963) בעמ</ManufactureName>
      <ManufactureCountry />
      <ManufactureItemDescription />
      <UnitQty>יח`</UnitQty>
      <Quantity>1</Quantity>
      <UnitMeasure />
      <BisWeighted>0</BisWeighted>
      <QtyInPackage>1</QtyInPackage>
      <ItemPrice>9.90</ItemPrice>
      <UnitOfMeasurePrice>9.90</UnitOfMeasurePrice>
      <AllowDiscount>1</AllowDiscount>
      <itemStatus>1</itemStatus>
      <LastUpdateDate />
      <LastUpdateTime />
    </Product>
    <Product>
      <PriceUpdateDate>2019/02/17 08:36</PriceUpdateDate>
      <ItemCode>8690784618335</ItemCode>
      <ItemType>1</ItemType>
      <ItemName>דאק סבון זוג בניחוח הדרים</ItemName>
      <ManufactureName>דנשר (1963) בעמ</ManufactureName>
      <ManufactureCountry />
      <ManufactureItemDescription />
      <UnitQty>יח`</UnitQty>
      <Quantity>1</Quantity>
      <UnitMeasure />
      <BisWeighted>0</BisWeighted>
      <QtyInPackage>1</QtyInPackage>
      <ItemPrice>8.90</ItemPrice>
      <UnitOfMeasurePrice>8.90</UnitOfMeasurePrice>
      <AllowDiscount>0</AllowDiscount>
      <itemStatus>1</itemStatus>
      <LastUpdateDate />
      <LastUpdateTime />
    </Product>
    <Product>
      <PriceUpdateDate>2019/07/03 17:09</PriceUpdateDate>
      <ItemCode>8690784711777</ItemCode>
      <ItemType>1</ItemType>
      <ItemName>דאק סבון לניקוי האסלה בתוספת אקונומיקה ב</ItemName>
      <ManufactureName>דנשר (1963) בעמ</ManufactureName>
      <ManufactureCountry />
      <ManufactureItemDescription />
      <UnitQty>יח`</UnitQty>
      <Quantity>1</Quantity>
      <UnitMeasure />
      <BisWeighted>0</BisWeighted>
      <QtyInPackage>1</QtyInPackage>
      <ItemPrice>9.90</ItemPrice>
      <UnitOfMeasurePrice>9.90</UnitOfMeasurePrice>
      <AllowDiscount>1</AllowDiscount>
      <itemStatus>1</itemStatus>
      <LastUpdateDate />
      <LastUpdateTime />
    </Product>
    <Product>
      <PriceUpdateDate>2018/04/24 12:23</PriceUpdateDate>
      <ItemCode>8690784816885</ItemCode>
      <ItemType>1</ItemType>
      <ItemName>גלייד ספריי אוטמטי מילוי (מילוי בניחוח מ</ItemName>
      <ManufactureName>דנשר (1963) בעמ</ManufactureName>
      <ManufactureCountry />
      <ManufactureItemDescription />
      <UnitQty>יח`</UnitQty>
      <Quantity>2.69</Quantity>
      <UnitMeasure>100 מ"ל</UnitMeasure>
      <BisWeighted>0</BisWeighted>
      <QtyInPackage>1</QtyInPackage>
      <ItemPrice>24.90</ItemPrice>
      <UnitOfMeasurePrice>9.26</UnitOfMeasurePrice>
      <AllowDiscount>1</AllowDiscount>
      <itemStatus>1</itemStatus>
      <LastUpdateDate />
      <LastUpdateTime />
    </Product>
    <Product>
      <PriceUpdateDate>2018/04/24 13:14</PriceUpdateDate>
      <ItemCode>8691058141238</ItemCode>
      <ItemType>1</ItemType>
      <ItemName>ערמונים שלמים קלויים וקלופים 100 גר` Ave</ItemName>
      <ManufactureName>אבאל יזמות בעמ</ManufactureName>
      <ManufactureCountry />
      <ManufactureItemDescription />
      <UnitQty>יח`</UnitQty>
      <Quantity>1</Quantity>
      <UnitMeasure>100 גרם</UnitMeasure>
      <BisWeighted>0</BisWeighted>
      <QtyInPackage>1</QtyInPackage>
      <ItemPrice>4.90</ItemPrice>
      <UnitOfMeasurePrice>4.90</UnitOfMeasurePrice>
      <AllowDiscount>1</AllowDiscount>
      <itemStatus>1</itemStatus>
      <LastUpdateDate />
      <LastUpdateTime />
    </Product>
    <Product>
      <PriceUpdateDate>2018/04/24 13:15</PriceUpdateDate>
      <ItemCode>8693323099107</ItemCode>
      <ItemType>1</ItemType>
      <ItemName>יוגטה מרשמלו לבבות 150 גר`</ItemName>
      <ManufactureName>ליימן שליסל בעמ</ManufactureName>
      <ManufactureCountry />
      <ManufactureItemDescription />
      <UnitQty>יח`</UnitQty>
      <Quantity>1.50</Quantity>
      <UnitMeasure>100 גרם</UnitMeasure>
      <BisWeighted>0</BisWeighted>
      <QtyInPackage>1</QtyInPackage>
      <ItemPrice>8.90</ItemPrice>
      <UnitOfMeasurePrice>5.93</UnitOfMeasurePrice>
      <AllowDiscount>1</AllowDiscount>
      <itemStatus>1</itemStatus>
      <LastUpdateDate />
      <LastUpdateTime />
    </Product>
    <Product>
      <PriceUpdateDate>2018/09/06 11:24</PriceUpdateDate>
      <ItemCode>8693495041461</ItemCode>
      <ItemType>1</ItemType>
      <ItemName>קולגייט מברשת סלים סופט פחם זוג</ItemName>
      <ManufactureName>ש.שסטוביץ בעמ</ManufactureName>
      <ManufactureCountry />
      <ManufactureItemDescription />
      <UnitQty>יח`</UnitQty>
      <Quantity>1</Quantity>
      <UnitMeasure />
      <BisWeighted>0</BisWeighted>
      <QtyInPackage>1</QtyInPackage>
      <ItemPrice>24</ItemPrice>
      <UnitOfMeasurePrice>24</UnitOfMeasurePrice>
      <AllowDiscount>0</AllowDiscount>
      <itemStatus>1</itemStatus>
      <LastUpdateDate />
      <LastUpdateTime />
    </Product>
    <Product>
      <PriceUpdateDate>2018/04/24 13:09</PriceUpdateDate>
      <ItemCode>8693495052177</ItemCode>
      <ItemType>1</ItemType>
      <ItemName>סבון נוזלי פלמוליב זיתים (750 מל)</ItemName>
      <ManufactureName>ש.שסטוביץ בעמ</ManufactureName>
      <ManufactureCountry />
      <ManufactureItemDescription />
      <UnitQty>יח`</UnitQty>
      <Quantity>7.50</Quantity>
      <UnitMeasure>100 מ"ל</UnitMeasure>
      <BisWeighted>0</BisWeighted>
      <QtyInPackage>1</QtyInPackage>
      <ItemPrice>19.90</ItemPrice>
      <UnitOfMeasurePrice>2.65</UnitOfMeasurePrice>
      <AllowDiscount>0</AllowDiscount>
      <itemStatus>1</itemStatus>
      <LastUpdateDate />
      <LastUpdateTime />
    </Product>
    <Product>
      <PriceUpdateDate>2020/03/24 14:07</PriceUpdateDate>
      <ItemCode>8697659238537</ItemCode>
      <ItemType>1</ItemType>
      <ItemName>אל סבון נוזלי דיסני ספיידרמן 400 מל</ItemName>
      <ManufactureName>פארמה דיל (פ.א.ב.) שיווק והפצה</ManufactureName>
      <ManufactureCountry />
      <ManufactureItemDescription />
      <UnitQty>יח`</UnitQty>
      <Quantity>1</Quantity>
      <UnitMeasure />
      <BisWeighted>0</BisWeighted>
      <QtyInPackage>1</QtyInPackage>
      <ItemPrice>9.90</ItemPrice>
      <UnitOfMeasurePrice>9.90</UnitOfMeasurePrice>
      <AllowDiscount>0</AllowDiscount>
      <itemStatus>1</itemStatus>
      <LastUpdateDate />
      <LastUpdateTime />
    </Product>
    <Product>
      <PriceUpdateDate>2020/03/24 14:07</PriceUpdateDate>
      <ItemCode>8697659238544</ItemCode>
      <ItemType>1</ItemType>
      <ItemName>אל סבון נוזלי דיסני מיני מאוס 400 מל</ItemName>
      <ManufactureName>פארמה דיל (פ.א.ב.) שיווק והפצה</ManufactureName>
      <ManufactureCountry />
      <ManufactureItemDescription />
      <UnitQty>יח`</UnitQty>
      <Quantity>1</Quantity>
      <UnitMeasure />
      <BisWeighted>0</BisWeighted>
      <QtyInPackage>1</QtyInPackage>
      <ItemPrice>9.90</ItemPrice>
      <UnitOfMeasurePrice>9.90</UnitOfMeasurePrice>
      <AllowDiscount>0</AllowDiscount>
      <itemStatus>1</itemStatus>
      <LastUpdateDate />
      <LastUpdateTime />
    </Product>
    <Product>
      <PriceUpdateDate>2020/03/24 14:07</PriceUpdateDate>
      <ItemCode>8697659238551</ItemCode>
      <ItemType>1</ItemType>
      <ItemName>אל סבון נוזלי דיסני פרוזן 400 מל</ItemName>
      <ManufactureName>פארמה דיל (פ.א.ב.) שיווק והפצה</ManufactureName>
      <ManufactureCountry />
      <ManufactureItemDescription />
      <UnitQty>יח`</UnitQty>
      <Quantity>1</Quantity>
      <UnitMeasure />
      <BisWeighted>0</BisWeighted>
      <QtyInPackage>1</QtyInPackage>
      <ItemPrice>9.90</ItemPrice>
      <UnitOfMeasurePrice>9.90</UnitOfMeasurePrice>
      <AllowDiscount>0</AllowDiscount>
      <itemStatus>1</itemStatus>
      <LastUpdateDate />
      <LastUpdateTime />
    </Product>
    <Product>
      <PriceUpdateDate>2018/04/24 12:51</PriceUpdateDate>
      <ItemCode>8698683781600</ItemCode>
      <ItemType>1</ItemType>
      <ItemName>מגבוני טישוו רכים רביעייה</ItemName>
      <ManufactureName>עיסא ערטול בעמ</ManufactureName>
      <ManufactureCountry />
      <ManufactureItemDescription />
      <UnitQty>יח`</UnitQty>
      <Quantity>1</Quantity>
      <UnitMeasure />
      <BisWeighted>0</BisWeighted>
      <QtyInPackage>1</QtyInPackage>
      <ItemPrice>9.90</ItemPrice>
      <UnitOfMeasurePrice>9.90</UnitOfMeasurePrice>
      <AllowDiscount>0</AllowDiscount>
      <itemStatus>1</itemStatus>
      <LastUpdateDate />
      <LastUpdateTime />
    </Product>
    <Product>
      <PriceUpdateDate>2019/02/20 11:29</PriceUpdateDate>
      <ItemCode>8710447224311</ItemCode>
      <ItemType>1</ItemType>
      <ItemName>טרזמה מרכך בוטניק 500 מל</ItemName>
      <ManufactureName>יוניליוור ישראל שיווק בעמ</ManufactureName>
      <ManufactureCountry />
      <ManufactureItemDescription />
      <UnitQty>יח`</UnitQty>
      <Quantity>5</Quantity>
      <UnitMeasure>100 מ"ל</UnitMeasure>
      <BisWeighted>0</BisWeighted>
      <QtyInPackage>1</QtyInPackage>
      <ItemPrice>22.90</ItemPrice>
      <UnitOfMeasurePrice>4.58</UnitOfMeasurePrice>
      <AllowDiscount>1</AllowDiscount>
      <itemStatus>1</itemStatus>
      <LastUpdateDate />
      <LastUpdateTime />
    </Product>
    <Product>
      <PriceUpdateDate>2019/02/20 11:29</PriceUpdateDate>
      <ItemCode>8710447224342</ItemCode>
      <ItemType>1</ItemType>
      <ItemName>טרזמה שמפו קרטין 500 מל</ItemName>
      <ManufactureName>יוניליוור ישראל שיווק בעמ</ManufactureName>
      <ManufactureCountry />
      <ManufactureItemDescription />
      <UnitQty>יח`</UnitQty>
      <Quantity>5</Quantity>
      <UnitMeasure>100 מ"ל</UnitMeasure>
      <BisWeighted>0</BisWeighted>
      <QtyInPackage>1</QtyInPackage>
      <ItemPrice>22.90</ItemPrice>
      <UnitOfMeasurePrice>4.58</UnitOfMeasurePrice>
      <AllowDiscount>1</AllowDiscount>
      <itemStatus>1</itemStatus>
      <LastUpdateDate />
      <LastUpdateTime />
    </Product>
    <Product>
      <PriceUpdateDate>2018/12/31 08:16</PriceUpdateDate>
      <ItemCode>8710447331095</ItemCode>
      <ItemType>1</ItemType>
      <ItemName>TRESemme מסכה בוטניק 300 מל</ItemName>
      <ManufactureName>יוניליוור ישראל שיווק בעמ</ManufactureName>
      <ManufactureCountry />
      <ManufactureItemDescription />
      <UnitQty>יח`</UnitQty>
      <Quantity>3</Quantity>
      <UnitMeasure>100 מ"ל</UnitMeasure>
      <BisWeighted>0</BisWeighted>
      <QtyInPackage>1</QtyInPackage>
      <ItemPrice>29.90</ItemPrice>
      <UnitOfMeasurePrice>9.97</UnitOfMeasurePrice>
      <AllowDiscount>0</AllowDiscount>
      <itemStatus>1</itemStatus>
      <LastUpdateDate />
      <LastUpdateTime />
    </Product>
    <Product>
      <PriceUpdateDate>2018/05/18 09:20</PriceUpdateDate>
      <ItemCode>8710502011894</ItemCode>
      <ItemType>1</ItemType>
      <ItemName>עוגיות לימון עם 29% שוקולד צ`יפס 225 גר`</ItemName>
      <ManufactureName>ש.שסטוביץ בעמ</ManufactureName>
      <ManufactureCountry />
      <ManufactureItemDescription />
      <UnitQty>יח`</UnitQty>
      <Quantity>2.25</Quantity>
      <UnitMeasure>100 גרם</UnitMeasure>
      <BisWeighted>0</BisWeighted>
      <QtyInPackage>1</QtyInPackage>
      <ItemPrice>9.90</ItemPrice>
      <UnitOfMeasurePrice>4.40</UnitOfMeasurePrice>
      <AllowDiscount>1</AllowDiscount>
      <itemStatus>1</itemStatus>
      <LastUpdateDate />
      <LastUpdateTime />
    </Product>
    <Product>
      <PriceUpdateDate>2018/04/24 12:19</PriceUpdateDate>
      <ItemCode>8710502064814</ItemCode>
      <ItemType>1</ItemType>
      <ItemName>עוגיות שוקולד צ`יפס רך מרבה (175 גרם)</ItemName>
      <ManufactureName>ש.שסטוביץ בעמ</ManufactureName>
      <ManufactureCountry />
      <ManufactureItemDescription />
      <UnitQty>יח`</UnitQty>
      <Quantity>1</Quantity>
      <UnitMeasure />
      <BisWeighted>0</BisWeighted>
      <QtyInPackage>1</QtyInPackage>
      <ItemPrice>9.90</ItemPrice>
      <UnitOfMeasurePrice>9.90</UnitOfMeasurePrice>
      <AllowDiscount>1</AllowDiscount>
      <itemStatus>1</itemStatus>
      <LastUpdateDate />
      <LastUpdateTime />
    </Product>
    <Product>
      <PriceUpdateDate>2018/04/24 12:46</PriceUpdateDate>
      <ItemCode>8710502194801</ItemCode>
      <ItemType>1</ItemType>
      <ItemName>מרבה עוגיות שוקולד צ`יפס רכה פירות יער</ItemName>
      <ManufactureName>ש.שסטוביץ בעמ</ManufactureName>
      <ManufactureCountry />
      <ManufactureItemDescription />
      <UnitQty>יח`</UnitQty>
      <Quantity>1.75</Quantity>
      <UnitMeasure>100 גרם</UnitMeasure>
      <BisWeighted>0</BisWeighted>
      <QtyInPackage>1</QtyInPackage>
      <ItemPrice>9.90</ItemPrice>
      <UnitOfMeasurePrice>5.66</UnitOfMeasurePrice>
      <AllowDiscount>1</AllowDiscount>
      <itemStatus>1</itemStatus>
      <LastUpdateDate />
      <LastUpdateTime />
    </Product>
    <Product>
      <PriceUpdateDate>2018/07/08 11:12</PriceUpdateDate>
      <ItemCode>8710502470028</ItemCode>
      <ItemType>1</ItemType>
      <ItemName>עוגיות נוגטלי מרבה (160 גרם)</ItemName>
      <ManufactureName>ש.שסטוביץ בעמ</ManufactureName>
      <ManufactureCountry />
      <ManufactureItemDescription />
      <UnitQty>יח`</UnitQty>
      <Quantity>1.60</Quantity>
      <UnitMeasure>100 גרם</UnitMeasure>
      <BisWeighted>0</BisWeighted>
      <QtyInPackage>1</QtyInPackage>
      <ItemPrice>9.90</ItemPrice>
      <UnitOfMeasurePrice>6.19</UnitOfMeasurePrice>
      <AllowDiscount>1</AllowDiscount>
      <itemStatus>1</itemStatus>
      <LastUpdateDate />
      <LastUpdateTime />
    </Product>
    <Product>
      <PriceUpdateDate>2018/05/17 10:38</PriceUpdateDate>
      <ItemCode>8710522320143</ItemCode>
      <ItemType>1</ItemType>
      <ItemName>תחליב רחצה קשמיר 500 מל דאב</ItemName>
      <ManufactureName>יוניליוור ישראל שיווק בעמ</ManufactureName>
      <ManufactureCountry />
      <ManufactureItemDescription />
      <UnitQty>יח`</UnitQty>
      <Quantity>5.21</Quantity>
      <UnitMeasure>100 מ"ל</UnitMeasure>
      <BisWeighted>0</BisWeighted>
      <QtyInPackage>1</QtyInPackage>
      <ItemPrice>16.90</ItemPrice>
      <UnitOfMeasurePrice>3.24</UnitOfMeasurePrice>
      <AllowDiscount>1</AllowDiscount>
      <itemStatus>1</itemStatus>
      <LastUpdateDate />
      <LastUpdateTime />
    </Product>
    <Product>
      <PriceUpdateDate>2020/03/29 13:15</PriceUpdateDate>
      <ItemCode>8710847962592</ItemCode>
      <ItemType>1</ItemType>
      <ItemName>אקס בודי ספריי פרש ברגמוט ופינק פפר 150</ItemName>
      <ManufactureName>יוניליוור ישראל שיווק בעמ</ManufactureName>
      <ManufactureCountry />
      <ManufactureItemDescription />
      <UnitQty>יח`</UnitQty>
      <Quantity>1.50</Quantity>
      <UnitMeasure>100 מ"ל</UnitMeasure>
      <BisWeighted>0</BisWeighted>
      <QtyInPackage>1</QtyInPackage>
      <ItemPrice>11.90</ItemPrice>
      <UnitOfMeasurePrice>7.93</UnitOfMeasurePrice>
      <AllowDiscount>0</AllowDiscount>
      <itemStatus>1</itemStatus>
      <LastUpdateDate />
      <LastUpdateTime />
    </Product>
    <Product>
      <PriceUpdateDate>2018/10/18 15:44</PriceUpdateDate>
      <ItemCode>8711000362570</ItemCode>
      <ItemType>1</ItemType>
      <ItemName>קפסולות קפה אספרסו פורזה (9) 52 גר` לור</ItemName>
      <ManufactureName>דיפלומט היינץ</ManufactureName>
      <ManufactureCountry />
      <ManufactureItemDescription />
      <UnitQty>יח`</UnitQty>
      <Quantity>1</Quantity>
      <UnitMeasure>100 גרם</UnitMeasure>
      <BisWeighted>0</BisWeighted>
      <QtyInPackage>1</QtyInPackage>
      <ItemPrice>19.90</ItemPrice>
      <UnitOfMeasurePrice>19.90</UnitOfMeasurePrice>
      <AllowDiscount>1</AllowDiscount>
      <itemStatus>1</itemStatus>
      <LastUpdateDate />
      <LastUpdateTime />
    </Product>
    <Product>
      <PriceUpdateDate>2019/02/17 08:37</PriceUpdateDate>
      <ItemCode>8711000371176</ItemCode>
      <ItemType>1</ItemType>
      <ItemName>קפסולות קפה אספרסו קלאסיקו ג`ייקבוס עוצמ</ItemName>
      <ManufactureName>דיפלומט היינץ</ManufactureName>
      <ManufactureCountry />
      <ManufactureItemDescription />
      <UnitQty>יח`</UnitQty>
      <Quantity>1</Quantity>
      <UnitMeasure />
      <BisWeighted>0</BisWeighted>
      <QtyInPackage>1</QtyInPackage>
      <ItemPrice>15.90</ItemPrice>
      <UnitOfMeasurePrice>15.90</UnitOfMeasurePrice>
      <AllowDiscount>1</AllowDiscount>
      <itemStatus>1</itemStatus>
      <LastUpdateDate />
      <LastUpdateTime />
    </Product>
    <Product>
      <PriceUpdateDate>2019/02/17 08:37</PriceUpdateDate>
      <ItemCode>8711000371183</ItemCode>
      <ItemType>1</ItemType>
      <ItemName>קפסולות קפה אספרסו קלאסיקו אינטנסו עוצמה</ItemName>
      <ManufactureName>דיפלומט היינץ</ManufactureName>
      <ManufactureCountry />
      <ManufactureItemDescription />
      <UnitQty>יח`</UnitQty>
      <Quantity>1</Quantity>
      <UnitMeasure />
      <BisWeighted>0</BisWeighted>
      <QtyInPackage>1</QtyInPackage>
      <ItemPrice>15.90</ItemPrice>
      <UnitOfMeasurePrice>15.90</UnitOfMeasurePrice>
      <AllowDiscount>1</AllowDiscount>
      <itemStatus>1</itemStatus>
      <LastUpdateDate />
      <LastUpdateTime />
    </Product>
    <Product>
      <PriceUpdateDate>2019/02/17 08:37</PriceUpdateDate>
      <ItemCode>8711000371206</ItemCode>
      <ItemType>1</ItemType>
      <ItemName>קפסולות קפה אספרסו ריסטרטו ג`ייקבוס (עוצ</ItemName>
      <ManufactureName>דיפלומט היינץ</ManufactureName>
      <ManufactureCountry />
      <ManufactureItemDescription />
      <UnitQty>יח`</UnitQty>
      <Quantity>1</Quantity>
      <UnitMeasure />
      <BisWeighted>0</BisWeighted>
      <QtyInPackage>1</QtyInPackage>
      <ItemPrice>15.90</ItemPrice>
      <UnitOfMeasurePrice>15.90</UnitOfMeasurePrice>
      <AllowDiscount>1</AllowDiscount>
      <itemStatus>1</itemStatus>
      <LastUpdateDate />
      <LastUpdateTime />
    </Product>
    <Product>
      <PriceUpdateDate>2020/04/27 08:52</PriceUpdateDate>
      <ItemCode>8711000371244</ItemCode>
      <ItemType>1</ItemType>
      <ItemName>קפסולות קפה אספרסו לונגו גייקבוס</ItemName>
      <ManufactureName>דיפלומט היינץ</ManufactureName>
      <ManufactureCountry />
      <ManufactureItemDescription />
      <UnitQty>יח`</UnitQty>
      <Quantity>1</Quantity>
      <UnitMeasure />
      <BisWeighted>0</BisWeighted>
      <QtyInPackage>1</QtyInPackage>
      <ItemPrice>15.90</ItemPrice>
      <UnitOfMeasurePrice>15.90</UnitOfMeasurePrice>
      <AllowDiscount>1</AllowDiscount>
      <itemStatus>1</itemStatus>
      <LastUpdateDate />
      <LastUpdateTime />
    </Product>
    <Product>
      <PriceUpdateDate>2019/06/17 16:41</PriceUpdateDate>
      <ItemCode>8711000431108</ItemCode>
      <ItemType>1</ItemType>
      <ItemName>קפסולות קפה אספרסו הודו (10) 52 גר` לור</ItemName>
      <ManufactureName>דיפלומט היינץ</ManufactureName>
      <ManufactureCountry />
      <ManufactureItemDescription />
      <UnitQty>יח`</UnitQty>
      <Quantity>1</Quantity>
      <UnitMeasure>100 גרם</UnitMeasure>
      <BisWeighted>0</BisWeighted>
      <QtyInPackage>1</QtyInPackage>
      <ItemPrice>19.90</ItemPrice>
      <UnitOfMeasurePrice>19.90</UnitOfMeasurePrice>
      <AllowDiscount>1</AllowDiscount>
      <itemStatus>1</itemStatus>
      <LastUpdateDate />
      <LastUpdateTime />
    </Product>
    <Product>
      <PriceUpdateDate>2019/03/27 14:33</PriceUpdateDate>
      <ItemCode>8711200443789</ItemCode>
      <ItemType>1</ItemType>
      <ItemName>חרדל גרגרים בקבוק לחיץ 235 מל</ItemName>
      <ManufactureName>נטו מלינדה סחר בעמ</ManufactureName>
      <ManufactureCountry />
      <ManufactureItemDescription />
      <UnitQty>יח`</UnitQty>
      <Quantity>2.35</Quantity>
      <UnitMeasure>100 גרם</UnitMeasure>
      <BisWeighted>0</BisWeighted>
      <QtyInPackage>1</QtyInPackage>
      <ItemPrice>14.90</ItemPrice>
      <UnitOfMeasurePrice>6.34</UnitOfMeasurePrice>
      <AllowDiscount>1</AllowDiscount>
      <itemStatus>1</itemStatus>
      <LastUpdateDate />
      <LastUpdateTime />
    </Product>
    <Product>
      <PriceUpdateDate>2019/03/27 14:33</PriceUpdateDate>
      <ItemCode>8711200443802</ItemCode>
      <ItemType>1</ItemType>
      <ItemName>חרדל ד`זון בקבוק לחיץ 235 מל</ItemName>
      <ManufactureName>נטו מלינדה סחר בעמ</ManufactureName>
      <ManufactureCountry />
      <ManufactureItemDescription />
      <UnitQty>יח`</UnitQty>
      <Quantity>2.35</Quantity>
      <UnitMeasure>100 גרם</UnitMeasure>
      <BisWeighted>0</BisWeighted>
      <QtyInPackage>1</QtyInPackage>
      <ItemPrice>14.90</ItemPrice>
      <UnitOfMeasurePrice>6.34</UnitOfMeasurePrice>
      <AllowDiscount>1</AllowDiscount>
      <itemStatus>1</itemStatus>
      <LastUpdateDate />
      <LastUpdateTime />
    </Product>
    <Product>
      <PriceUpdateDate>2018/04/24 12:27</PriceUpdateDate>
      <ItemCode>8711600452459</ItemCode>
      <ItemType>1</ItemType>
      <ItemName>מסכה לשיער דאב לטיפוח להזנה עמוקה 200מל</ItemName>
      <ManufactureName>יוניליוור ישראל שיווק בעמ</ManufactureName>
      <ManufactureCountry />
      <ManufactureItemDescription />
      <UnitQty>יח`</UnitQty>
      <Quantity>2</Quantity>
      <UnitMeasure>100 מ"ל</UnitMeasure>
      <BisWeighted>0</BisWeighted>
      <QtyInPackage>1</QtyInPackage>
      <ItemPrice>22.90</ItemPrice>
      <UnitOfMeasurePrice>11.45</UnitOfMeasurePrice>
      <AllowDiscount>0</AllowDiscount>
      <itemStatus>1</itemStatus>
      <LastUpdateDate />
      <LastUpdateTime />
    </Product>
    <Product>
      <PriceUpdateDate>2018/04/24 11:36</PriceUpdateDate>
      <ItemCode>8711700796712</ItemCode>
      <ItemType>1</ItemType>
      <ItemName>ג`ל רחצה אפולו לגבר אקס (400 מל)</ItemName>
      <ManufactureName>יוניליוור ישראל שיווק בעמ</ManufactureName>
      <ManufactureCountry />
      <ManufactureItemDescription />
      <UnitQty>יח`</UnitQty>
      <Quantity>4</Quantity>
      <UnitMeasure>100 מ"ל</UnitMeasure>
      <BisWeighted>0</BisWeighted>
      <QtyInPackage>1</QtyInPackage>
      <ItemPrice>12.90</ItemPrice>
      <UnitOfMeasurePrice>3.23</UnitOfMeasurePrice>
      <AllowDiscount>0</AllowDiscount>
      <itemStatus>1</itemStatus>
      <LastUpdateDate />
      <LastUpdateTime />
    </Product>
    <Product>
      <PriceUpdateDate>2019/06/21 07:03</PriceUpdateDate>
      <ItemCode>8712000051099</ItemCode>
      <ItemType>1</ItemType>
      <ItemName>בירה היינקן 0.0% שישייה 330 מל</ItemName>
      <ManufactureName>טמפו משקאות בעמ</ManufactureName>
      <ManufactureCountry />
      <ManufactureItemDescription />
      <UnitQty>יח`</UnitQty>
      <Quantity>1</Quantity>
      <UnitMeasure />
      <BisWeighted>0</BisWeighted>
      <QtyInPackage>1</QtyInPackage>
      <ItemPrice>29.90</ItemPrice>
      <UnitOfMeasurePrice>29.90</UnitOfMeasurePrice>
      <AllowDiscount>0</AllowDiscount>
      <itemStatus>1</itemStatus>
      <LastUpdateDate />
      <LastUpdateTime />
    </Product>
    <Product>
      <PriceUpdateDate>2019/02/24 08:50</PriceUpdateDate>
      <ItemCode>8712400802499</ItemCode>
      <ItemType>1</ItemType>
      <ItemName>תחליף חלב שלב 1 נוטרילון (800 גרם)</ItemName>
      <ManufactureName>דיפלומט היינץ</ManufactureName>
      <ManufactureCountry />
      <ManufactureItemDescription />
      <UnitQty>יח`</UnitQty>
      <Quantity>8</Quantity>
      <UnitMeasure>100 גרם</UnitMeasure>
      <BisWeighted>0</BisWeighted>
      <QtyInPackage>1</QtyInPackage>
      <ItemPrice>75.90</ItemPrice>
      <UnitOfMeasurePrice>9.49</UnitOfMeasurePrice>
      <AllowDiscount>1</AllowDiscount>
      <itemStatus>1</itemStatus>
      <LastUpdateDate />
      <LastUpdateTime />
    </Product>
    <Product>
      <PriceUpdateDate>2019/02/24 08:50</PriceUpdateDate>
      <ItemCode>8712400802512</ItemCode>
      <ItemType>1</ItemType>
      <ItemName>תחליף חלב שלב 2 נוטרילון (800 גרם)</ItemName>
      <ManufactureName>דיפלומט היינץ</ManufactureName>
      <ManufactureCountry />
      <ManufactureItemDescription />
      <UnitQty>יח`</UnitQty>
      <Quantity>8</Quantity>
      <UnitMeasure>100 גרם</UnitMeasure>
      <BisWeighted>0</BisWeighted>
      <QtyInPackage>1</QtyInPackage>
      <ItemPrice>75.90</ItemPrice>
      <UnitOfMeasurePrice>9.49</UnitOfMeasurePrice>
      <AllowDiscount>1</AllowDiscount>
      <itemStatus>1</itemStatus>
      <LastUpdateDate />
      <LastUpdateTime />
    </Product>
    <Product>
      <PriceUpdateDate>2019/02/24 08:50</PriceUpdateDate>
      <ItemCode>8712400802536</ItemCode>
      <ItemType>1</ItemType>
      <ItemName>תחליף חלב שלב 3 נוטרילון (800 גרם)</ItemName>
      <ManufactureName>דיפלומט היינץ</ManufactureName>
      <ManufactureCountry />
      <ManufactureItemDescription />
      <UnitQty>יח`</UnitQty>
      <Quantity>8</Quantity>
      <UnitMeasure>100 גרם</UnitMeasure>
      <BisWeighted>0</BisWeighted>
      <QtyInPackage>1</QtyInPackage>
      <ItemPrice>75.90</ItemPrice>
      <UnitOfMeasurePrice>9.49</UnitOfMeasurePrice>
      <AllowDiscount>1</AllowDiscount>
      <itemStatus>1</itemStatus>
      <LastUpdateDate />
      <LastUpdateTime />
    </Product>
    <Product>
      <PriceUpdateDate>2018/04/24 12:18</PriceUpdateDate>
      <ItemCode>8712561594240</ItemCode>
      <ItemType>1</ItemType>
      <ItemName>תחליב רחצה להזנה עמוקה דאב (500 מל)</ItemName>
      <ManufactureName>יוניליוור ישראל שיווק בעמ</ManufactureName>
      <ManufactureCountry />
      <ManufactureItemDescription />
      <UnitQty>יח`</UnitQty>
      <Quantity>5</Quantity>
      <UnitMeasure>100 מ"ל</UnitMeasure>
      <BisWeighted>0</BisWeighted>
      <QtyInPackage>1</QtyInPackage>
      <ItemPrice>16.90</ItemPrice>
      <UnitOfMeasurePrice>3.38</UnitOfMeasurePrice>
      <AllowDiscount>1</AllowDiscount>
      <itemStatus>1</itemStatus>
      <LastUpdateDate />
      <LastUpdateTime />
    </Product>
    <Product>
      <PriceUpdateDate>2018/04/24 12:18</PriceUpdateDate>
      <ItemCode>8712561611183</ItemCode>
      <ItemType>1</ItemType>
      <ItemName>דאב תחליב רחצה ירוק ומלפפון 500 מל</ItemName>
      <ManufactureName>יוניליוור ישראל שיווק בעמ</ManufactureName>
      <ManufactureCountry />
      <ManufactureItemDescription />
      <UnitQty>יח`</UnitQty>
      <Quantity>5</Quantity>
      <UnitMeasure>100 מ"ל</UnitMeasure>
      <BisWeighted>0</BisWeighted>
      <QtyInPackage>1</QtyInPackage>
      <ItemPrice>16.90</ItemPrice>
      <UnitOfMeasurePrice>3.38</UnitOfMeasurePrice>
      <AllowDiscount>1</AllowDiscount>
      <itemStatus>1</itemStatus>
      <LastUpdateDate />
      <LastUpdateTime />
    </Product>
    <Product>
      <PriceUpdateDate>2018/04/24 12:18</PriceUpdateDate>
      <ItemCode>8712561626200</ItemCode>
      <ItemType>1</ItemType>
      <ItemName>תחליב רחצה זוהר כמשי דאב (500 מל)</ItemName>
      <ManufactureName>יוניליוור ישראל שיווק בעמ</ManufactureName>
      <ManufactureCountry />
      <ManufactureItemDescription />
      <UnitQty>יח`</UnitQty>
      <Quantity>5</Quantity>
      <UnitMeasure>100 מ"ל</UnitMeasure>
      <BisWeighted>0</BisWeighted>
      <QtyInPackage>1</QtyInPackage>
      <ItemPrice>16.90</ItemPrice>
      <UnitOfMeasurePrice>3.38</UnitOfMeasurePrice>
      <AllowDiscount>1</AllowDiscount>
      <itemStatus>1</itemStatus>
      <LastUpdateDate />
      <LastUpdateTime />
    </Product>
    <Product>
      <PriceUpdateDate>2018/07/08 11:12</PriceUpdateDate>
      <ItemCode>8712561626286</ItemCode>
      <ItemType>1</ItemType>
      <ItemName>תחליב רחצה זוהר כמשי דאב (750 מל)</ItemName>
      <ManufactureName>יוניליוור ישראל שיווק בעמ</ManufactureName>
      <ManufactureCountry />
      <ManufactureItemDescription />
      <UnitQty>יח`</UnitQty>
      <Quantity>7.50</Quantity>
      <UnitMeasure>100 מ"ל</UnitMeasure>
      <BisWeighted>0</BisWeighted>
      <QtyInPackage>1</QtyInPackage>
      <ItemPrice>22.90</ItemPrice>
      <UnitOfMeasurePrice>3.05</UnitOfMeasurePrice>
      <AllowDiscount>1</AllowDiscount>
      <itemStatus>1</itemStatus>
      <LastUpdateDate />
      <LastUpdateTime />
    </Product>
    <Product>
      <PriceUpdateDate>2019/11/10 14:29</PriceUpdateDate>
      <ItemCode>8714599104316</ItemCode>
      <ItemType>1</ItemType>
      <ItemName>קפה שחור 200 גר` קלוי וטחון טורקי ג`ייקו</ItemName>
      <ManufactureName>דיפלומט היינץ</ManufactureName>
      <ManufactureCountry />
      <ManufactureItemDescription />
      <UnitQty>יח`</UnitQty>
      <Quantity>2</Quantity>
      <UnitMeasure>100 גרם</UnitMeasure>
      <BisWeighted>0</BisWeighted>
      <QtyInPackage>1</QtyInPackage>
      <ItemPrice>14.90</ItemPrice>
      <UnitOfMeasurePrice>7.45</UnitOfMeasurePrice>
      <AllowDiscount>0</AllowDiscount>
      <itemStatus>1</itemStatus>
      <LastUpdateDate />
      <LastUpdateTime />
    </Product>
    <Product>
      <PriceUpdateDate>2019/11/10 14:29</PriceUpdateDate>
      <ItemCode>8714599104330</ItemCode>
      <ItemType>1</ItemType>
      <ItemName>קפה שחור 85 גר` קלוי וטחון טורקי ג`ייקוב</ItemName>
      <ManufactureName>דיפלומט היינץ</ManufactureName>
      <ManufactureCountry />
      <ManufactureItemDescription />
      <UnitQty>יח`</UnitQty>
      <Quantity>0.85</Quantity>
      <UnitMeasure>100 גרם</UnitMeasure>
      <BisWeighted>0</BisWeighted>
      <QtyInPackage>1</QtyInPackage>
      <ItemPrice>7.90</ItemPrice>
      <UnitOfMeasurePrice>9.29</UnitOfMeasurePrice>
      <AllowDiscount>1</AllowDiscount>
      <itemStatus>1</itemStatus>
      <LastUpdateDate />
      <LastUpdateTime />
    </Product>
    <Product>
      <PriceUpdateDate>2019/04/11 10:04</PriceUpdateDate>
      <ItemCode>8714599513781</ItemCode>
      <ItemType>1</ItemType>
      <ItemName>ג`יקובס גולד 200 גר` מיובש בהקפאה</ItemName>
      <ManufactureName>דיפלומט היינץ</ManufactureName>
      <ManufactureCountry />
      <ManufactureItemDescription />
      <UnitQty>יח`</UnitQty>
      <Quantity>2</Quantity>
      <UnitMeasure>100 גרם</UnitMeasure>
      <BisWeighted>0</BisWeighted>
      <QtyInPackage>1</QtyInPackage>
      <ItemPrice>33.90</ItemPrice>
      <UnitOfMeasurePrice>16.95</UnitOfMeasurePrice>
      <AllowDiscount>1</AllowDiscount>
      <itemStatus>1</itemStatus>
      <LastUpdateDate />
      <LastUpdateTime />
    </Product>
    <Product>
      <PriceUpdateDate>2018/11/05 14:24</PriceUpdateDate>
      <ItemCode>8714599513866</ItemCode>
      <ItemType>1</ItemType>
      <ItemName>קפה נמס קרוננג ג`יקובס 200 גר`</ItemName>
      <ManufactureName>דיפלומט היינץ</ManufactureName>
      <ManufactureCountry />
      <ManufactureItemDescription />
      <UnitQty>יח`</UnitQty>
      <Quantity>2</Quantity>
      <UnitMeasure>100 גרם</UnitMeasure>
      <BisWeighted>0</BisWeighted>
      <QtyInPackage>1</QtyInPackage>
      <ItemPrice>27.90</ItemPrice>
      <UnitOfMeasurePrice>13.95</UnitOfMeasurePrice>
      <AllowDiscount>1</AllowDiscount>
      <itemStatus>1</itemStatus>
      <LastUpdateDate />
      <LastUpdateTime />
    </Product>
    <Product>
      <PriceUpdateDate>2018/09/06 11:24</PriceUpdateDate>
      <ItemCode>8714789177229</ItemCode>
      <ItemType>1</ItemType>
      <ItemName>קולגייט אקסטרה קלין רביעייה</ItemName>
      <ManufactureName>ש.שסטוביץ בעמ</ManufactureName>
      <ManufactureCountry />
      <ManufactureItemDescription />
      <UnitQty>יח`</UnitQty>
      <Quantity>1</Quantity>
      <UnitMeasure />
      <BisWeighted>0</BisWeighted>
      <QtyInPackage>1</QtyInPackage>
      <ItemPrice>9.90</ItemPrice>
      <UnitOfMeasurePrice>9.90</UnitOfMeasurePrice>
      <AllowDiscount>0</AllowDiscount>
      <itemStatus>1</itemStatus>
      <LastUpdateDate />
      <LastUpdateTime />
    </Product>
    <Product>
      <PriceUpdateDate>2019/08/19 09:27</PriceUpdateDate>
      <ItemCode>8714789529561</ItemCode>
      <ItemType>1</ItemType>
      <ItemName>קולגייט סנסיטיב פרו ריליף + הלבנה 75 מל</ItemName>
      <ManufactureName>ש.שסטוביץ בעמ</ManufactureName>
      <ManufactureCountry />
      <ManufactureItemDescription />
      <UnitQty>יח`</UnitQty>
      <Quantity>0.75</Quantity>
      <UnitMeasure>100 גרם</UnitMeasure>
      <BisWeighted>0</BisWeighted>
      <QtyInPackage>1</QtyInPackage>
      <ItemPrice>22.90</ItemPrice>
      <UnitOfMeasurePrice>30.53</UnitOfMeasurePrice>
      <AllowDiscount>1</AllowDiscount>
      <itemStatus>1</itemStatus>
      <LastUpdateDate />
      <LastUpdateTime />
    </Product>
    <Product>
      <PriceUpdateDate>2018/11/05 14:24</PriceUpdateDate>
      <ItemCode>8714789834467</ItemCode>
      <ItemType>1</ItemType>
      <ItemName>פלמוליב כלים שקוף קלאסי 1.5 ליטר חדש</ItemName>
      <ManufactureName>ש.שסטוביץ בעמ</ManufactureName>
      <ManufactureCountry />
      <ManufactureItemDescription />
      <UnitQty>יח`</UnitQty>
      <Quantity>1.50</Quantity>
      <UnitMeasure>1 ליטר</UnitMeasure>
      <BisWeighted>0</BisWeighted>
      <QtyInPackage>1</QtyInPackage>
      <ItemPrice>16.90</ItemPrice>
      <UnitOfMeasurePrice>11.27</UnitOfMeasurePrice>
      <AllowDiscount>0</AllowDiscount>
      <itemStatus>1</itemStatus>
      <LastUpdateDate />
      <LastUpdateTime />
    </Product>
    <Product>
      <PriceUpdateDate>2019/01/22 10:16</PriceUpdateDate>
      <ItemCode>8714789930848</ItemCode>
      <ItemType>1</ItemType>
      <ItemName>קולגייט משחת אופטיק וייט הלבנה מיידית 75</ItemName>
      <ManufactureName>ש.שסטוביץ בעמ</ManufactureName>
      <ManufactureCountry />
      <ManufactureItemDescription />
      <UnitQty>יח`</UnitQty>
      <Quantity>1</Quantity>
      <UnitMeasure>100 גרם</UnitMeasure>
      <BisWeighted>0</BisWeighted>
      <QtyInPackage>1</QtyInPackage>
      <ItemPrice>17.90</ItemPrice>
      <UnitOfMeasurePrice>17.90</UnitOfMeasurePrice>
      <AllowDiscount>0</AllowDiscount>
      <itemStatus>1</itemStatus>
      <LastUpdateDate />
      <LastUpdateTime />
    </Product>
    <Product>
      <PriceUpdateDate>2018/08/26 12:05</PriceUpdateDate>
      <ItemCode>8715035150300</ItemCode>
      <ItemType>1</ItemType>
      <ItemName>רוטב סויה קיקומן ללא גלוטן 250 מל</ItemName>
      <ManufactureName>דיפלומט היינץ</ManufactureName>
      <ManufactureCountry />
      <ManufactureItemDescription />
      <UnitQty>יח`</UnitQty>
      <Quantity>2.50</Quantity>
      <UnitMeasure>100 מ"ל</UnitMeasure>
      <BisWeighted>0</BisWeighted>
      <QtyInPackage>1</QtyInPackage>
      <ItemPrice>19.90</ItemPrice>
      <UnitOfMeasurePrice>7.96</UnitOfMeasurePrice>
      <AllowDiscount>0</AllowDiscount>
      <itemStatus>1</itemStatus>
      <LastUpdateDate />
      <LastUpdateTime />
    </Product>
    <Product>
      <PriceUpdateDate>2019/04/11 10:04</PriceUpdateDate>
      <ItemCode>8715700110141</ItemCode>
      <ItemType>1</ItemType>
      <ItemName>מיונז צנצנת 460 גר` היינץ</ItemName>
      <ManufactureName>דיפלומט היינץ</ManufactureName>
      <ManufactureCountry />
      <ManufactureItemDescription />
      <UnitQty>יח`</UnitQty>
      <Quantity>4.60</Quantity>
      <UnitMeasure>100 גרם</UnitMeasure>
      <BisWeighted>0</BisWeighted>
      <QtyInPackage>1</QtyInPackage>
      <ItemPrice>11.90</ItemPrice>
      <UnitOfMeasurePrice>2.59</UnitOfMeasurePrice>
      <AllowDiscount>1</AllowDiscount>
      <itemStatus>1</itemStatus>
      <LastUpdateDate />
      <LastUpdateTime />
    </Product>
    <Product>
      <PriceUpdateDate>2018/04/24 13:03</PriceUpdateDate>
      <ItemCode>8715700115641</ItemCode>
      <ItemType>1</ItemType>
      <ItemName>היינץ ממרח במרקם קרמי 420</ItemName>
      <ManufactureName>דיפלומט היינץ</ManufactureName>
      <ManufactureCountry />
      <ManufactureItemDescription />
      <UnitQty>יח`</UnitQty>
      <Quantity>4.20</Quantity>
      <UnitMeasure>100 גרם</UnitMeasure>
      <BisWeighted>0</BisWeighted>
      <QtyInPackage>1</QtyInPackage>
      <ItemPrice>15.90</ItemPrice>
      <UnitOfMeasurePrice>3.79</UnitOfMeasurePrice>
      <AllowDiscount>0</AllowDiscount>
      <itemStatus>1</itemStatus>
      <LastUpdateDate />
      <LastUpdateTime />
    </Product>
    <Product>
      <PriceUpdateDate>2019/04/11 10:04</PriceUpdateDate>
      <ItemCode>8715700419732</ItemCode>
      <ItemType>1</ItemType>
      <ItemName>מתבל עגבניות היינץ (700 גרם)</ItemName>
      <ManufactureName>דיפלומט היינץ</ManufactureName>
      <ManufactureCountry />
      <ManufactureItemDescription />
      <UnitQty>יח`</UnitQty>
      <Quantity>7</Quantity>
      <UnitMeasure>100 גרם</UnitMeasure>
      <BisWeighted>0</BisWeighted>
      <QtyInPackage>1</QtyInPackage>
      <ItemPrice>11.90</ItemPrice>
      <UnitOfMeasurePrice>1.70</UnitOfMeasurePrice>
      <AllowDiscount>1</AllowDiscount>
      <itemStatus>1</itemStatus>
      <LastUpdateDate />
      <LastUpdateTime />
    </Product>
    <Product>
      <PriceUpdateDate>2018/04/24 12:52</PriceUpdateDate>
      <ItemCode>8715700422473</ItemCode>
      <ItemType>1</ItemType>
      <ItemName>ממרח לחיץ היינץ 395 גר ללא חומר משמר</ItemName>
      <ManufactureName>דיפלומט היינץ</ManufactureName>
      <ManufactureCountry />
      <ManufactureItemDescription />
      <UnitQty>יח`</UnitQty>
      <Quantity>3.95</Quantity>
      <UnitMeasure>100 גרם</UnitMeasure>
      <BisWeighted>0</BisWeighted>
      <QtyInPackage>1</QtyInPackage>
      <ItemPrice>15.90</ItemPrice>
      <UnitOfMeasurePrice>4.03</UnitOfMeasurePrice>
      <AllowDiscount>0</AllowDiscount>
      <itemStatus>1</itemStatus>
      <LastUpdateDate />
      <LastUpdateTime />
    </Product>
    <Product>
      <PriceUpdateDate>2018/04/24 13:17</PriceUpdateDate>
      <ItemCode>8715700423906</ItemCode>
      <ItemType>1</ItemType>
      <ItemName>היינץ מתבל עגבניות 555 גר</ItemName>
      <ManufactureName>דיפלומט היינץ</ManufactureName>
      <ManufactureCountry />
      <ManufactureItemDescription />
      <UnitQty>יח`</UnitQty>
      <Quantity>5.55</Quantity>
      <UnitMeasure>100 גרם</UnitMeasure>
      <BisWeighted>0</BisWeighted>
      <QtyInPackage>1</QtyInPackage>
      <ItemPrice>11.90</ItemPrice>
      <UnitOfMeasurePrice>2.14</UnitOfMeasurePrice>
      <AllowDiscount>1</AllowDiscount>
      <itemStatus>1</itemStatus>
      <LastUpdateDate />
      <LastUpdateTime />
    </Product>
    <Product>
      <PriceUpdateDate>2019/10/16 19:12</PriceUpdateDate>
      <ItemCode>8717163647202</ItemCode>
      <ItemType>1</ItemType>
      <ItemName>אקס בודי ספריי גוף אנרכי גברים</ItemName>
      <ManufactureName>יוניליוור ישראל שיווק בעמ</ManufactureName>
      <ManufactureCountry />
      <ManufactureItemDescription />
      <UnitQty>יח`</UnitQty>
      <Quantity>1.50</Quantity>
      <UnitMeasure>100 גרם</UnitMeasure>
      <BisWeighted>0</BisWeighted>
      <QtyInPackage>1</QtyInPackage>
      <ItemPrice>11.90</ItemPrice>
      <UnitOfMeasurePrice>7.93</UnitOfMeasurePrice>
      <AllowDiscount>1</AllowDiscount>
      <itemStatus>1</itemStatus>
      <LastUpdateDate />
      <LastUpdateTime />
    </Product>
    <Product>
      <PriceUpdateDate>2019/10/16 19:12</PriceUpdateDate>
      <ItemCode>8717163647219</ItemCode>
      <ItemType>1</ItemType>
      <ItemName>אקס בודי ספריי אפולו</ItemName>
      <ManufactureName>יוניליוור ישראל שיווק בעמ</ManufactureName>
      <ManufactureCountry />
      <ManufactureItemDescription />
      <UnitQty>יח`</UnitQty>
      <Quantity>1.50</Quantity>
      <UnitMeasure>100 מ"ל</UnitMeasure>
      <BisWeighted>0</BisWeighted>
      <QtyInPackage>1</QtyInPackage>
      <ItemPrice>11.90</ItemPrice>
      <UnitOfMeasurePrice>7.93</UnitOfMeasurePrice>
      <AllowDiscount>1</AllowDiscount>
      <itemStatus>1</itemStatus>
      <LastUpdateDate />
      <LastUpdateTime />
    </Product>
    <Product>
      <PriceUpdateDate>2019/10/16 19:12</PriceUpdateDate>
      <ItemCode>8717163647257</ItemCode>
      <ItemType>1</ItemType>
      <ItemName>אקס ספריי גוף גולד 150 מל</ItemName>
      <ManufactureName>יוניליוור ישראל שיווק בעמ</ManufactureName>
      <ManufactureCountry />
      <ManufactureItemDescription />
      <UnitQty>יח`</UnitQty>
      <Quantity>1.50</Quantity>
      <UnitMeasure>100 מ"ל</UnitMeasure>
      <BisWeighted>0</BisWeighted>
      <QtyInPackage>1</QtyInPackage>
      <ItemPrice>11.90</ItemPrice>
      <UnitOfMeasurePrice>7.93</UnitOfMeasurePrice>
      <AllowDiscount>1</AllowDiscount>
      <itemStatus>1</itemStatus>
      <LastUpdateDate />
      <LastUpdateTime />
    </Product>
    <Product>
      <PriceUpdateDate>2019/04/15 13:22</PriceUpdateDate>
      <ItemCode>8717163647264</ItemCode>
      <ItemType>1</ItemType>
      <ItemName>אקס ספריי גוף אייס ציל 150 מל</ItemName>
      <ManufactureName>יוניליוור ישראל שיווק בעמ</ManufactureName>
      <ManufactureCountry />
      <ManufactureItemDescription />
      <UnitQty>יח`</UnitQty>
      <Quantity>1.50</Quantity>
      <UnitMeasure>100 גרם</UnitMeasure>
      <BisWeighted>0</BisWeighted>
      <QtyInPackage>1</QtyInPackage>
      <ItemPrice>11.90</ItemPrice>
      <UnitOfMeasurePrice>7.93</UnitOfMeasurePrice>
      <AllowDiscount>1</AllowDiscount>
      <itemStatus>1</itemStatus>
      <LastUpdateDate />
      <LastUpdateTime />
    </Product>
    <Product>
      <PriceUpdateDate>2019/10/16 19:12</PriceUpdateDate>
      <ItemCode>8717163647271</ItemCode>
      <ItemType>1</ItemType>
      <ItemName>אקס ספריי גוף קולז`ן 150 מל</ItemName>
      <ManufactureName>יוניליוור ישראל שיווק בעמ</ManufactureName>
      <ManufactureCountry />
      <ManufactureItemDescription />
      <UnitQty>יח`</UnitQty>
      <Quantity>1.50</Quantity>
      <UnitMeasure>100 מ"ל</UnitMeasure>
      <BisWeighted>0</BisWeighted>
      <QtyInPackage>1</QtyInPackage>
      <ItemPrice>11.90</ItemPrice>
      <UnitOfMeasurePrice>7.93</UnitOfMeasurePrice>
      <AllowDiscount>1</AllowDiscount>
      <itemStatus>1</itemStatus>
      <LastUpdateDate />
      <LastUpdateTime />
    </Product>
    <Product>
      <PriceUpdateDate>2019/05/03 08:44</PriceUpdateDate>
      <ItemCode>8717163647295</ItemCode>
      <ItemType>1</ItemType>
      <ItemName>אקס charge up protection 150 מל</ItemName>
      <ManufactureName>יוניליוור ישראל שיווק בעמ</ManufactureName>
      <ManufactureCountry />
      <ManufactureItemDescription />
      <UnitQty>יח`</UnitQty>
      <Quantity>1.50</Quantity>
      <UnitMeasure>100 מ"ל</UnitMeasure>
      <BisWeighted>0</BisWeighted>
      <QtyInPackage>1</QtyInPackage>
      <ItemPrice>19.90</ItemPrice>
      <UnitOfMeasurePrice>13.27</UnitOfMeasurePrice>
      <AllowDiscount>1</AllowDiscount>
      <itemStatus>1</itemStatus>
      <LastUpdateDate />
      <LastUpdateTime />
    </Product>
    <Product>
      <PriceUpdateDate>2020/01/07 14:40</PriceUpdateDate>
      <ItemCode>8717163842676</ItemCode>
      <ItemType>1</ItemType>
      <ItemName>דאב תחליב רחצה חימר ירוק 500 מל</ItemName>
      <ManufactureName>יוניליוור ישראל שיווק בעמ</ManufactureName>
      <ManufactureCountry />
      <ManufactureItemDescription />
      <UnitQty>יח`</UnitQty>
      <Quantity>5</Quantity>
      <UnitMeasure>100 מ"ל</UnitMeasure>
      <BisWeighted>0</BisWeighted>
      <QtyInPackage>1</QtyInPackage>
      <ItemPrice>16.90</ItemPrice>
      <UnitOfMeasurePrice>3.38</UnitOfMeasurePrice>
      <AllowDiscount>1</AllowDiscount>
      <itemStatus>1</itemStatus>
      <LastUpdateDate />
      <LastUpdateTime />
    </Product>
    <Product>
      <PriceUpdateDate>2018/04/24 09:32</PriceUpdateDate>
      <ItemCode>8717644390566</ItemCode>
      <ItemType>1</ItemType>
      <ItemName>דאב סבון מוצק רביעייה</ItemName>
      <ManufactureName>יוניליוור ישראל שיווק בעמ</ManufactureName>
      <ManufactureCountry />
      <ManufactureItemDescription />
      <UnitQty>יח`</UnitQty>
      <Quantity>4</Quantity>
      <UnitMeasure>100 גרם</UnitMeasure>
      <BisWeighted>0</BisWeighted>
      <QtyInPackage>1</QtyInPackage>
      <ItemPrice>12.90</ItemPrice>
      <UnitOfMeasurePrice>3.23</UnitOfMeasurePrice>
      <AllowDiscount>1</AllowDiscount>
      <itemStatus>1</itemStatus>
      <LastUpdateDate />
      <LastUpdateTime />
    </Product>
    <Product>
      <PriceUpdateDate>2020/05/01 10:49</PriceUpdateDate>
      <ItemCode>8718879000336</ItemCode>
      <ItemType>1</ItemType>
      <ItemName>ענבים שחורים ארוז</ItemName>
      <ManufactureName>שיווק פרי וירק בעמ-אזולאי את א</ManufactureName>
      <ManufactureCountry />
      <ManufactureItemDescription />
      <UnitQty>יח`</UnitQty>
      <Quantity>1</Quantity>
      <UnitMeasure />
      <BisWeighted>0</BisWeighted>
      <QtyInPackage>1</QtyInPackage>
      <ItemPrice>12.90</ItemPrice>
      <UnitOfMeasurePrice>12.90</UnitOfMeasurePrice>
      <AllowDiscount>1</AllowDiscount>
      <itemStatus>1</itemStatus>
      <LastUpdateDate />
      <LastUpdateTime />
    </Product>
    <Product>
      <PriceUpdateDate>2018/09/06 11:24</PriceUpdateDate>
      <ItemCode>8718951159808</ItemCode>
      <ItemType>1</ItemType>
      <ItemName>קולגייט מברשת 360 שלישייה</ItemName>
      <ManufactureName>ש.שסטוביץ בעמ</ManufactureName>
      <ManufactureCountry />
      <ManufactureItemDescription />
      <UnitQty>יח`</UnitQty>
      <Quantity>1</Quantity>
      <UnitMeasure />
      <BisWeighted>0</BisWeighted>
      <QtyInPackage>1</QtyInPackage>
      <ItemPrice>29.90</ItemPrice>
      <UnitOfMeasurePrice>29.90</UnitOfMeasurePrice>
      <AllowDiscount>0</AllowDiscount>
      <itemStatus>1</itemStatus>
      <LastUpdateDate />
      <LastUpdateTime />
    </Product>
    <Product>
      <PriceUpdateDate>2018/11/16 08:47</PriceUpdateDate>
      <ItemCode>8718951166288</ItemCode>
      <ItemType>1</ItemType>
      <ItemName>משחת שיניים מקס וייט 125 מל קולגייט</ItemName>
      <ManufactureName>ש.שסטוביץ בעמ</ManufactureName>
      <ManufactureCountry />
      <ManufactureItemDescription />
      <UnitQty>יח`</UnitQty>
      <Quantity>1</Quantity>
      <UnitMeasure />
      <BisWeighted>0</BisWeighted>
      <QtyInPackage>1</QtyInPackage>
      <ItemPrice>14.90</ItemPrice>
      <UnitOfMeasurePrice>14.90</UnitOfMeasurePrice>
      <AllowDiscount>0</AllowDiscount>
      <itemStatus>1</itemStatus>
      <LastUpdateDate />
      <LastUpdateTime />
    </Product>
    <Product>
      <PriceUpdateDate>2020/01/21 07:10</PriceUpdateDate>
      <ItemCode>8718951175280</ItemCode>
      <ItemType>1</ItemType>
      <ItemName>קולגייט משחת שיניים</ItemName>
      <ManufactureName>ש.שסטוביץ בעמ</ManufactureName>
      <ManufactureCountry />
      <ManufactureItemDescription />
      <UnitQty>יח`</UnitQty>
      <Quantity>1</Quantity>
      <UnitMeasure />
      <BisWeighted>0</BisWeighted>
      <QtyInPackage>1</QtyInPackage>
      <ItemPrice>19.90</ItemPrice>
      <UnitOfMeasurePrice>19.90</UnitOfMeasurePrice>
      <AllowDiscount>1</AllowDiscount>
      <itemStatus>1</itemStatus>
      <LastUpdateDate />
      <LastUpdateTime />
    </Product>
    <Product>
      <PriceUpdateDate>2019/11/10 14:29</PriceUpdateDate>
      <ItemCode>8718951222779</ItemCode>
      <ItemType>1</ItemType>
      <ItemName>מרידול פור משחה לשיניים וחניכיים בריאות</ItemName>
      <ManufactureName>ש.שסטוביץ בעמ</ManufactureName>
      <ManufactureCountry />
      <ManufactureItemDescription />
      <UnitQty>יח`</UnitQty>
      <Quantity>0.75</Quantity>
      <UnitMeasure>100 מ"ל</UnitMeasure>
      <BisWeighted>0</BisWeighted>
      <QtyInPackage>1</QtyInPackage>
      <ItemPrice>26.90</ItemPrice>
      <UnitOfMeasurePrice>35.87</UnitOfMeasurePrice>
      <AllowDiscount>0</AllowDiscount>
      <itemStatus>1</itemStatus>
      <LastUpdateDate />
      <LastUpdateTime />
    </Product>
    <Product>
      <PriceUpdateDate>2019/02/19 14:24</PriceUpdateDate>
      <ItemCode>8718951236790</ItemCode>
      <ItemType>1</ItemType>
      <ItemName>קולגייט טוטאל משחת שיניים קלין מינט לפה</ItemName>
      <ManufactureName>ש.שסטוביץ בעמ</ManufactureName>
      <ManufactureCountry />
      <ManufactureItemDescription />
      <UnitQty>יח`</UnitQty>
      <Quantity>1</Quantity>
      <UnitMeasure />
      <BisWeighted>0</BisWeighted>
      <QtyInPackage>1</QtyInPackage>
      <ItemPrice>14.90</ItemPrice>
      <UnitOfMeasurePrice>14.90</UnitOfMeasurePrice>
      <AllowDiscount>0</AllowDiscount>
      <itemStatus>1</itemStatus>
      <LastUpdateDate />
      <LastUpdateTime />
    </Product>
    <Product>
      <PriceUpdateDate>2019/02/19 14:24</PriceUpdateDate>
      <ItemCode>8718951236813</ItemCode>
      <ItemType>1</ItemType>
      <ItemName>קולגייט טוטאל משחת שיניים ניקוי מתקדם לפ</ItemName>
      <ManufactureName>ש.שסטוביץ בעמ</ManufactureName>
      <ManufactureCountry />
      <ManufactureItemDescription />
      <UnitQty>יח`</UnitQty>
      <Quantity>1</Quantity>
      <UnitMeasure />
      <BisWeighted>0</BisWeighted>
      <QtyInPackage>1</QtyInPackage>
      <ItemPrice>14.90</ItemPrice>
      <UnitOfMeasurePrice>14.90</UnitOfMeasurePrice>
      <AllowDiscount>0</AllowDiscount>
      <itemStatus>1</itemStatus>
      <LastUpdateDate />
      <LastUpdateTime />
    </Product>
    <Product>
      <PriceUpdateDate>2019/02/19 14:24</PriceUpdateDate>
      <ItemCode>8718951240742</ItemCode>
      <ItemType>1</ItemType>
      <ItemName>קולגייט טוטאל משחת שיניים פסים מרעענים ל</ItemName>
      <ManufactureName>ש.שסטוביץ בעמ</ManufactureName>
      <ManufactureCountry />
      <ManufactureItemDescription />
      <UnitQty>יח`</UnitQty>
      <Quantity>1</Quantity>
      <UnitMeasure />
      <BisWeighted>0</BisWeighted>
      <QtyInPackage>1</QtyInPackage>
      <ItemPrice>14.90</ItemPrice>
      <UnitOfMeasurePrice>14.90</UnitOfMeasurePrice>
      <AllowDiscount>0</AllowDiscount>
      <itemStatus>1</itemStatus>
      <LastUpdateDate />
      <LastUpdateTime />
    </Product>
    <Product>
      <PriceUpdateDate>2020/02/14 07:53</PriceUpdateDate>
      <ItemCode>8718951247871</ItemCode>
      <ItemType>1</ItemType>
      <ItemName>ספריי שירותים טריגר אג`קס (500 מל)</ItemName>
      <ManufactureName>ש.שסטוביץ בעמ</ManufactureName>
      <ManufactureCountry />
      <ManufactureItemDescription />
      <UnitQty>יח`</UnitQty>
      <Quantity>1</Quantity>
      <UnitMeasure />
      <BisWeighted>0</BisWeighted>
      <QtyInPackage>1</QtyInPackage>
      <ItemPrice>14.90</ItemPrice>
      <UnitOfMeasurePrice>14.90</UnitOfMeasurePrice>
      <AllowDiscount>0</AllowDiscount>
      <itemStatus>1</itemStatus>
      <LastUpdateDate />
      <LastUpdateTime />
    </Product>
    <Product>
      <PriceUpdateDate>2019/12/12 14:13</PriceUpdateDate>
      <ItemCode>8718951293489</ItemCode>
      <ItemType>1</ItemType>
      <ItemName>זוג משחות שיניים קלין מינט 75 מל קולגי</ItemName>
      <ManufactureName>ש.שסטוביץ בעמ</ManufactureName>
      <ManufactureCountry />
      <ManufactureItemDescription />
      <UnitQty>יח`</UnitQty>
      <Quantity>1</Quantity>
      <UnitMeasure />
      <BisWeighted>0</BisWeighted>
      <QtyInPackage>1</QtyInPackage>
      <ItemPrice>19.90</ItemPrice>
      <UnitOfMeasurePrice>19.90</UnitOfMeasurePrice>
      <AllowDiscount>0</AllowDiscount>
      <itemStatus>1</itemStatus>
      <LastUpdateDate />
      <LastUpdateTime />
    </Product>
    <Product>
      <PriceUpdateDate>2020/02/14 07:53</PriceUpdateDate>
      <ItemCode>8718951319806</ItemCode>
      <ItemType>1</ItemType>
      <ItemName>פלמוליב לגבר ג`ל רחצה ושמפו מרענן 750 מ</ItemName>
      <ManufactureName>ש.שסטוביץ בעמ</ManufactureName>
      <ManufactureCountry />
      <ManufactureItemDescription />
      <UnitQty>יח`</UnitQty>
      <Quantity>7.50</Quantity>
      <UnitMeasure>100 מ"ל</UnitMeasure>
      <BisWeighted>0</BisWeighted>
      <QtyInPackage>1</QtyInPackage>
      <ItemPrice>19.90</ItemPrice>
      <UnitOfMeasurePrice>2.65</UnitOfMeasurePrice>
      <AllowDiscount>0</AllowDiscount>
      <itemStatus>1</itemStatus>
      <LastUpdateDate />
      <LastUpdateTime />
    </Product>
    <Product>
      <PriceUpdateDate>2018/07/29 16:14</PriceUpdateDate>
      <ItemCode>8719128110325</ItemCode>
      <ItemType>1</ItemType>
      <ItemName>סירופ לימונדה 500 מל סודה סטרים</ItemName>
      <ManufactureName>סודהסטרים ישראל בעמ</ManufactureName>
      <ManufactureCountry />
      <ManufactureItemDescription />
      <UnitQty>יח`</UnitQty>
      <Quantity>5</Quantity>
      <UnitMeasure>100 מ"ל</UnitMeasure>
      <BisWeighted>0</BisWeighted>
      <QtyInPackage>1</QtyInPackage>
      <ItemPrice>19.90</ItemPrice>
      <UnitOfMeasurePrice>3.98</UnitOfMeasurePrice>
      <AllowDiscount>1</AllowDiscount>
      <itemStatus>1</itemStatus>
      <LastUpdateDate />
      <LastUpdateTime />
    </Product>
    <Product>
      <PriceUpdateDate>2018/07/29 16:14</PriceUpdateDate>
      <ItemCode>8719128110349</ItemCode>
      <ItemType>1</ItemType>
      <ItemName>סירופ פטל ופירות יער 500 מל סודה סטרים</ItemName>
      <ManufactureName>סודהסטרים ישראל בעמ</ManufactureName>
      <ManufactureCountry />
      <ManufactureItemDescription />
      <UnitQty>יח`</UnitQty>
      <Quantity>5</Quantity>
      <UnitMeasure>100 מ"ל</UnitMeasure>
      <BisWeighted>0</BisWeighted>
      <QtyInPackage>1</QtyInPackage>
      <ItemPrice>19.90</ItemPrice>
      <UnitOfMeasurePrice>3.98</UnitOfMeasurePrice>
      <AllowDiscount>1</AllowDiscount>
      <itemStatus>1</itemStatus>
      <LastUpdateDate />
      <LastUpdateTime />
    </Product>
    <Product>
      <PriceUpdateDate>2018/07/29 16:14</PriceUpdateDate>
      <ItemCode>8719128110370</ItemCode>
      <ItemType>1</ItemType>
      <ItemName>סירופ תפוז 500 מל סודה סטרים</ItemName>
      <ManufactureName>סודהסטרים ישראל בעמ</ManufactureName>
      <ManufactureCountry />
      <ManufactureItemDescription />
      <UnitQty>יח`</UnitQty>
      <Quantity>5</Quantity>
      <UnitMeasure>100 מ"ל</UnitMeasure>
      <BisWeighted>0</BisWeighted>
      <QtyInPackage>1</QtyInPackage>
      <ItemPrice>19.90</ItemPrice>
      <UnitOfMeasurePrice>3.98</UnitOfMeasurePrice>
      <AllowDiscount>1</AllowDiscount>
      <itemStatus>1</itemStatus>
      <LastUpdateDate />
      <LastUpdateTime />
    </Product>
    <Product>
      <PriceUpdateDate>2019/12/16 09:15</PriceUpdateDate>
      <ItemCode>8719200997998</ItemCode>
      <ItemType>1</ItemType>
      <ItemName>בלו בנד לבישול וטיגון 200 גר`</ItemName>
      <ManufactureName>דיפלומט היינץ</ManufactureName>
      <ManufactureCountry />
      <ManufactureItemDescription />
      <UnitQty>יח`</UnitQty>
      <Quantity>2</Quantity>
      <UnitMeasure>100 גרם</UnitMeasure>
      <BisWeighted>0</BisWeighted>
      <QtyInPackage>1</QtyInPackage>
      <ItemPrice>4.50</ItemPrice>
      <UnitOfMeasurePrice>2.25</UnitOfMeasurePrice>
      <AllowDiscount>0</AllowDiscount>
      <itemStatus>1</itemStatus>
      <LastUpdateDate />
      <LastUpdateTime />
    </Product>
    <Product>
      <PriceUpdateDate>2019/12/16 09:15</PriceUpdateDate>
      <ItemCode>8719200998001</ItemCode>
      <ItemType>1</ItemType>
      <ItemName>בלו בנד בלי מלח 250 גר`</ItemName>
      <ManufactureName>דיפלומט היינץ</ManufactureName>
      <ManufactureCountry />
      <ManufactureItemDescription />
      <UnitQty>יח`</UnitQty>
      <Quantity>2</Quantity>
      <UnitMeasure>100 גרם</UnitMeasure>
      <BisWeighted>0</BisWeighted>
      <QtyInPackage>1</QtyInPackage>
      <ItemPrice>4.50</ItemPrice>
      <UnitOfMeasurePrice>2.25</UnitOfMeasurePrice>
      <AllowDiscount>0</AllowDiscount>
      <itemStatus>1</itemStatus>
      <LastUpdateDate />
      <LastUpdateTime />
    </Product>
    <Product>
      <PriceUpdateDate>2019/12/16 09:15</PriceUpdateDate>
      <ItemCode>8719200998018</ItemCode>
      <ItemType>1</ItemType>
      <ItemName>מרגרינה מחמאה בטעם חמאה 200  גר`בלובנד</ItemName>
      <ManufactureName>דיפלומט היינץ</ManufactureName>
      <ManufactureCountry />
      <ManufactureItemDescription />
      <UnitQty>יח`</UnitQty>
      <Quantity>2</Quantity>
      <UnitMeasure>100 גרם</UnitMeasure>
      <BisWeighted>0</BisWeighted>
      <QtyInPackage>1</QtyInPackage>
      <ItemPrice>4.80</ItemPrice>
      <UnitOfMeasurePrice>2.40</UnitOfMeasurePrice>
      <AllowDiscount>0</AllowDiscount>
      <itemStatus>1</itemStatus>
      <LastUpdateDate />
      <LastUpdateTime />
    </Product>
    <Product>
      <PriceUpdateDate>2019/12/15 17:43</PriceUpdateDate>
      <ItemCode>8719200998032</ItemCode>
      <ItemType>1</ItemType>
      <ItemName>מרגרינה למריחה בטעם חמאה (250 גרם) מזולה</ItemName>
      <ManufactureName>דיפלומט היינץ</ManufactureName>
      <ManufactureCountry />
      <ManufactureItemDescription />
      <UnitQty>יח`</UnitQty>
      <Quantity>2.50</Quantity>
      <UnitMeasure>100 גרם</UnitMeasure>
      <BisWeighted>0</BisWeighted>
      <QtyInPackage>1</QtyInPackage>
      <ItemPrice>10.90</ItemPrice>
      <UnitOfMeasurePrice>4.36</UnitOfMeasurePrice>
      <AllowDiscount>0</AllowDiscount>
      <itemStatus>1</itemStatus>
      <LastUpdateDate />
      <LastUpdateTime />
    </Product>
    <Product>
      <PriceUpdateDate>2019/12/15 17:43</PriceUpdateDate>
      <ItemCode>8719200998049</ItemCode>
      <ItemType>1</ItemType>
      <ItemName>מרגרינה למריחה בטעם טבעי (250  גרם)מזולה</ItemName>
      <ManufactureName>דיפלומט היינץ</ManufactureName>
      <ManufactureCountry />
      <ManufactureItemDescription />
      <UnitQty>יח`</UnitQty>
      <Quantity>2.50</Quantity>
      <UnitMeasure>100 גרם</UnitMeasure>
      <BisWeighted>0</BisWeighted>
      <QtyInPackage>1</QtyInPackage>
      <ItemPrice>9.90</ItemPrice>
      <UnitOfMeasurePrice>3.96</UnitOfMeasurePrice>
      <AllowDiscount>0</AllowDiscount>
      <itemStatus>1</itemStatus>
      <LastUpdateDate />
      <LastUpdateTime />
    </Product>
    <Product>
      <PriceUpdateDate>2019/12/16 09:15</PriceUpdateDate>
      <ItemCode>8719200998070</ItemCode>
      <ItemType>1</ItemType>
      <ItemName>גולדבנד-מרגינה  חלבי 250  גר`בלובנד</ItemName>
      <ManufactureName>דיפלומט היינץ</ManufactureName>
      <ManufactureCountry />
      <ManufactureItemDescription />
      <UnitQty>יח`</UnitQty>
      <Quantity>2.50</Quantity>
      <UnitMeasure>100 גרם</UnitMeasure>
      <BisWeighted>0</BisWeighted>
      <QtyInPackage>1</QtyInPackage>
      <ItemPrice>8.50</ItemPrice>
      <UnitOfMeasurePrice>3.40</UnitOfMeasurePrice>
      <AllowDiscount>0</AllowDiscount>
      <itemStatus>1</itemStatus>
      <LastUpdateDate />
      <LastUpdateTime />
    </Product>
    <Product>
      <PriceUpdateDate>2019/12/15 17:43</PriceUpdateDate>
      <ItemCode>8719200998094</ItemCode>
      <ItemType>1</ItemType>
      <ItemName>מזולה אפייה ללא מלח 200 גר</ItemName>
      <ManufactureName>דיפלומט היינץ</ManufactureName>
      <ManufactureCountry />
      <ManufactureItemDescription />
      <UnitQty>יח`</UnitQty>
      <Quantity>2</Quantity>
      <UnitMeasure>100 גרם</UnitMeasure>
      <BisWeighted>0</BisWeighted>
      <QtyInPackage>1</QtyInPackage>
      <ItemPrice>6.90</ItemPrice>
      <UnitOfMeasurePrice>3.45</UnitOfMeasurePrice>
      <AllowDiscount>0</AllowDiscount>
      <itemStatus>1</itemStatus>
      <LastUpdateDate />
      <LastUpdateTime />
    </Product>
    <Product>
      <PriceUpdateDate>2018/04/24 11:44</PriceUpdateDate>
      <ItemCode>8723400756552</ItemCode>
      <ItemType>1</ItemType>
      <ItemName>מנטוס רביעיה</ItemName>
      <ManufactureName>ליימן שליסל בעמ</ManufactureName>
      <ManufactureCountry />
      <ManufactureItemDescription />
      <UnitQty>יח`</UnitQty>
      <Quantity>1</Quantity>
      <UnitMeasure />
      <BisWeighted>0</BisWeighted>
      <QtyInPackage>1</QtyInPackage>
      <ItemPrice>11.90</ItemPrice>
      <UnitOfMeasurePrice>11.90</UnitOfMeasurePrice>
      <AllowDiscount>0</AllowDiscount>
      <itemStatus>1</itemStatus>
      <LastUpdateDate />
      <LastUpdateTime />
    </Product>
    <Product>
      <PriceUpdateDate>2018/04/24 12:18</PriceUpdateDate>
      <ItemCode>8801005155236</ItemCode>
      <ItemType>1</ItemType>
      <ItemName>רוטב סויה טעמי אסיה (500 מל)</ItemName>
      <ManufactureName>טעמי אסיה בעמ</ManufactureName>
      <ManufactureCountry />
      <ManufactureItemDescription />
      <UnitQty>יח`</UnitQty>
      <Quantity>5</Quantity>
      <UnitMeasure>100 מ"ל</UnitMeasure>
      <BisWeighted>0</BisWeighted>
      <QtyInPackage>1</QtyInPackage>
      <ItemPrice>14.90</ItemPrice>
      <UnitOfMeasurePrice>2.98</UnitOfMeasurePrice>
      <AllowDiscount>0</AllowDiscount>
      <itemStatus>1</itemStatus>
      <LastUpdateDate />
      <LastUpdateTime />
    </Product>
    <Product>
      <PriceUpdateDate>2018/04/24 11:07</PriceUpdateDate>
      <ItemCode>8801055706952</ItemCode>
      <ItemType>1</ItemType>
      <ItemName>נס קפה קפוצ`ינו קרמל 170 גר`</ItemName>
      <ManufactureName>קבוצת אסם סחר שות. מוגבלת</ManufactureName>
      <ManufactureCountry />
      <ManufactureItemDescription />
      <UnitQty>יח`</UnitQty>
      <Quantity>1.70</Quantity>
      <UnitMeasure>100 גרם</UnitMeasure>
      <BisWeighted>0</BisWeighted>
      <QtyInPackage>1</QtyInPackage>
      <ItemPrice>20.90</ItemPrice>
      <UnitOfMeasurePrice>12.29</UnitOfMeasurePrice>
      <AllowDiscount>0</AllowDiscount>
      <itemStatus>1</itemStatus>
      <LastUpdateDate />
      <LastUpdateTime />
    </Product>
    <Product>
      <PriceUpdateDate>2019/04/08 14:54</PriceUpdateDate>
      <ItemCode>8801055707966</ItemCode>
      <ItemType>1</ItemType>
      <ItemName>קפה טייסטרס צ`ויס בריסטה נסקפה (180 גרם)</ItemName>
      <ManufactureName>קבוצת אסם סחר שות. מוגבלת</ManufactureName>
      <ManufactureCountry />
      <ManufactureItemDescription />
      <UnitQty>יח`</UnitQty>
      <Quantity>1.80</Quantity>
      <UnitMeasure>100 גרם</UnitMeasure>
      <BisWeighted>0</BisWeighted>
      <QtyInPackage>1</QtyInPackage>
      <ItemPrice>32.90</ItemPrice>
      <UnitOfMeasurePrice>18.28</UnitOfMeasurePrice>
      <AllowDiscount>0</AllowDiscount>
      <itemStatus>1</itemStatus>
      <LastUpdateDate />
      <LastUpdateTime />
    </Product>
    <Product>
      <PriceUpdateDate>2018/07/23 10:13</PriceUpdateDate>
      <ItemCode>8801055708772</ItemCode>
      <ItemType>1</ItemType>
      <ItemName>קפה נמס טייסטרס צ`ויס 200 גר + מילוי 50</ItemName>
      <ManufactureName>קבוצת אסם סחר שות. מוגבלת</ManufactureName>
      <ManufactureCountry />
      <ManufactureItemDescription />
      <UnitQty>יח`</UnitQty>
      <Quantity>2.50</Quantity>
      <UnitMeasure>100 גרם</UnitMeasure>
      <BisWeighted>0</BisWeighted>
      <QtyInPackage>1</QtyInPackage>
      <ItemPrice>29.90</ItemPrice>
      <UnitOfMeasurePrice>11.96</UnitOfMeasurePrice>
      <AllowDiscount>0</AllowDiscount>
      <itemStatus>1</itemStatus>
      <LastUpdateDate />
      <LastUpdateTime />
    </Product>
    <Product>
      <PriceUpdateDate>2018/04/24 13:08</PriceUpdateDate>
      <ItemCode>8802241131664</ItemCode>
      <ItemType>1</ItemType>
      <ItemName>חטיף אצות ים קלויות 9 יח עם מלח</ItemName>
      <ManufactureName>טעמי אסיה בעמ</ManufactureName>
      <ManufactureCountry />
      <ManufactureItemDescription />
      <UnitQty>יח`</UnitQty>
      <Quantity>0.4050</Quantity>
      <UnitMeasure>100 גרם</UnitMeasure>
      <BisWeighted>0</BisWeighted>
      <QtyInPackage>1</QtyInPackage>
      <ItemPrice>27.90</ItemPrice>
      <UnitOfMeasurePrice>68.89</UnitOfMeasurePrice>
      <AllowDiscount>0</AllowDiscount>
      <itemStatus>1</itemStatus>
      <LastUpdateDate />
      <LastUpdateTime />
    </Product>
    <Product>
      <PriceUpdateDate>2019/02/20 15:05</PriceUpdateDate>
      <ItemCode>8850389103111</ItemCode>
      <ItemType>1</ItemType>
      <ItemName>סאפה 300 מל אלוורה ענבים</ItemName>
      <ManufactureName>טמפו משקאות בעמ</ManufactureName>
      <ManufactureCountry />
      <ManufactureItemDescription />
      <UnitQty>יח`</UnitQty>
      <Quantity>3</Quantity>
      <UnitMeasure>100 מ"ל</UnitMeasure>
      <BisWeighted>0</BisWeighted>
      <QtyInPackage>1</QtyInPackage>
      <ItemPrice>6.90</ItemPrice>
      <UnitOfMeasurePrice>2.20</UnitOfMeasurePrice>
      <AllowDiscount>1</AllowDiscount>
      <itemStatus>1</itemStatus>
      <LastUpdateDate />
      <LastUpdateTime />
    </Product>
    <Product>
      <PriceUpdateDate>2019/02/20 15:05</PriceUpdateDate>
      <ItemCode>8850389103128</ItemCode>
      <ItemType>1</ItemType>
      <ItemName>סאפה 300 מל אלוורה תפוח</ItemName>
      <ManufactureName>טמפו משקאות בעמ</ManufactureName>
      <ManufactureCountry />
      <ManufactureItemDescription />
      <UnitQty>יח`</UnitQty>
      <Quantity>3</Quantity>
      <UnitMeasure>100 מ"ל</UnitMeasure>
      <BisWeighted>0</BisWeighted>
      <QtyInPackage>1</QtyInPackage>
      <ItemPrice>6.90</ItemPrice>
      <UnitOfMeasurePrice>2.20</UnitOfMeasurePrice>
      <AllowDiscount>1</AllowDiscount>
      <itemStatus>1</itemStatus>
      <LastUpdateDate />
      <LastUpdateTime />
    </Product>
    <Product>
      <PriceUpdateDate>2018/07/08 10:38</PriceUpdateDate>
      <ItemCode>8850389105825</ItemCode>
      <ItemType>1</ItemType>
      <ItemName>משקה אלוורה ענבים סאפה (1 ליטר)</ItemName>
      <ManufactureName>טמפו משקאות בעמ</ManufactureName>
      <ManufactureCountry />
      <ManufactureItemDescription />
      <UnitQty>יח`</UnitQty>
      <Quantity>1</Quantity>
      <UnitMeasure>1 ליטר</UnitMeasure>
      <BisWeighted>0</BisWeighted>
      <QtyInPackage>1</QtyInPackage>
      <ItemPrice>11.90</ItemPrice>
      <UnitOfMeasurePrice>11.90</UnitOfMeasurePrice>
      <AllowDiscount>0</AllowDiscount>
      <itemStatus>1</itemStatus>
      <LastUpdateDate />
      <LastUpdateTime />
    </Product>
    <Product>
      <PriceUpdateDate>2018/07/08 10:38</PriceUpdateDate>
      <ItemCode>8850389105849</ItemCode>
      <ItemType>1</ItemType>
      <ItemName>משקה אלוורה אפרסק סאפה (1 ליטר)</ItemName>
      <ManufactureName>טמפו משקאות בעמ</ManufactureName>
      <ManufactureCountry />
      <ManufactureItemDescription />
      <UnitQty>יח`</UnitQty>
      <Quantity>1</Quantity>
      <UnitMeasure>1 ליטר</UnitMeasure>
      <BisWeighted>0</BisWeighted>
      <QtyInPackage>1</QtyInPackage>
      <ItemPrice>11.90</ItemPrice>
      <UnitOfMeasurePrice>11.90</UnitOfMeasurePrice>
      <AllowDiscount>0</AllowDiscount>
      <itemStatus>1</itemStatus>
      <LastUpdateDate />
      <LastUpdateTime />
    </Product>
    <Product>
      <PriceUpdateDate>2019/02/20 15:05</PriceUpdateDate>
      <ItemCode>8850389115312</ItemCode>
      <ItemType>1</ItemType>
      <ItemName>סאפה 300 מל אלוורה מלון</ItemName>
      <ManufactureName>טמפו משקאות בעמ</ManufactureName>
      <ManufactureCountry />
      <ManufactureItemDescription />
      <UnitQty>יח`</UnitQty>
      <Quantity>3</Quantity>
      <UnitMeasure>100 מ"ל</UnitMeasure>
      <BisWeighted>0</BisWeighted>
      <QtyInPackage>1</QtyInPackage>
      <ItemPrice>6.90</ItemPrice>
      <UnitOfMeasurePrice>2.20</UnitOfMeasurePrice>
      <AllowDiscount>1</AllowDiscount>
      <itemStatus>1</itemStatus>
      <LastUpdateDate />
      <LastUpdateTime />
    </Product>
    <Product>
      <PriceUpdateDate>2018/07/08 10:38</PriceUpdateDate>
      <ItemCode>8850389115336</ItemCode>
      <ItemType>1</ItemType>
      <ItemName>משקה אלוורה מלון סאפה (1 ליטר)</ItemName>
      <ManufactureName>טמפו משקאות בעמ</ManufactureName>
      <ManufactureCountry />
      <ManufactureItemDescription />
      <UnitQty>יח`</UnitQty>
      <Quantity>1</Quantity>
      <UnitMeasure>1 ליטר</UnitMeasure>
      <BisWeighted>0</BisWeighted>
      <QtyInPackage>1</QtyInPackage>
      <ItemPrice>11.90</ItemPrice>
      <UnitOfMeasurePrice>11.90</UnitOfMeasurePrice>
      <AllowDiscount>0</AllowDiscount>
      <itemStatus>1</itemStatus>
      <LastUpdateDate />
      <LastUpdateTime />
    </Product>
    <Product>
      <PriceUpdateDate>2018/04/24 09:35</PriceUpdateDate>
      <ItemCode>8850632604259</ItemCode>
      <ItemType>1</ItemType>
      <ItemName>יוגטה חמצוצים מקלות 50 גר`</ItemName>
      <ManufactureName>ליימן שליסל בעמ</ManufactureName>
      <ManufactureCountry />
      <ManufactureItemDescription />
      <UnitQty>יח`</UnitQty>
      <Quantity>0.50</Quantity>
      <UnitMeasure>100 גרם</UnitMeasure>
      <BisWeighted>0</BisWeighted>
      <QtyInPackage>1</QtyInPackage>
      <ItemPrice>3.90</ItemPrice>
      <UnitOfMeasurePrice>7.80</UnitOfMeasurePrice>
      <AllowDiscount>1</AllowDiscount>
      <itemStatus>1</itemStatus>
      <LastUpdateDate />
      <LastUpdateTime />
    </Product>
    <Product>
      <PriceUpdateDate>2018/04/24 09:35</PriceUpdateDate>
      <ItemCode>8850632604266</ItemCode>
      <ItemType>1</ItemType>
      <ItemName>חיספוסים מקלות בטעם קולה יוגטה (50 גרם)</ItemName>
      <ManufactureName>ליימן שליסל בעמ</ManufactureName>
      <ManufactureCountry />
      <ManufactureItemDescription />
      <UnitQty>יח`</UnitQty>
      <Quantity>0.50</Quantity>
      <UnitMeasure>100 גרם</UnitMeasure>
      <BisWeighted>0</BisWeighted>
      <QtyInPackage>1</QtyInPackage>
      <ItemPrice>3.90</ItemPrice>
      <UnitOfMeasurePrice>7.80</UnitOfMeasurePrice>
      <AllowDiscount>1</AllowDiscount>
      <itemStatus>1</itemStatus>
      <LastUpdateDate />
      <LastUpdateTime />
    </Product>
    <Product>
      <PriceUpdateDate>2018/04/24 09:36</PriceUpdateDate>
      <ItemCode>8850632605201</ItemCode>
      <ItemType>1</ItemType>
      <ItemName>יוגטה חמצוצים 50 גר`</ItemName>
      <ManufactureName>ליימן שליסל בעמ</ManufactureName>
      <ManufactureCountry />
      <ManufactureItemDescription />
      <UnitQty>יח`</UnitQty>
      <Quantity>0.50</Quantity>
      <UnitMeasure>100 גרם</UnitMeasure>
      <BisWeighted>0</BisWeighted>
      <QtyInPackage>1</QtyInPackage>
      <ItemPrice>3.90</ItemPrice>
      <UnitOfMeasurePrice>7.80</UnitOfMeasurePrice>
      <AllowDiscount>1</AllowDiscount>
      <itemStatus>1</itemStatus>
      <LastUpdateDate />
      <LastUpdateTime />
    </Product>
    <Product>
      <PriceUpdateDate>2018/04/24 11:34</PriceUpdateDate>
      <ItemCode>8850632606390</ItemCode>
      <ItemType>1</ItemType>
      <ItemName>חיספוסים מקלות בטעם אבטיח יוגטה (50 גרם)</ItemName>
      <ManufactureName>ליימן שליסל בעמ</ManufactureName>
      <ManufactureCountry />
      <ManufactureItemDescription />
      <UnitQty>יח`</UnitQty>
      <Quantity>0.50</Quantity>
      <UnitMeasure>100 גרם</UnitMeasure>
      <BisWeighted>0</BisWeighted>
      <QtyInPackage>1</QtyInPackage>
      <ItemPrice>3.90</ItemPrice>
      <UnitOfMeasurePrice>7.80</UnitOfMeasurePrice>
      <AllowDiscount>1</AllowDiscount>
      <itemStatus>1</itemStatus>
      <LastUpdateDate />
      <LastUpdateTime />
    </Product>
    <Product>
      <PriceUpdateDate>2018/10/15 09:25</PriceUpdateDate>
      <ItemCode>8852111025470</ItemCode>
      <ItemType>1</ItemType>
      <ItemName>טונה פסיפיקו בשמ</ItemName>
      <ManufactureName>זקארי יבוא ויצוא בעמ</ManufactureName>
      <ManufactureCountry />
      <ManufactureItemDescription />
      <UnitQty>יח`</UnitQty>
      <Quantity>2.85</Quantity>
      <UnitMeasure>100 גרם</UnitMeasure>
      <BisWeighted>0</BisWeighted>
      <QtyInPackage>1</QtyInPackage>
      <ItemPrice>9.90</ItemPrice>
      <UnitOfMeasurePrice>3.47</UnitOfMeasurePrice>
      <AllowDiscount>0</AllowDiscount>
      <itemStatus>1</itemStatus>
      <LastUpdateDate />
      <LastUpdateTime />
    </Product>
    <Product>
      <PriceUpdateDate>2018/04/24 12:39</PriceUpdateDate>
      <ItemCode>8852633119039</ItemCode>
      <ItemType>1</ItemType>
      <ItemName>רוטב דגים 300  מל- כשר</ItemName>
      <ManufactureName>טעמי אסיה בעמ</ManufactureName>
      <ManufactureCountry />
      <ManufactureItemDescription />
      <UnitQty>יח`</UnitQty>
      <Quantity>3</Quantity>
      <UnitMeasure>100 מ"ל</UnitMeasure>
      <BisWeighted>0</BisWeighted>
      <QtyInPackage>1</QtyInPackage>
      <ItemPrice>9.90</ItemPrice>
      <UnitOfMeasurePrice>3.30</UnitOfMeasurePrice>
      <AllowDiscount>0</AllowDiscount>
      <itemStatus>1</itemStatus>
      <LastUpdateDate />
      <LastUpdateTime />
    </Product>
    <Product>
      <PriceUpdateDate>2019/01/30 09:36</PriceUpdateDate>
      <ItemCode>8857101301008</ItemCode>
      <ItemType>1</ItemType>
      <ItemName>רוטב צ`ילי מתוק וילי פוד (700 מל)</ItemName>
      <ManufactureName>ג.וילי-פוד אינטרנשיונל בעמ</ManufactureName>
      <ManufactureCountry />
      <ManufactureItemDescription />
      <UnitQty>יח`</UnitQty>
      <Quantity>7</Quantity>
      <UnitMeasure>100 מ"ל</UnitMeasure>
      <BisWeighted>0</BisWeighted>
      <QtyInPackage>1</QtyInPackage>
      <ItemPrice>9.80</ItemPrice>
      <UnitOfMeasurePrice>1.40</UnitOfMeasurePrice>
      <AllowDiscount>1</AllowDiscount>
      <itemStatus>1</itemStatus>
      <LastUpdateDate />
      <LastUpdateTime />
    </Product>
    <Product>
      <PriceUpdateDate>2020/03/29 13:44</PriceUpdateDate>
      <ItemCode>8888021200256</ItemCode>
      <ItemType>1</ItemType>
      <ItemName>סוללות אנרג ייזר-שמיניה</ItemName>
      <ManufactureName>דנשר (1963) בעמ</ManufactureName>
      <ManufactureCountry />
      <ManufactureItemDescription />
      <UnitQty>יח`</UnitQty>
      <Quantity>1</Quantity>
      <UnitMeasure />
      <BisWeighted>0</BisWeighted>
      <QtyInPackage>1</QtyInPackage>
      <ItemPrice>24.90</ItemPrice>
      <UnitOfMeasurePrice>24.90</UnitOfMeasurePrice>
      <AllowDiscount>0</AllowDiscount>
      <itemStatus>1</itemStatus>
      <LastUpdateDate />
      <LastUpdateTime />
    </Product>
    <Product>
      <PriceUpdateDate>2020/03/29 13:44</PriceUpdateDate>
      <ItemCode>8888021200720</ItemCode>
      <ItemType>1</ItemType>
      <ItemName>סוללות אנרג ייזר-שמיניה</ItemName>
      <ManufactureName>דנשר (1963) בעמ</ManufactureName>
      <ManufactureCountry />
      <ManufactureItemDescription />
      <UnitQty>יח`</UnitQty>
      <Quantity>1</Quantity>
      <UnitMeasure />
      <BisWeighted>0</BisWeighted>
      <QtyInPackage>1</QtyInPackage>
      <ItemPrice>24.90</ItemPrice>
      <UnitOfMeasurePrice>24.90</UnitOfMeasurePrice>
      <AllowDiscount>0</AllowDiscount>
      <itemStatus>1</itemStatus>
      <LastUpdateDate />
      <LastUpdateTime />
    </Product>
    <Product>
      <PriceUpdateDate>2019/05/16 15:06</PriceUpdateDate>
      <ItemCode>8888021206258</ItemCode>
      <ItemType>1</ItemType>
      <ItemName>סוללות אנרג`י 4+8 maxAAA</ItemName>
      <ManufactureName>דנשר (1963) בעמ</ManufactureName>
      <ManufactureCountry />
      <ManufactureItemDescription />
      <UnitQty>יח`</UnitQty>
      <Quantity>1</Quantity>
      <UnitMeasure />
      <BisWeighted>0</BisWeighted>
      <QtyInPackage>1</QtyInPackage>
      <ItemPrice>26.90</ItemPrice>
      <UnitOfMeasurePrice>26.90</UnitOfMeasurePrice>
      <AllowDiscount>0</AllowDiscount>
      <itemStatus>1</itemStatus>
      <LastUpdateDate />
      <LastUpdateTime />
    </Product>
    <Product>
      <PriceUpdateDate>2019/07/24 10:10</PriceUpdateDate>
      <ItemCode>8901483010482</ItemCode>
      <ItemType>1</ItemType>
      <ItemName>מלפפונים בחומץ 690 גר` יורוסטנדרט</ItemName>
      <ManufactureName>יורוסטנדרט בעמ</ManufactureName>
      <ManufactureCountry />
      <ManufactureItemDescription />
      <UnitQty>יח`</UnitQty>
      <Quantity>6.90</Quantity>
      <UnitMeasure>100 גרם</UnitMeasure>
      <BisWeighted>0</BisWeighted>
      <QtyInPackage>1</QtyInPackage>
      <ItemPrice>8.90</ItemPrice>
      <UnitOfMeasurePrice>1.29</UnitOfMeasurePrice>
      <AllowDiscount>1</AllowDiscount>
      <itemStatus>1</itemStatus>
      <LastUpdateDate />
      <LastUpdateTime />
    </Product>
    <Product>
      <PriceUpdateDate>2018/04/24 10:18</PriceUpdateDate>
      <ItemCode>8901483010505</ItemCode>
      <ItemType>1</ItemType>
      <ItemName>קורנישון בחומץ כפרי וביתי (690 גרם)</ItemName>
      <ManufactureName>יורוסטנדרט בעמ</ManufactureName>
      <ManufactureCountry />
      <ManufactureItemDescription />
      <UnitQty>יח`</UnitQty>
      <Quantity>6.90</Quantity>
      <UnitMeasure>100 גרם</UnitMeasure>
      <BisWeighted>0</BisWeighted>
      <QtyInPackage>1</QtyInPackage>
      <ItemPrice>8.90</ItemPrice>
      <UnitOfMeasurePrice>1.29</UnitOfMeasurePrice>
      <AllowDiscount>1</AllowDiscount>
      <itemStatus>1</itemStatus>
      <LastUpdateDate />
      <LastUpdateTime />
    </Product>
    <Product>
      <PriceUpdateDate>2018/04/24 09:22</PriceUpdateDate>
      <ItemCode>8901537024014</ItemCode>
      <ItemType>1</ItemType>
      <ItemName>אורז בסמטי דאווט וילי פוד (1 קג)</ItemName>
      <ManufactureName>ג.וילי-פוד אינטרנשיונל בעמ</ManufactureName>
      <ManufactureCountry />
      <ManufactureItemDescription />
      <UnitQty>יח`</UnitQty>
      <Quantity>10</Quantity>
      <UnitMeasure>100 גרם</UnitMeasure>
      <BisWeighted>0</BisWeighted>
      <QtyInPackage>1</QtyInPackage>
      <ItemPrice>12.90</ItemPrice>
      <UnitOfMeasurePrice>1.29</UnitOfMeasurePrice>
      <AllowDiscount>0</AllowDiscount>
      <itemStatus>1</itemStatus>
      <LastUpdateDate />
      <LastUpdateTime />
    </Product>
    <Product>
      <PriceUpdateDate>2019/11/10 14:29</PriceUpdateDate>
      <ItemCode>8906009801575</ItemCode>
      <ItemType>1</ItemType>
      <ItemName>גליליות וופל במילוי קרם אגוזי לוז 100 גר</ItemName>
      <ManufactureName>אבאל יזמות בעמ</ManufactureName>
      <ManufactureCountry />
      <ManufactureItemDescription />
      <UnitQty>יח`</UnitQty>
      <Quantity>1</Quantity>
      <UnitMeasure>100 גרם</UnitMeasure>
      <BisWeighted>0</BisWeighted>
      <QtyInPackage>1</QtyInPackage>
      <ItemPrice>3.90</ItemPrice>
      <UnitOfMeasurePrice>3.90</UnitOfMeasurePrice>
      <AllowDiscount>1</AllowDiscount>
      <itemStatus>1</itemStatus>
      <LastUpdateDate />
      <LastUpdateTime />
    </Product>
    <Product>
      <PriceUpdateDate>2019/07/10 10:03</PriceUpdateDate>
      <ItemCode>8906064282371</ItemCode>
      <ItemType>1</ItemType>
      <ItemName>עוגיות חמאה בפח 340 גר` AVEL</ItemName>
      <ManufactureName>אבאל יזמות בעמ</ManufactureName>
      <ManufactureCountry />
      <ManufactureItemDescription />
      <UnitQty>יח`</UnitQty>
      <Quantity>3.40</Quantity>
      <UnitMeasure>100 גרם</UnitMeasure>
      <BisWeighted>0</BisWeighted>
      <QtyInPackage>1</QtyInPackage>
      <ItemPrice>11.90</ItemPrice>
      <UnitOfMeasurePrice>3.50</UnitOfMeasurePrice>
      <AllowDiscount>1</AllowDiscount>
      <itemStatus>1</itemStatus>
      <LastUpdateDate />
      <LastUpdateTime />
    </Product>
    <Product>
      <PriceUpdateDate>2019/08/22 13:13</PriceUpdateDate>
      <ItemCode>8938505846019</ItemCode>
      <ItemType>1</ItemType>
      <ItemName>דפי אורז 250 גר`</ItemName>
      <ManufactureName>דין שיווק וקליה בעמ</ManufactureName>
      <ManufactureCountry />
      <ManufactureItemDescription />
      <UnitQty>יח`</UnitQty>
      <Quantity>2.50</Quantity>
      <UnitMeasure>100 גרם</UnitMeasure>
      <BisWeighted>0</BisWeighted>
      <QtyInPackage>1</QtyInPackage>
      <ItemPrice>9.90</ItemPrice>
      <UnitOfMeasurePrice>3.96</UnitOfMeasurePrice>
      <AllowDiscount>0</AllowDiscount>
      <itemStatus>1</itemStatus>
      <LastUpdateDate />
      <LastUpdateTime />
    </Product>
    <Product>
      <PriceUpdateDate>2018/09/17 09:56</PriceUpdateDate>
      <ItemCode>9001616702877</ItemCode>
      <ItemType>1</ItemType>
      <ItemName>מוצצים 16+ סיליקון -בת (ורוד)</ItemName>
      <ManufactureName>אלפא קוסמטיקה בעמ</ManufactureName>
      <ManufactureCountry />
      <ManufactureItemDescription />
      <UnitQty>יח`</UnitQty>
      <Quantity>1</Quantity>
      <UnitMeasure />
      <BisWeighted>0</BisWeighted>
      <QtyInPackage>1</QtyInPackage>
      <ItemPrice>39.90</ItemPrice>
      <UnitOfMeasurePrice>39.90</UnitOfMeasurePrice>
      <AllowDiscount>0</AllowDiscount>
      <itemStatus>1</itemStatus>
      <LastUpdateDate />
      <LastUpdateTime />
    </Product>
    <Product>
      <PriceUpdateDate>2018/04/24 12:43</PriceUpdateDate>
      <ItemCode>9310072028743</ItemCode>
      <ItemType>1</ItemType>
      <ItemName>חטיף שוקולד אורגינל טים טם (200 גרם)</ItemName>
      <ManufactureName>משה סידס ובנו בעמ</ManufactureName>
      <ManufactureCountry />
      <ManufactureItemDescription />
      <UnitQty>יח`</UnitQty>
      <Quantity>2</Quantity>
      <UnitMeasure>100 גרם</UnitMeasure>
      <BisWeighted>0</BisWeighted>
      <QtyInPackage>1</QtyInPackage>
      <ItemPrice>20.90</ItemPrice>
      <UnitOfMeasurePrice>10.45</UnitOfMeasurePrice>
      <AllowDiscount>1</AllowDiscount>
      <itemStatus>1</itemStatus>
      <LastUpdateDate />
      <LastUpdateTime />
    </Product>
    <Product>
      <PriceUpdateDate>2018/04/24 12:35</PriceUpdateDate>
      <ItemCode>9310072028750</ItemCode>
      <ItemType>1</ItemType>
      <ItemName>חטיף שוקולד דאבל קרם טים טם (200 גרם)</ItemName>
      <ManufactureName>משה סידס ובנו בעמ</ManufactureName>
      <ManufactureCountry />
      <ManufactureItemDescription />
      <UnitQty>יח`</UnitQty>
      <Quantity>2</Quantity>
      <UnitMeasure>100 גרם</UnitMeasure>
      <BisWeighted>0</BisWeighted>
      <QtyInPackage>1</QtyInPackage>
      <ItemPrice>20.90</ItemPrice>
      <UnitOfMeasurePrice>10.45</UnitOfMeasurePrice>
      <AllowDiscount>1</AllowDiscount>
      <itemStatus>1</itemStatus>
      <LastUpdateDate />
      <LastUpdateTime />
    </Product>
    <Product>
      <PriceUpdateDate>2019/01/07 10:57</PriceUpdateDate>
      <ItemCode>9322969000015</ItemCode>
      <ItemType>1</ItemType>
      <ItemName>פריכיות תירס 150 גר`</ItemName>
      <ManufactureName>דנשר (1963) בעמ</ManufactureName>
      <ManufactureCountry />
      <ManufactureItemDescription />
      <UnitQty>יח`</UnitQty>
      <Quantity>1.50</Quantity>
      <UnitMeasure>100 גרם</UnitMeasure>
      <BisWeighted>0</BisWeighted>
      <QtyInPackage>1</QtyInPackage>
      <ItemPrice>13.90</ItemPrice>
      <UnitOfMeasurePrice>9.27</UnitOfMeasurePrice>
      <AllowDiscount>0</AllowDiscount>
      <itemStatus>1</itemStatus>
      <LastUpdateDate />
      <LastUpdateTime />
    </Product>
    <Product>
      <PriceUpdateDate>2019/01/07 10:57</PriceUpdateDate>
      <ItemCode>9322969000022</ItemCode>
      <ItemType>1</ItemType>
      <ItemName>פריכיות תירס 150 גר`</ItemName>
      <ManufactureName>דנשר (1963) בעמ</ManufactureName>
      <ManufactureCountry />
      <ManufactureItemDescription />
      <UnitQty>יח`</UnitQty>
      <Quantity>1.50</Quantity>
      <UnitMeasure>100 גרם</UnitMeasure>
      <BisWeighted>0</BisWeighted>
      <QtyInPackage>1</QtyInPackage>
      <ItemPrice>13.90</ItemPrice>
      <UnitOfMeasurePrice>9.27</UnitOfMeasurePrice>
      <AllowDiscount>0</AllowDiscount>
      <itemStatus>1</itemStatus>
      <LastUpdateDate />
      <LastUpdateTime />
    </Product>
    <Product>
      <PriceUpdateDate>2018/09/07 10:04</PriceUpdateDate>
      <ItemCode>9322969000039</ItemCode>
      <ItemType>1</ItemType>
      <ItemName>פריכיות תירס עם ארבע דגנים מלאים 150 גר`</ItemName>
      <ManufactureName>דנשר (1963) בעמ</ManufactureName>
      <ManufactureCountry />
      <ManufactureItemDescription />
      <UnitQty>יח`</UnitQty>
      <Quantity>1.50</Quantity>
      <UnitMeasure>100 גרם</UnitMeasure>
      <BisWeighted>0</BisWeighted>
      <QtyInPackage>1</QtyInPackage>
      <ItemPrice>13.90</ItemPrice>
      <UnitOfMeasurePrice>9.27</UnitOfMeasurePrice>
      <AllowDiscount>0</AllowDiscount>
      <itemStatus>1</itemStatus>
      <LastUpdateDate />
      <LastUpdateTime />
    </Product>
    <Product>
      <PriceUpdateDate>2019/01/07 10:57</PriceUpdateDate>
      <ItemCode>9322969000046</ItemCode>
      <ItemType>1</ItemType>
      <ItemName>פריכיות תירס 150 גר`</ItemName>
      <ManufactureName>דנשר (1963) בעמ</ManufactureName>
      <ManufactureCountry />
      <ManufactureItemDescription />
      <UnitQty>יח`</UnitQty>
      <Quantity>1.50</Quantity>
      <UnitMeasure>100 גרם</UnitMeasure>
      <BisWeighted>0</BisWeighted>
      <QtyInPackage>1</QtyInPackage>
      <ItemPrice>13.90</ItemPrice>
      <UnitOfMeasurePrice>9.27</UnitOfMeasurePrice>
      <AllowDiscount>0</AllowDiscount>
      <itemStatus>1</itemStatus>
      <LastUpdateDate />
      <LastUpdateTime />
    </Product>
    <Product>
      <PriceUpdateDate>2019/01/07 10:57</PriceUpdateDate>
      <ItemCode>9720188050109</ItemCode>
      <ItemType>1</ItemType>
      <ItemName>גבינת טופו בטעמים צוריאל</ItemName>
      <ManufactureName>החב` המרכזית - טרה</ManufactureName>
      <ManufactureCountry />
      <ManufactureItemDescription />
      <UnitQty>יח`</UnitQty>
      <Quantity>2.27</Quantity>
      <UnitMeasure>100 גרם</UnitMeasure>
      <BisWeighted>0</BisWeighted>
      <QtyInPackage>1</QtyInPackage>
      <ItemPrice>21.40</ItemPrice>
      <UnitOfMeasurePrice>9.43</UnitOfMeasurePrice>
      <AllowDiscount>0</AllowDiscount>
      <itemStatus>1</itemStatus>
      <LastUpdateDate />
      <LastUpdateTime />
    </Product>
    <Product>
      <PriceUpdateDate>2019/01/07 10:57</PriceUpdateDate>
      <ItemCode>9720188060108</ItemCode>
      <ItemType>1</ItemType>
      <ItemName>שמנת טופו צוריאל</ItemName>
      <ManufactureName>החב` המרכזית - טרה</ManufactureName>
      <ManufactureCountry />
      <ManufactureItemDescription />
      <UnitQty>יח`</UnitQty>
      <Quantity>3.40</Quantity>
      <UnitMeasure>100 גרם</UnitMeasure>
      <BisWeighted>0</BisWeighted>
      <QtyInPackage>1</QtyInPackage>
      <ItemPrice>21.40</ItemPrice>
      <UnitOfMeasurePrice>6.29</UnitOfMeasurePrice>
      <AllowDiscount>0</AllowDiscount>
      <itemStatus>1</itemStatus>
      <LastUpdateDate />
      <LastUpdateTime />
    </Product>
  </Products>
</Prices>