<?xml version="1.0" encoding="utf-8"?>
<Prices>
  <ChainID>7290696200003</ChainID>
  <SubChainID>001</SubChainID>
  <StoreID>052</StoreID>
  <BikoretNo>000</BikoretNo>
  <Products>
    <Product>
      <PriceUpdateDate>2020/05/03 13:14</PriceUpdateDate>
      <ItemCode>2009</ItemCode>
      <ItemType>0</ItemType>
      <ItemName>בננות</ItemName>
      <ManufactureName>גליל שוק מקומי אגשח בעמ</ManufactureName>
      <ManufactureCountry />
      <ManufactureItemDescription />
      <UnitQty>ק"ג</UnitQty>
      <Quantity>1</Quantity>
      <UnitMeasure />
      <BisWeighted>1</BisWeighted>
      <QtyInPackage>1</QtyInPackage>
      <ItemPrice>6.90</ItemPrice>
      <UnitOfMeasurePrice>6.90</UnitOfMeasurePrice>
      <AllowDiscount>1</AllowDiscount>
      <itemStatus>1</itemStatus>
      <LastUpdateDate />
      <LastUpdateTime />
    </Product>
    <Product>
      <PriceUpdateDate>2018/11/25 10:32</PriceUpdateDate>
      <ItemCode>23489</ItemCode>
      <ItemType>0</ItemType>
      <ItemName>דג סלמון נורבגי טרי שלם - נקי</ItemName>
      <ManufactureName>מאסטרפוד בעמ</ManufactureName>
      <ManufactureCountry />
      <ManufactureItemDescription />
      <UnitQty>ק"ג</UnitQty>
      <Quantity>100</Quantity>
      <UnitMeasure>גרם</UnitMeasure>
      <BisWeighted>1</BisWeighted>
      <QtyInPackage>1</QtyInPackage>
      <ItemPrice>59.90</ItemPrice>
      <UnitOfMeasurePrice>59.90</UnitOfMeasurePrice>
      <AllowDiscount>1</AllowDiscount>
      <itemStatus>1</itemStatus>
      <LastUpdateDate />
      <LastUpdateTime />
    </Product>
    <Product>
      <PriceUpdateDate>2020/05/04 08:13</PriceUpdateDate>
      <ItemCode>47485</ItemCode>
      <ItemType>0</ItemType>
      <ItemName>בולגרית 24% פח 3  קג`תנובה</ItemName>
      <ManufactureName>תנובה - חלב</ManufactureName>
      <ManufactureCountry />
      <ManufactureItemDescription />
      <UnitQty>ק"ג</UnitQty>
      <Quantity>1000</Quantity>
      <UnitMeasure>גרם</UnitMeasure>
      <BisWeighted>1</BisWeighted>
      <QtyInPackage>1</QtyInPackage>
      <ItemPrice>50</ItemPrice>
      <UnitOfMeasurePrice>5</UnitOfMeasurePrice>
      <AllowDiscount>0</AllowDiscount>
      <itemStatus>1</itemStatus>
      <LastUpdateDate />
      <LastUpdateTime />
    </Product>
    <Product>
      <PriceUpdateDate>2017/11/20 07:33</PriceUpdateDate>
      <ItemCode>282305</ItemCode>
      <ItemType>0</ItemType>
      <ItemName>דג לברק טרי נקי</ItemName>
      <ManufactureName>מאסטרפוד בעמ</ManufactureName>
      <ManufactureCountry />
      <ManufactureItemDescription />
      <UnitQty>ק"ג</UnitQty>
      <Quantity>1</Quantity>
      <UnitMeasure />
      <BisWeighted>1</BisWeighted>
      <QtyInPackage>1</QtyInPackage>
      <ItemPrice>59.90</ItemPrice>
      <UnitOfMeasurePrice>59.90</UnitOfMeasurePrice>
      <AllowDiscount>1</AllowDiscount>
      <itemStatus>1</itemStatus>
      <LastUpdateDate />
      <LastUpdateTime />
    </Product>
    <Product>
      <PriceUpdateDate>2017/11/08 08:45</PriceUpdateDate>
      <ItemCode>366203</ItemCode>
      <ItemType>0</ItemType>
      <ItemName>דג בורי טרי נקי</ItemName>
      <ManufactureName>מאסטרפוד בעמ</ManufactureName>
      <ManufactureCountry />
      <ManufactureItemDescription />
      <UnitQty>ק"ג</UnitQty>
      <Quantity>1</Quantity>
      <UnitMeasure />
      <BisWeighted>1</BisWeighted>
      <QtyInPackage>1</QtyInPackage>
      <ItemPrice>39</ItemPrice>
      <UnitOfMeasurePrice>39</UnitOfMeasurePrice>
      <AllowDiscount>1</AllowDiscount>
      <itemStatus>1</itemStatus>
      <LastUpdateDate />
      <LastUpdateTime />
    </Product>
    <Product>
      <PriceUpdateDate>2019/08/30 08:37</PriceUpdateDate>
      <ItemCode>372204</ItemCode>
      <ItemType>0</ItemType>
      <ItemName>דג ברמונדי נקי שלם</ItemName>
      <ManufactureName>מאסטרפוד בעמ</ManufactureName>
      <ManufactureCountry />
      <ManufactureItemDescription />
      <UnitQty>ק"ג</UnitQty>
      <Quantity>1</Quantity>
      <UnitMeasure />
      <BisWeighted>1</BisWeighted>
      <QtyInPackage>1</QtyInPackage>
      <ItemPrice>49.90</ItemPrice>
      <UnitOfMeasurePrice>49.90</UnitOfMeasurePrice>
      <AllowDiscount>1</AllowDiscount>
      <itemStatus>1</itemStatus>
      <LastUpdateDate />
      <LastUpdateTime />
    </Product>
    <Product>
      <PriceUpdateDate>2020/05/04 08:50</PriceUpdateDate>
      <ItemCode>554969</ItemCode>
      <ItemType>0</ItemType>
      <ItemName>שמנות 30% בטעמים מעדנייה גד</ItemName>
      <ManufactureName>מחלבות גד שיווק 1992 בעמ</ManufactureName>
      <ManufactureCountry />
      <ManufactureItemDescription />
      <UnitQty>ק"ג</UnitQty>
      <Quantity>1000</Quantity>
      <UnitMeasure>גרם</UnitMeasure>
      <BisWeighted>1</BisWeighted>
      <QtyInPackage>1</QtyInPackage>
      <ItemPrice>31</ItemPrice>
      <UnitOfMeasurePrice>3.10</UnitOfMeasurePrice>
      <AllowDiscount>0</AllowDiscount>
      <itemStatus>1</itemStatus>
      <LastUpdateDate />
      <LastUpdateTime />
    </Product>
    <Product>
      <PriceUpdateDate>2019/12/22 07:56</PriceUpdateDate>
      <ItemCode>571515</ItemCode>
      <ItemType>0</ItemType>
      <ItemName>פילה סלמון נורבגי שלם -טרי</ItemName>
      <ManufactureName>מאסטרפוד בעמ</ManufactureName>
      <ManufactureCountry />
      <ManufactureItemDescription />
      <UnitQty>ק"ג</UnitQty>
      <Quantity>1000</Quantity>
      <UnitMeasure>גרם</UnitMeasure>
      <BisWeighted>1</BisWeighted>
      <QtyInPackage>1</QtyInPackage>
      <ItemPrice>99</ItemPrice>
      <UnitOfMeasurePrice>9.90</UnitOfMeasurePrice>
      <AllowDiscount>1</AllowDiscount>
      <itemStatus>1</itemStatus>
      <LastUpdateDate />
      <LastUpdateTime />
    </Product>
    <Product>
      <PriceUpdateDate>2020/05/04 08:06</PriceUpdateDate>
      <ItemCode>820859</ItemCode>
      <ItemType>0</ItemType>
      <ItemName>סטייק עין קפוא פריגומרק מוביל</ItemName>
      <ManufactureName>מאסטרפוד בעמ</ManufactureName>
      <ManufactureCountry />
      <ManufactureItemDescription />
      <UnitQty>ק"ג</UnitQty>
      <Quantity>0</Quantity>
      <UnitMeasure>גרם</UnitMeasure>
      <BisWeighted>1</BisWeighted>
      <QtyInPackage>1</QtyInPackage>
      <ItemPrice>49.90</ItemPrice>
      <UnitOfMeasurePrice>49.90</UnitOfMeasurePrice>
      <AllowDiscount>0</AllowDiscount>
      <itemStatus>1</itemStatus>
      <LastUpdateDate />
      <LastUpdateTime />
    </Product>
    <Product>
      <PriceUpdateDate>2020/01/01 13:47</PriceUpdateDate>
      <ItemCode>1415269</ItemCode>
      <ItemType>0</ItemType>
      <ItemName>פילסברי עוגת שמרים תפוע</ItemName>
      <ManufactureName>קונסיגנציה ג`נרל מילס ישראל בע</ManufactureName>
      <ManufactureCountry />
      <ManufactureItemDescription />
      <UnitQty>יח`</UnitQty>
      <Quantity>1</Quantity>
      <UnitMeasure />
      <BisWeighted>0</BisWeighted>
      <QtyInPackage>1</QtyInPackage>
      <ItemPrice>21.90</ItemPrice>
      <UnitOfMeasurePrice>21.90</UnitOfMeasurePrice>
      <AllowDiscount>1</AllowDiscount>
      <itemStatus>1</itemStatus>
      <LastUpdateDate />
      <LastUpdateTime />
    </Product>
    <Product>
      <PriceUpdateDate>2020/01/01 13:47</PriceUpdateDate>
      <ItemCode>1415276</ItemCode>
      <ItemType>0</ItemType>
      <ItemName>פילסברי עוגת שמרים שוקולד</ItemName>
      <ManufactureName>קונסיגנציה ג`נרל מילס ישראל בע</ManufactureName>
      <ManufactureCountry />
      <ManufactureItemDescription />
      <UnitQty>יח`</UnitQty>
      <Quantity>1</Quantity>
      <UnitMeasure />
      <BisWeighted>0</BisWeighted>
      <QtyInPackage>1</QtyInPackage>
      <ItemPrice>21.90</ItemPrice>
      <UnitOfMeasurePrice>21.90</UnitOfMeasurePrice>
      <AllowDiscount>1</AllowDiscount>
      <itemStatus>1</itemStatus>
      <LastUpdateDate />
      <LastUpdateTime />
    </Product>
    <Product>
      <PriceUpdateDate>2020/01/01 13:47</PriceUpdateDate>
      <ItemCode>1415283</ItemCode>
      <ItemType>0</ItemType>
      <ItemName>פילסברי עוגת שמרים אגוזים</ItemName>
      <ManufactureName>קונסיגנציה ג`נרל מילס ישראל בע</ManufactureName>
      <ManufactureCountry />
      <ManufactureItemDescription />
      <UnitQty>יח`</UnitQty>
      <Quantity>1</Quantity>
      <UnitMeasure />
      <BisWeighted>0</BisWeighted>
      <QtyInPackage>1</QtyInPackage>
      <ItemPrice>21.90</ItemPrice>
      <UnitOfMeasurePrice>21.90</UnitOfMeasurePrice>
      <AllowDiscount>1</AllowDiscount>
      <itemStatus>1</itemStatus>
      <LastUpdateDate />
      <LastUpdateTime />
    </Product>
    <Product>
      <PriceUpdateDate>2020/01/01 13:47</PriceUpdateDate>
      <ItemCode>1415290</ItemCode>
      <ItemType>0</ItemType>
      <ItemName>פילסברי עוגת שמרים קינמון</ItemName>
      <ManufactureName>קונסיגנציה ג`נרל מילס ישראל בע</ManufactureName>
      <ManufactureCountry />
      <ManufactureItemDescription />
      <UnitQty>יח`</UnitQty>
      <Quantity>1</Quantity>
      <UnitMeasure />
      <BisWeighted>0</BisWeighted>
      <QtyInPackage>1</QtyInPackage>
      <ItemPrice>21.90</ItemPrice>
      <UnitOfMeasurePrice>21.90</UnitOfMeasurePrice>
      <AllowDiscount>1</AllowDiscount>
      <itemStatus>1</itemStatus>
      <LastUpdateDate />
      <LastUpdateTime />
    </Product>
    <Product>
      <PriceUpdateDate>2019/12/31 09:52</PriceUpdateDate>
      <ItemCode>1415863</ItemCode>
      <ItemType>0</ItemType>
      <ItemName>פילסברי חלה מתוקה (חת כדורים)</ItemName>
      <ManufactureName>קונסיגנציה ג`נרל מילס ישראל בע</ManufactureName>
      <ManufactureCountry />
      <ManufactureItemDescription />
      <UnitQty>יח`</UnitQty>
      <Quantity>1</Quantity>
      <UnitMeasure />
      <BisWeighted>0</BisWeighted>
      <QtyInPackage>1</QtyInPackage>
      <ItemPrice>11.90</ItemPrice>
      <UnitOfMeasurePrice>11.90</UnitOfMeasurePrice>
      <AllowDiscount>1</AllowDiscount>
      <itemStatus>1</itemStatus>
      <LastUpdateDate />
      <LastUpdateTime />
    </Product>
    <Product>
      <PriceUpdateDate>2019/12/31 09:52</PriceUpdateDate>
      <ItemCode>1461075</ItemCode>
      <ItemType>0</ItemType>
      <ItemName>פילסברי חלה שמינייה</ItemName>
      <ManufactureName>קונסיגנציה ג`נרל מילס ישראל בע</ManufactureName>
      <ManufactureCountry />
      <ManufactureItemDescription />
      <UnitQty>יח`</UnitQty>
      <Quantity>1</Quantity>
      <UnitMeasure />
      <BisWeighted>0</BisWeighted>
      <QtyInPackage>1</QtyInPackage>
      <ItemPrice>11.90</ItemPrice>
      <UnitOfMeasurePrice>11.90</UnitOfMeasurePrice>
      <AllowDiscount>1</AllowDiscount>
      <itemStatus>1</itemStatus>
      <LastUpdateDate />
      <LastUpdateTime />
    </Product>
    <Product>
      <PriceUpdateDate>2019/12/31 09:52</PriceUpdateDate>
      <ItemCode>1461105</ItemCode>
      <ItemType>0</ItemType>
      <ItemName>פילסברי לחם מחמצת לבן</ItemName>
      <ManufactureName>קונסיגנציה ג`נרל מילס ישראל בע</ManufactureName>
      <ManufactureCountry />
      <ManufactureItemDescription />
      <UnitQty>יח`</UnitQty>
      <Quantity>1</Quantity>
      <UnitMeasure />
      <BisWeighted>0</BisWeighted>
      <QtyInPackage>1</QtyInPackage>
      <ItemPrice>16.90</ItemPrice>
      <UnitOfMeasurePrice>16.90</UnitOfMeasurePrice>
      <AllowDiscount>1</AllowDiscount>
      <itemStatus>1</itemStatus>
      <LastUpdateDate />
      <LastUpdateTime />
    </Product>
    <Product>
      <PriceUpdateDate>2019/12/31 09:52</PriceUpdateDate>
      <ItemCode>1461112</ItemCode>
      <ItemType>0</ItemType>
      <ItemName>פילסברי לחם מחמצת דגנים</ItemName>
      <ManufactureName>קונסיגנציה ג`נרל מילס ישראל בע</ManufactureName>
      <ManufactureCountry />
      <ManufactureItemDescription />
      <UnitQty>יח`</UnitQty>
      <Quantity>1</Quantity>
      <UnitMeasure />
      <BisWeighted>0</BisWeighted>
      <QtyInPackage>1</QtyInPackage>
      <ItemPrice>16.90</ItemPrice>
      <UnitOfMeasurePrice>16.90</UnitOfMeasurePrice>
      <AllowDiscount>1</AllowDiscount>
      <itemStatus>1</itemStatus>
      <LastUpdateDate />
      <LastUpdateTime />
    </Product>
    <Product>
      <PriceUpdateDate>2020/05/04 08:50</PriceUpdateDate>
      <ItemCode>1476208</ItemCode>
      <ItemType>0</ItemType>
      <ItemName>ברי פקאן בלוק מעדנייה גד</ItemName>
      <ManufactureName>מחלבות גד שיווק 1992 בעמ</ManufactureName>
      <ManufactureCountry />
      <ManufactureItemDescription />
      <UnitQty>ק"ג</UnitQty>
      <Quantity>1000</Quantity>
      <UnitMeasure>גרם</UnitMeasure>
      <BisWeighted>1</BisWeighted>
      <QtyInPackage>1</QtyInPackage>
      <ItemPrice>119</ItemPrice>
      <UnitOfMeasurePrice>11.90</UnitOfMeasurePrice>
      <AllowDiscount>0</AllowDiscount>
      <itemStatus>1</itemStatus>
      <LastUpdateDate />
      <LastUpdateTime />
    </Product>
    <Product>
      <PriceUpdateDate>2020/03/16 10:11</PriceUpdateDate>
      <ItemCode>2206019</ItemCode>
      <ItemType>0</ItemType>
      <ItemName>כרעיים עוף טרי ארוז</ItemName>
      <ManufactureName>טל הל יסכה בעמ</ManufactureName>
      <ManufactureCountry />
      <ManufactureItemDescription />
      <UnitQty>ק"ג</UnitQty>
      <Quantity>1</Quantity>
      <UnitMeasure />
      <BisWeighted>1</BisWeighted>
      <QtyInPackage>1</QtyInPackage>
      <ItemPrice>26.90</ItemPrice>
      <UnitOfMeasurePrice>26.90</UnitOfMeasurePrice>
      <AllowDiscount>1</AllowDiscount>
      <itemStatus>1</itemStatus>
      <LastUpdateDate />
      <LastUpdateTime />
    </Product>
    <Product>
      <PriceUpdateDate>2020/03/16 10:12</PriceUpdateDate>
      <ItemCode>2206026</ItemCode>
      <ItemType>0</ItemType>
      <ItemName>ירך עוף טרי ארוז</ItemName>
      <ManufactureName>עוף עוז שיווק בעמ</ManufactureName>
      <ManufactureCountry />
      <ManufactureItemDescription />
      <UnitQty>ק"ג</UnitQty>
      <Quantity>1</Quantity>
      <UnitMeasure />
      <BisWeighted>1</BisWeighted>
      <QtyInPackage>1</QtyInPackage>
      <ItemPrice>26.90</ItemPrice>
      <UnitOfMeasurePrice>26.90</UnitOfMeasurePrice>
      <AllowDiscount>1</AllowDiscount>
      <itemStatus>1</itemStatus>
      <LastUpdateDate />
      <LastUpdateTime />
    </Product>
    <Product>
      <PriceUpdateDate>2019/11/13 10:12</PriceUpdateDate>
      <ItemCode>2206101</ItemCode>
      <ItemType>0</ItemType>
      <ItemName>סטייק פרגית ללא עור</ItemName>
      <ManufactureName>טל הל יסכה בעמ</ManufactureName>
      <ManufactureCountry />
      <ManufactureItemDescription />
      <UnitQty>ק"ג</UnitQty>
      <Quantity>1</Quantity>
      <UnitMeasure />
      <BisWeighted>1</BisWeighted>
      <QtyInPackage>1</QtyInPackage>
      <ItemPrice>44.90</ItemPrice>
      <UnitOfMeasurePrice>44.90</UnitOfMeasurePrice>
      <AllowDiscount>1</AllowDiscount>
      <itemStatus>1</itemStatus>
      <LastUpdateDate />
      <LastUpdateTime />
    </Product>
    <Product>
      <PriceUpdateDate>2019/12/31 09:52</PriceUpdateDate>
      <ItemCode>2608127</ItemCode>
      <ItemType>0</ItemType>
      <ItemName>פילסברי בייגל רומני</ItemName>
      <ManufactureName>קונסיגנציה ג`נרל מילס ישראל בע</ManufactureName>
      <ManufactureCountry />
      <ManufactureItemDescription />
      <UnitQty>יח`</UnitQty>
      <Quantity>1</Quantity>
      <UnitMeasure />
      <BisWeighted>0</BisWeighted>
      <QtyInPackage>1</QtyInPackage>
      <ItemPrice>4.20</ItemPrice>
      <UnitOfMeasurePrice>4.20</UnitOfMeasurePrice>
      <AllowDiscount>1</AllowDiscount>
      <itemStatus>1</itemStatus>
      <LastUpdateDate />
      <LastUpdateTime />
    </Product>
    <Product>
      <PriceUpdateDate>2019/12/31 09:52</PriceUpdateDate>
      <ItemCode>2608202</ItemCode>
      <ItemType>0</ItemType>
      <ItemName>פילסברי לחם כוסמין מלא בחוש</ItemName>
      <ManufactureName>קונסיגנציה ג`נרל מילס ישראל בע</ManufactureName>
      <ManufactureCountry />
      <ManufactureItemDescription />
      <UnitQty>יח`</UnitQty>
      <Quantity>1</Quantity>
      <UnitMeasure />
      <BisWeighted>0</BisWeighted>
      <QtyInPackage>1</QtyInPackage>
      <ItemPrice>16.90</ItemPrice>
      <UnitOfMeasurePrice>16.90</UnitOfMeasurePrice>
      <AllowDiscount>1</AllowDiscount>
      <itemStatus>1</itemStatus>
      <LastUpdateDate />
      <LastUpdateTime />
    </Product>
    <Product>
      <PriceUpdateDate>2019/12/31 09:52</PriceUpdateDate>
      <ItemCode>2608370</ItemCode>
      <ItemType>0</ItemType>
      <ItemName>פילסברי לחמניית בגט (רבע בגט)</ItemName>
      <ManufactureName>קונסיגנציה ג`נרל מילס ישראל בע</ManufactureName>
      <ManufactureCountry />
      <ManufactureItemDescription />
      <UnitQty>יח`</UnitQty>
      <Quantity>1</Quantity>
      <UnitMeasure />
      <BisWeighted>0</BisWeighted>
      <QtyInPackage>1</QtyInPackage>
      <ItemPrice>1.70</ItemPrice>
      <UnitOfMeasurePrice>1.70</UnitOfMeasurePrice>
      <AllowDiscount>1</AllowDiscount>
      <itemStatus>1</itemStatus>
      <LastUpdateDate />
      <LastUpdateTime />
    </Product>
    <Product>
      <PriceUpdateDate>2019/12/31 09:52</PriceUpdateDate>
      <ItemCode>2608509</ItemCode>
      <ItemType>0</ItemType>
      <ItemName>פילסברי לחם מחמצת זיתי קלמנטה</ItemName>
      <ManufactureName>קונסיגנציה ג`נרל מילס ישראל בע</ManufactureName>
      <ManufactureCountry />
      <ManufactureItemDescription />
      <UnitQty>יח`</UnitQty>
      <Quantity>1</Quantity>
      <UnitMeasure />
      <BisWeighted>0</BisWeighted>
      <QtyInPackage>1</QtyInPackage>
      <ItemPrice>16.90</ItemPrice>
      <UnitOfMeasurePrice>16.90</UnitOfMeasurePrice>
      <AllowDiscount>1</AllowDiscount>
      <itemStatus>1</itemStatus>
      <LastUpdateDate />
      <LastUpdateTime />
    </Product>
    <Product>
      <PriceUpdateDate>2019/12/31 09:52</PriceUpdateDate>
      <ItemCode>2608516</ItemCode>
      <ItemType>0</ItemType>
      <ItemName>פילסברי לחם מחמצת מקמח מלא</ItemName>
      <ManufactureName>קונסיגנציה ג`נרל מילס ישראל בע</ManufactureName>
      <ManufactureCountry />
      <ManufactureItemDescription />
      <UnitQty>יח`</UnitQty>
      <Quantity>1</Quantity>
      <UnitMeasure />
      <BisWeighted>0</BisWeighted>
      <QtyInPackage>1</QtyInPackage>
      <ItemPrice>16.90</ItemPrice>
      <UnitOfMeasurePrice>16.90</UnitOfMeasurePrice>
      <AllowDiscount>1</AllowDiscount>
      <itemStatus>1</itemStatus>
      <LastUpdateDate />
      <LastUpdateTime />
    </Product>
    <Product>
      <PriceUpdateDate>2019/12/31 09:52</PriceUpdateDate>
      <ItemCode>2608523</ItemCode>
      <ItemType>0</ItemType>
      <ItemName>פילסברי לחם מחמצת כוסמין</ItemName>
      <ManufactureName>קונסיגנציה ג`נרל מילס ישראל בע</ManufactureName>
      <ManufactureCountry />
      <ManufactureItemDescription />
      <UnitQty>יח`</UnitQty>
      <Quantity>1</Quantity>
      <UnitMeasure />
      <BisWeighted>0</BisWeighted>
      <QtyInPackage>1</QtyInPackage>
      <ItemPrice>16.90</ItemPrice>
      <UnitOfMeasurePrice>16.90</UnitOfMeasurePrice>
      <AllowDiscount>1</AllowDiscount>
      <itemStatus>1</itemStatus>
      <LastUpdateDate />
      <LastUpdateTime />
    </Product>
    <Product>
      <PriceUpdateDate>2019/12/31 09:52</PriceUpdateDate>
      <ItemCode>2608547</ItemCode>
      <ItemType>0</ItemType>
      <ItemName>פילסברי מחמצת שיפון כהה וחמוציות</ItemName>
      <ManufactureName>קונסיגנציה ג`נרל מילס ישראל בע</ManufactureName>
      <ManufactureCountry />
      <ManufactureItemDescription />
      <UnitQty>יח`</UnitQty>
      <Quantity>1</Quantity>
      <UnitMeasure />
      <BisWeighted>0</BisWeighted>
      <QtyInPackage>1</QtyInPackage>
      <ItemPrice>16.90</ItemPrice>
      <UnitOfMeasurePrice>16.90</UnitOfMeasurePrice>
      <AllowDiscount>1</AllowDiscount>
      <itemStatus>1</itemStatus>
      <LastUpdateDate />
      <LastUpdateTime />
    </Product>
    <Product>
      <PriceUpdateDate>2019/12/31 09:52</PriceUpdateDate>
      <ItemCode>2608769</ItemCode>
      <ItemType>0</ItemType>
      <ItemName>פילסברי מחמצת טוסקאני דגנים</ItemName>
      <ManufactureName>קונסיגנציה ג`נרל מילס ישראל בע</ManufactureName>
      <ManufactureCountry />
      <ManufactureItemDescription />
      <UnitQty>יח`</UnitQty>
      <Quantity>1</Quantity>
      <UnitMeasure />
      <BisWeighted>0</BisWeighted>
      <QtyInPackage>1</QtyInPackage>
      <ItemPrice>16.90</ItemPrice>
      <UnitOfMeasurePrice>16.90</UnitOfMeasurePrice>
      <AllowDiscount>1</AllowDiscount>
      <itemStatus>1</itemStatus>
      <LastUpdateDate />
      <LastUpdateTime />
    </Product>
    <Product>
      <PriceUpdateDate>2019/12/31 08:00</PriceUpdateDate>
      <ItemCode>2750130</ItemCode>
      <ItemType>0</ItemType>
      <ItemName>פילסברי חליות</ItemName>
      <ManufactureName>קונסיגנציה ג`נרל מילס ישראל בע</ManufactureName>
      <ManufactureCountry />
      <ManufactureItemDescription />
      <UnitQty>יח`</UnitQty>
      <Quantity>1</Quantity>
      <UnitMeasure />
      <BisWeighted>0</BisWeighted>
      <QtyInPackage>1</QtyInPackage>
      <ItemPrice>2.20</ItemPrice>
      <UnitOfMeasurePrice>2.20</UnitOfMeasurePrice>
      <AllowDiscount>1</AllowDiscount>
      <itemStatus>1</itemStatus>
      <LastUpdateDate />
      <LastUpdateTime />
    </Product>
    <Product>
      <PriceUpdateDate>2019/12/31 09:52</PriceUpdateDate>
      <ItemCode>2750178</ItemCode>
      <ItemType>0</ItemType>
      <ItemName>פילסברי ג`בטה כפרית</ItemName>
      <ManufactureName>קונסיגנציה ג`נרל מילס ישראל בע</ManufactureName>
      <ManufactureCountry />
      <ManufactureItemDescription />
      <UnitQty>יח`</UnitQty>
      <Quantity>1</Quantity>
      <UnitMeasure />
      <BisWeighted>0</BisWeighted>
      <QtyInPackage>1</QtyInPackage>
      <ItemPrice>4.20</ItemPrice>
      <UnitOfMeasurePrice>4.20</UnitOfMeasurePrice>
      <AllowDiscount>1</AllowDiscount>
      <itemStatus>1</itemStatus>
      <LastUpdateDate />
      <LastUpdateTime />
    </Product>
    <Product>
      <PriceUpdateDate>2019/12/31 09:52</PriceUpdateDate>
      <ItemCode>2750338</ItemCode>
      <ItemType>0</ItemType>
      <ItemName>פילסברי לחם רוסטיק עגבניות מיובשות</ItemName>
      <ManufactureName>קונסיגנציה ג`נרל מילס ישראל בע</ManufactureName>
      <ManufactureCountry />
      <ManufactureItemDescription />
      <UnitQty>יח`</UnitQty>
      <Quantity>1</Quantity>
      <UnitMeasure />
      <BisWeighted>0</BisWeighted>
      <QtyInPackage>1</QtyInPackage>
      <ItemPrice>16.90</ItemPrice>
      <UnitOfMeasurePrice>16.90</UnitOfMeasurePrice>
      <AllowDiscount>1</AllowDiscount>
      <itemStatus>1</itemStatus>
      <LastUpdateDate />
      <LastUpdateTime />
    </Product>
    <Product>
      <PriceUpdateDate>2019/12/31 09:52</PriceUpdateDate>
      <ItemCode>2750383</ItemCode>
      <ItemType>0</ItemType>
      <ItemName>פילסברי מחמצת טוסקאני כפרי עגול</ItemName>
      <ManufactureName>קונסיגנציה ג`נרל מילס ישראל בע</ManufactureName>
      <ManufactureCountry />
      <ManufactureItemDescription />
      <UnitQty>יח`</UnitQty>
      <Quantity>1</Quantity>
      <UnitMeasure />
      <BisWeighted>0</BisWeighted>
      <QtyInPackage>1</QtyInPackage>
      <ItemPrice>16.90</ItemPrice>
      <UnitOfMeasurePrice>16.90</UnitOfMeasurePrice>
      <AllowDiscount>1</AllowDiscount>
      <itemStatus>1</itemStatus>
      <LastUpdateDate />
      <LastUpdateTime />
    </Product>
    <Product>
      <PriceUpdateDate>2019/12/31 09:52</PriceUpdateDate>
      <ItemCode>2750451</ItemCode>
      <ItemType>0</ItemType>
      <ItemName>פילסברי מחמצת טוסקאני לבן עגול</ItemName>
      <ManufactureName>קונסיגנציה ג`נרל מילס ישראל בע</ManufactureName>
      <ManufactureCountry />
      <ManufactureItemDescription />
      <UnitQty>יח`</UnitQty>
      <Quantity>1</Quantity>
      <UnitMeasure />
      <BisWeighted>0</BisWeighted>
      <QtyInPackage>1</QtyInPackage>
      <ItemPrice>16.90</ItemPrice>
      <UnitOfMeasurePrice>16.90</UnitOfMeasurePrice>
      <AllowDiscount>1</AllowDiscount>
      <itemStatus>1</itemStatus>
      <LastUpdateDate />
      <LastUpdateTime />
    </Product>
    <Product>
      <PriceUpdateDate>2019/12/31 08:00</PriceUpdateDate>
      <ItemCode>2750925</ItemCode>
      <ItemType>0</ItemType>
      <ItemName>חצי בגט כפרי פיל</ItemName>
      <ManufactureName>קונסיגנציה ג`נרל מילס ישראל בע</ManufactureName>
      <ManufactureCountry />
      <ManufactureItemDescription />
      <UnitQty>יח`</UnitQty>
      <Quantity>1</Quantity>
      <UnitMeasure />
      <BisWeighted>0</BisWeighted>
      <QtyInPackage>1</QtyInPackage>
      <ItemPrice>3</ItemPrice>
      <UnitOfMeasurePrice>3</UnitOfMeasurePrice>
      <AllowDiscount>1</AllowDiscount>
      <itemStatus>1</itemStatus>
      <LastUpdateDate />
      <LastUpdateTime />
    </Product>
    <Product>
      <PriceUpdateDate>2019/12/31 09:52</PriceUpdateDate>
      <ItemCode>2750987</ItemCode>
      <ItemType>0</ItemType>
      <ItemName>פילסברי חלה קלועה מתוקה</ItemName>
      <ManufactureName>קונסיגנציה ג`נרל מילס ישראל בע</ManufactureName>
      <ManufactureCountry />
      <ManufactureItemDescription />
      <UnitQty>יח`</UnitQty>
      <Quantity>1</Quantity>
      <UnitMeasure />
      <BisWeighted>0</BisWeighted>
      <QtyInPackage>1</QtyInPackage>
      <ItemPrice>11.90</ItemPrice>
      <UnitOfMeasurePrice>11.90</UnitOfMeasurePrice>
      <AllowDiscount>1</AllowDiscount>
      <itemStatus>1</itemStatus>
      <LastUpdateDate />
      <LastUpdateTime />
    </Product>
    <Product>
      <PriceUpdateDate>2018/01/22 08:26</PriceUpdateDate>
      <ItemCode>2757177</ItemCode>
      <ItemType>0</ItemType>
      <ItemName>סטייק אנטריקוט מוכשר מעובד מופשר</ItemName>
      <ManufactureName>נטו בשרים</ManufactureName>
      <ManufactureCountry />
      <ManufactureItemDescription />
      <UnitQty>ק"ג</UnitQty>
      <Quantity>1</Quantity>
      <UnitMeasure />
      <BisWeighted>1</BisWeighted>
      <QtyInPackage>1</QtyInPackage>
      <ItemPrice>99</ItemPrice>
      <UnitOfMeasurePrice>99</UnitOfMeasurePrice>
      <AllowDiscount>1</AllowDiscount>
      <itemStatus>1</itemStatus>
      <LastUpdateDate />
      <LastUpdateTime />
    </Product>
    <Product>
      <PriceUpdateDate>2017/09/26 07:41</PriceUpdateDate>
      <ItemCode>2757320</ItemCode>
      <ItemType>0</ItemType>
      <ItemName>סטייק אנטריקוט חלק מעובד מופשר</ItemName>
      <ManufactureName>נטו בשרים</ManufactureName>
      <ManufactureCountry />
      <ManufactureItemDescription />
      <UnitQty>ק"ג</UnitQty>
      <Quantity>1</Quantity>
      <UnitMeasure />
      <BisWeighted>1</BisWeighted>
      <QtyInPackage>1</QtyInPackage>
      <ItemPrice>79.90</ItemPrice>
      <UnitOfMeasurePrice>79.90</UnitOfMeasurePrice>
      <AllowDiscount>1</AllowDiscount>
      <itemStatus>1</itemStatus>
      <LastUpdateDate />
      <LastUpdateTime />
    </Product>
    <Product>
      <PriceUpdateDate>2020/05/04 08:13</PriceUpdateDate>
      <ItemCode>4136291</ItemCode>
      <ItemType>0</ItemType>
      <ItemName>צפתית/מעודנת 5%</ItemName>
      <ManufactureName>תנובה - חלב</ManufactureName>
      <ManufactureCountry />
      <ManufactureItemDescription />
      <UnitQty>ק"ג</UnitQty>
      <Quantity>1000</Quantity>
      <UnitMeasure>גרם</UnitMeasure>
      <BisWeighted>1</BisWeighted>
      <QtyInPackage>1</QtyInPackage>
      <ItemPrice>45</ItemPrice>
      <UnitOfMeasurePrice>4.50</UnitOfMeasurePrice>
      <AllowDiscount>0</AllowDiscount>
      <itemStatus>1</itemStatus>
      <LastUpdateDate />
      <LastUpdateTime />
    </Product>
    <Product>
      <PriceUpdateDate>2020/05/04 08:13</PriceUpdateDate>
      <ItemCode>5079221</ItemCode>
      <ItemType>0</ItemType>
      <ItemName>צוריאל בולגרית מעודנת%5 מעדנייה</ItemName>
      <ManufactureName>החב` המרכזית - טרה</ManufactureName>
      <ManufactureCountry />
      <ManufactureItemDescription />
      <UnitQty>ק"ג</UnitQty>
      <Quantity>1000</Quantity>
      <UnitMeasure>גרם</UnitMeasure>
      <BisWeighted>1</BisWeighted>
      <QtyInPackage>1</QtyInPackage>
      <ItemPrice>35</ItemPrice>
      <UnitOfMeasurePrice>3.50</UnitOfMeasurePrice>
      <AllowDiscount>0</AllowDiscount>
      <itemStatus>1</itemStatus>
      <LastUpdateDate />
      <LastUpdateTime />
    </Product>
    <Product>
      <PriceUpdateDate>2019/12/31 09:52</PriceUpdateDate>
      <ItemCode>5719158</ItemCode>
      <ItemType>0</ItemType>
      <ItemName>פילסברי בייגל סימיט</ItemName>
      <ManufactureName>קונסיגנציה ג`נרל מילס ישראל בע</ManufactureName>
      <ManufactureCountry />
      <ManufactureItemDescription />
      <UnitQty>יח`</UnitQty>
      <Quantity>1</Quantity>
      <UnitMeasure />
      <BisWeighted>0</BisWeighted>
      <QtyInPackage>1</QtyInPackage>
      <ItemPrice>4.20</ItemPrice>
      <UnitOfMeasurePrice>4.20</UnitOfMeasurePrice>
      <AllowDiscount>1</AllowDiscount>
      <itemStatus>1</itemStatus>
      <LastUpdateDate />
      <LastUpdateTime />
    </Product>
    <Product>
      <PriceUpdateDate>2019/12/31 09:52</PriceUpdateDate>
      <ItemCode>5719189</ItemCode>
      <ItemType>0</ItemType>
      <ItemName>פילסברי מחמצת שיפון אגוזים</ItemName>
      <ManufactureName>קונסיגנציה ג`נרל מילס ישראל בע</ManufactureName>
      <ManufactureCountry />
      <ManufactureItemDescription />
      <UnitQty>יח`</UnitQty>
      <Quantity>1</Quantity>
      <UnitMeasure />
      <BisWeighted>0</BisWeighted>
      <QtyInPackage>1</QtyInPackage>
      <ItemPrice>16.90</ItemPrice>
      <UnitOfMeasurePrice>16.90</UnitOfMeasurePrice>
      <AllowDiscount>1</AllowDiscount>
      <itemStatus>1</itemStatus>
      <LastUpdateDate />
      <LastUpdateTime />
    </Product>
    <Product>
      <PriceUpdateDate>2019/12/31 08:00</PriceUpdateDate>
      <ItemCode>6804334</ItemCode>
      <ItemType>0</ItemType>
      <ItemName>פילסברי כריך (ילדים) לבן</ItemName>
      <ManufactureName>קונסיגנציה ג`נרל מילס ישראל בע</ManufactureName>
      <ManufactureCountry />
      <ManufactureItemDescription />
      <UnitQty>יח`</UnitQty>
      <Quantity>1</Quantity>
      <UnitMeasure />
      <BisWeighted>0</BisWeighted>
      <QtyInPackage>1</QtyInPackage>
      <ItemPrice>1.50</ItemPrice>
      <UnitOfMeasurePrice>1.50</UnitOfMeasurePrice>
      <AllowDiscount>1</AllowDiscount>
      <itemStatus>1</itemStatus>
      <LastUpdateDate />
      <LastUpdateTime />
    </Product>
    <Product>
      <PriceUpdateDate>2019/12/31 08:00</PriceUpdateDate>
      <ItemCode>6804426</ItemCode>
      <ItemType>0</ItemType>
      <ItemName>פילסברי לחמניות כריך (ילדים) כפרי</ItemName>
      <ManufactureName>קונסיגנציה ג`נרל מילס ישראל בע</ManufactureName>
      <ManufactureCountry />
      <ManufactureItemDescription />
      <UnitQty>יח`</UnitQty>
      <Quantity>1</Quantity>
      <UnitMeasure />
      <BisWeighted>0</BisWeighted>
      <QtyInPackage>1</QtyInPackage>
      <ItemPrice>1.50</ItemPrice>
      <UnitOfMeasurePrice>1.50</UnitOfMeasurePrice>
      <AllowDiscount>1</AllowDiscount>
      <itemStatus>1</itemStatus>
      <LastUpdateDate />
      <LastUpdateTime />
    </Product>
    <Product>
      <PriceUpdateDate>2019/12/31 09:52</PriceUpdateDate>
      <ItemCode>6804754</ItemCode>
      <ItemType>0</ItemType>
      <ItemName>פילסברי בפרצל</ItemName>
      <ManufactureName>קונסיגנציה ג`נרל מילס ישראל בע</ManufactureName>
      <ManufactureCountry />
      <ManufactureItemDescription />
      <UnitQty>יח`</UnitQty>
      <Quantity>1</Quantity>
      <UnitMeasure />
      <BisWeighted>0</BisWeighted>
      <QtyInPackage>1</QtyInPackage>
      <ItemPrice>4.20</ItemPrice>
      <UnitOfMeasurePrice>4.20</UnitOfMeasurePrice>
      <AllowDiscount>1</AllowDiscount>
      <itemStatus>1</itemStatus>
      <LastUpdateDate />
      <LastUpdateTime />
    </Product>
    <Product>
      <PriceUpdateDate>2020/01/01 13:47</PriceUpdateDate>
      <ItemCode>6804785</ItemCode>
      <ItemType>0</ItemType>
      <ItemName>פילסברי עוגת שמרים גבינה</ItemName>
      <ManufactureName>קונסיגנציה ג`נרל מילס ישראל בע</ManufactureName>
      <ManufactureCountry />
      <ManufactureItemDescription />
      <UnitQty>יח`</UnitQty>
      <Quantity>1</Quantity>
      <UnitMeasure />
      <BisWeighted>0</BisWeighted>
      <QtyInPackage>1</QtyInPackage>
      <ItemPrice>21.90</ItemPrice>
      <UnitOfMeasurePrice>21.90</UnitOfMeasurePrice>
      <AllowDiscount>1</AllowDiscount>
      <itemStatus>1</itemStatus>
      <LastUpdateDate />
      <LastUpdateTime />
    </Product>
    <Product>
      <PriceUpdateDate>2019/12/31 08:00</PriceUpdateDate>
      <ItemCode>6805362</ItemCode>
      <ItemType>0</ItemType>
      <ItemName>חצי בגט פילסברי</ItemName>
      <ManufactureName>קונסיגנציה ג`נרל מילס ישראל בע</ManufactureName>
      <ManufactureCountry />
      <ManufactureItemDescription />
      <UnitQty>יח`</UnitQty>
      <Quantity>1</Quantity>
      <UnitMeasure />
      <BisWeighted>0</BisWeighted>
      <QtyInPackage>1</QtyInPackage>
      <ItemPrice>2.90</ItemPrice>
      <UnitOfMeasurePrice>2.90</UnitOfMeasurePrice>
      <AllowDiscount>1</AllowDiscount>
      <itemStatus>1</itemStatus>
      <LastUpdateDate />
      <LastUpdateTime />
    </Product>
    <Product>
      <PriceUpdateDate>2019/12/31 08:00</PriceUpdateDate>
      <ItemCode>6805379</ItemCode>
      <ItemType>0</ItemType>
      <ItemName>פילסברי שליש בגט לבן</ItemName>
      <ManufactureName>קונסיגנציה ג`נרל מילס ישראל בע</ManufactureName>
      <ManufactureCountry />
      <ManufactureItemDescription />
      <UnitQty>יח`</UnitQty>
      <Quantity>1</Quantity>
      <UnitMeasure />
      <BisWeighted>0</BisWeighted>
      <QtyInPackage>1</QtyInPackage>
      <ItemPrice>2.50</ItemPrice>
      <UnitOfMeasurePrice>2.50</UnitOfMeasurePrice>
      <AllowDiscount>1</AllowDiscount>
      <itemStatus>1</itemStatus>
      <LastUpdateDate />
      <LastUpdateTime />
    </Product>
    <Product>
      <PriceUpdateDate>2019/12/31 08:00</PriceUpdateDate>
      <ItemCode>6805386</ItemCode>
      <ItemType>0</ItemType>
      <ItemName>פילסברי שליש בגט כפרי</ItemName>
      <ManufactureName>קונסיגנציה ג`נרל מילס ישראל בע</ManufactureName>
      <ManufactureCountry />
      <ManufactureItemDescription />
      <UnitQty>יח`</UnitQty>
      <Quantity>1</Quantity>
      <UnitMeasure />
      <BisWeighted>0</BisWeighted>
      <QtyInPackage>1</QtyInPackage>
      <ItemPrice>2.50</ItemPrice>
      <UnitOfMeasurePrice>2.50</UnitOfMeasurePrice>
      <AllowDiscount>1</AllowDiscount>
      <itemStatus>1</itemStatus>
      <LastUpdateDate />
      <LastUpdateTime />
    </Product>
    <Product>
      <PriceUpdateDate>2019/12/31 09:52</PriceUpdateDate>
      <ItemCode>6805683</ItemCode>
      <ItemType>0</ItemType>
      <ItemName>פילסברי לחמניית שמינייה דגנים</ItemName>
      <ManufactureName>קונסיגנציה ג`נרל מילס ישראל בע</ManufactureName>
      <ManufactureCountry />
      <ManufactureItemDescription />
      <UnitQty>יח`</UnitQty>
      <Quantity>1</Quantity>
      <UnitMeasure />
      <BisWeighted>0</BisWeighted>
      <QtyInPackage>1</QtyInPackage>
      <ItemPrice>4.20</ItemPrice>
      <UnitOfMeasurePrice>4.20</UnitOfMeasurePrice>
      <AllowDiscount>1</AllowDiscount>
      <itemStatus>1</itemStatus>
      <LastUpdateDate />
      <LastUpdateTime />
    </Product>
    <Product>
      <PriceUpdateDate>2019/12/31 09:52</PriceUpdateDate>
      <ItemCode>6806499</ItemCode>
      <ItemType>0</ItemType>
      <ItemName>פילסברי לחמנייה דגנים וגרעינים</ItemName>
      <ManufactureName>קונסיגנציה ג`נרל מילס ישראל בע</ManufactureName>
      <ManufactureCountry />
      <ManufactureItemDescription />
      <UnitQty>יח`</UnitQty>
      <Quantity>1</Quantity>
      <UnitMeasure />
      <BisWeighted>0</BisWeighted>
      <QtyInPackage>1</QtyInPackage>
      <ItemPrice>4.20</ItemPrice>
      <UnitOfMeasurePrice>4.20</UnitOfMeasurePrice>
      <AllowDiscount>1</AllowDiscount>
      <itemStatus>1</itemStatus>
      <LastUpdateDate />
      <LastUpdateTime />
    </Product>
    <Product>
      <PriceUpdateDate>2019/12/31 09:52</PriceUpdateDate>
      <ItemCode>8899345</ItemCode>
      <ItemType>0</ItemType>
      <ItemName>פילסברי לחמניית שמינייה קלועה</ItemName>
      <ManufactureName>קונסיגנציה ג`נרל מילס ישראל בע</ManufactureName>
      <ManufactureCountry />
      <ManufactureItemDescription />
      <UnitQty>יח`</UnitQty>
      <Quantity>1</Quantity>
      <UnitMeasure />
      <BisWeighted>0</BisWeighted>
      <QtyInPackage>1</QtyInPackage>
      <ItemPrice>4.20</ItemPrice>
      <UnitOfMeasurePrice>4.20</UnitOfMeasurePrice>
      <AllowDiscount>1</AllowDiscount>
      <itemStatus>1</itemStatus>
      <LastUpdateDate />
      <LastUpdateTime />
    </Product>
    <Product>
      <PriceUpdateDate>2019/12/31 09:52</PriceUpdateDate>
      <ItemCode>8899406</ItemCode>
      <ItemType>0</ItemType>
      <ItemName>פילסברי לחמנייה עגולה לבנה</ItemName>
      <ManufactureName>קונסיגנציה ג`נרל מילס ישראל בע</ManufactureName>
      <ManufactureCountry />
      <ManufactureItemDescription />
      <UnitQty>יח`</UnitQty>
      <Quantity>1</Quantity>
      <UnitMeasure />
      <BisWeighted>0</BisWeighted>
      <QtyInPackage>1</QtyInPackage>
      <ItemPrice>4.20</ItemPrice>
      <UnitOfMeasurePrice>4.20</UnitOfMeasurePrice>
      <AllowDiscount>1</AllowDiscount>
      <itemStatus>1</itemStatus>
      <LastUpdateDate />
      <LastUpdateTime />
    </Product>
    <Product>
      <PriceUpdateDate>2020/01/01 13:47</PriceUpdateDate>
      <ItemCode>8899956</ItemCode>
      <ItemType>0</ItemType>
      <ItemName>פילסברי לחמניית קוראסול</ItemName>
      <ManufactureName>קונסיגנציה ג`נרל מילס ישראל בע</ManufactureName>
      <ManufactureCountry />
      <ManufactureItemDescription />
      <UnitQty>יח`</UnitQty>
      <Quantity>1</Quantity>
      <UnitMeasure />
      <BisWeighted>0</BisWeighted>
      <QtyInPackage>1</QtyInPackage>
      <ItemPrice>4.20</ItemPrice>
      <UnitOfMeasurePrice>4.20</UnitOfMeasurePrice>
      <AllowDiscount>1</AllowDiscount>
      <itemStatus>1</itemStatus>
      <LastUpdateDate />
      <LastUpdateTime />
    </Product>
    <Product>
      <PriceUpdateDate>2020/04/30 07:13</PriceUpdateDate>
      <ItemCode>608614255504</ItemCode>
      <ItemType>0</ItemType>
      <ItemName>פופקורנס טעם בצל 50 גר</ItemName>
      <ManufactureName>אבאל יזמות בעמ</ManufactureName>
      <ManufactureCountry />
      <ManufactureItemDescription />
      <UnitQty>יח`</UnitQty>
      <Quantity>50</Quantity>
      <UnitMeasure>גרם</UnitMeasure>
      <BisWeighted>0</BisWeighted>
      <QtyInPackage>1</QtyInPackage>
      <ItemPrice>4.90</ItemPrice>
      <UnitOfMeasurePrice>9.80</UnitOfMeasurePrice>
      <AllowDiscount>1</AllowDiscount>
      <itemStatus>1</itemStatus>
      <LastUpdateDate />
      <LastUpdateTime />
    </Product>
    <Product>
      <PriceUpdateDate>2020/04/30 07:13</PriceUpdateDate>
      <ItemCode>608614255511</ItemCode>
      <ItemType>0</ItemType>
      <ItemName>פופקורנס טעם גבינה 50 גר</ItemName>
      <ManufactureName>אבאל יזמות בעמ</ManufactureName>
      <ManufactureCountry />
      <ManufactureItemDescription />
      <UnitQty>יח`</UnitQty>
      <Quantity>50</Quantity>
      <UnitMeasure>גרם</UnitMeasure>
      <BisWeighted>0</BisWeighted>
      <QtyInPackage>1</QtyInPackage>
      <ItemPrice>4.90</ItemPrice>
      <UnitOfMeasurePrice>9.80</UnitOfMeasurePrice>
      <AllowDiscount>1</AllowDiscount>
      <itemStatus>1</itemStatus>
      <LastUpdateDate />
      <LastUpdateTime />
    </Product>
    <Product>
      <PriceUpdateDate>2020/04/30 07:13</PriceUpdateDate>
      <ItemCode>608614255528</ItemCode>
      <ItemType>0</ItemType>
      <ItemName>פופקורנס טעם גריל 50 גר</ItemName>
      <ManufactureName>אבאל יזמות בעמ</ManufactureName>
      <ManufactureCountry />
      <ManufactureItemDescription />
      <UnitQty>יח`</UnitQty>
      <Quantity>50</Quantity>
      <UnitMeasure>גרם</UnitMeasure>
      <BisWeighted>0</BisWeighted>
      <QtyInPackage>1</QtyInPackage>
      <ItemPrice>4.90</ItemPrice>
      <UnitOfMeasurePrice>9.80</UnitOfMeasurePrice>
      <AllowDiscount>1</AllowDiscount>
      <itemStatus>1</itemStatus>
      <LastUpdateDate />
      <LastUpdateTime />
    </Product>
    <Product>
      <PriceUpdateDate>2020/04/30 07:13</PriceUpdateDate>
      <ItemCode>608614255535</ItemCode>
      <ItemType>0</ItemType>
      <ItemName>פופקורנס קרמל מלוח 50 גר</ItemName>
      <ManufactureName>אבאל יזמות בעמ</ManufactureName>
      <ManufactureCountry />
      <ManufactureItemDescription />
      <UnitQty>יח`</UnitQty>
      <Quantity>50</Quantity>
      <UnitMeasure>גרם</UnitMeasure>
      <BisWeighted>0</BisWeighted>
      <QtyInPackage>1</QtyInPackage>
      <ItemPrice>4.90</ItemPrice>
      <UnitOfMeasurePrice>9.80</UnitOfMeasurePrice>
      <AllowDiscount>1</AllowDiscount>
      <itemStatus>1</itemStatus>
      <LastUpdateDate />
      <LastUpdateTime />
    </Product>
    <Product>
      <PriceUpdateDate>2020/05/04 08:03</PriceUpdateDate>
      <ItemCode>3059944025003</ItemCode>
      <ItemType>1</ItemType>
      <ItemName>ויט רצועות שעווה</ItemName>
      <ManufactureName>רקיט בנקיזר (ניר איסט) בעמ</ManufactureName>
      <ManufactureCountry />
      <ManufactureItemDescription />
      <UnitQty>יח`</UnitQty>
      <Quantity>1</Quantity>
      <UnitMeasure />
      <BisWeighted>0</BisWeighted>
      <QtyInPackage>1</QtyInPackage>
      <ItemPrice>29.90</ItemPrice>
      <UnitOfMeasurePrice>29.90</UnitOfMeasurePrice>
      <AllowDiscount>0</AllowDiscount>
      <itemStatus>1</itemStatus>
      <LastUpdateDate />
      <LastUpdateTime />
    </Product>
    <Product>
      <PriceUpdateDate>2017/03/06 09:49</PriceUpdateDate>
      <ItemCode>4600659010854</ItemCode>
      <ItemType>1</ItemType>
      <ItemName>וודקה סטוליצ`יניה (700 מל)</ItemName>
      <ManufactureName>הכרם - משקאות חריפים בעמ</ManufactureName>
      <ManufactureCountry />
      <ManufactureItemDescription />
      <UnitQty>יח`</UnitQty>
      <Quantity>700</Quantity>
      <UnitMeasure>גרם</UnitMeasure>
      <BisWeighted>0</BisWeighted>
      <QtyInPackage>1</QtyInPackage>
      <ItemPrice>79.90</ItemPrice>
      <UnitOfMeasurePrice>11.37</UnitOfMeasurePrice>
      <AllowDiscount>1</AllowDiscount>
      <itemStatus>1</itemStatus>
      <LastUpdateDate />
      <LastUpdateTime />
    </Product>
    <Product>
      <PriceUpdateDate>2020/01/10 07:19</PriceUpdateDate>
      <ItemCode>4603400000043</ItemCode>
      <ItemType>1</ItemType>
      <ItemName>וודקה רוסקי יורוסטנדרט (700 מל)</ItemName>
      <ManufactureName>יורוסטנדרט בעמ</ManufactureName>
      <ManufactureCountry />
      <ManufactureItemDescription />
      <UnitQty>יח`</UnitQty>
      <Quantity>700</Quantity>
      <UnitMeasure>גרם</UnitMeasure>
      <BisWeighted>0</BisWeighted>
      <QtyInPackage>1</QtyInPackage>
      <ItemPrice>59.90</ItemPrice>
      <UnitOfMeasurePrice>8.51</UnitOfMeasurePrice>
      <AllowDiscount>1</AllowDiscount>
      <itemStatus>1</itemStatus>
      <LastUpdateDate />
      <LastUpdateTime />
    </Product>
    <Product>
      <PriceUpdateDate>2018/10/17 12:05</PriceUpdateDate>
      <ItemCode>5701932026964</ItemCode>
      <ItemType>1</ItemType>
      <ItemName>הוט פופ 600 גר`</ItemName>
      <ManufactureName>ליימן שליסל בעמ</ManufactureName>
      <ManufactureCountry />
      <ManufactureItemDescription />
      <UnitQty>יח`</UnitQty>
      <Quantity>150</Quantity>
      <UnitMeasure>גרם</UnitMeasure>
      <BisWeighted>0</BisWeighted>
      <QtyInPackage>1</QtyInPackage>
      <ItemPrice>15.90</ItemPrice>
      <UnitOfMeasurePrice>10.60</UnitOfMeasurePrice>
      <AllowDiscount>1</AllowDiscount>
      <itemStatus>1</itemStatus>
      <LastUpdateDate />
      <LastUpdateTime />
    </Product>
    <Product>
      <PriceUpdateDate>2018/10/17 12:05</PriceUpdateDate>
      <ItemCode>5701932026971</ItemCode>
      <ItemType>1</ItemType>
      <ItemName>הוט פופ חמאה 600 גר`</ItemName>
      <ManufactureName>ליימן שליסל בעמ</ManufactureName>
      <ManufactureCountry />
      <ManufactureItemDescription />
      <UnitQty>יח`</UnitQty>
      <Quantity>600</Quantity>
      <UnitMeasure>גרם</UnitMeasure>
      <BisWeighted>0</BisWeighted>
      <QtyInPackage>1</QtyInPackage>
      <ItemPrice>15.90</ItemPrice>
      <UnitOfMeasurePrice>2.65</UnitOfMeasurePrice>
      <AllowDiscount>1</AllowDiscount>
      <itemStatus>1</itemStatus>
      <LastUpdateDate />
      <LastUpdateTime />
    </Product>
    <Product>
      <PriceUpdateDate>2018/10/17 12:05</PriceUpdateDate>
      <ItemCode>5701932026995</ItemCode>
      <ItemType>1</ItemType>
      <ItemName>הוט פופ לייט 600גר`</ItemName>
      <ManufactureName>ליימן שליסל בעמ</ManufactureName>
      <ManufactureCountry />
      <ManufactureItemDescription />
      <UnitQty>יח`</UnitQty>
      <Quantity>600</Quantity>
      <UnitMeasure>גרם</UnitMeasure>
      <BisWeighted>0</BisWeighted>
      <QtyInPackage>1</QtyInPackage>
      <ItemPrice>15.90</ItemPrice>
      <UnitOfMeasurePrice>2.65</UnitOfMeasurePrice>
      <AllowDiscount>1</AllowDiscount>
      <itemStatus>1</itemStatus>
      <LastUpdateDate />
      <LastUpdateTime />
    </Product>
    <Product>
      <PriceUpdateDate>2018/10/17 12:05</PriceUpdateDate>
      <ItemCode>5706516031358</ItemCode>
      <ItemType>1</ItemType>
      <ItemName>הוט פופ 600 גר`</ItemName>
      <ManufactureName>ליימן שליסל בעמ</ManufactureName>
      <ManufactureCountry />
      <ManufactureItemDescription />
      <UnitQty>יח`</UnitQty>
      <Quantity>600</Quantity>
      <UnitMeasure>גרם</UnitMeasure>
      <BisWeighted>0</BisWeighted>
      <QtyInPackage>1</QtyInPackage>
      <ItemPrice>15.90</ItemPrice>
      <UnitOfMeasurePrice>2.65</UnitOfMeasurePrice>
      <AllowDiscount>1</AllowDiscount>
      <itemStatus>1</itemStatus>
      <LastUpdateDate />
      <LastUpdateTime />
    </Product>
    <Product>
      <PriceUpdateDate>2020/05/04 08:10</PriceUpdateDate>
      <ItemCode>7280138800007</ItemCode>
      <ItemType>1</ItemType>
      <ItemName>פחמים 2קג</ItemName>
      <ManufactureName>פחם קוואנגו סחר בעמ</ManufactureName>
      <ManufactureCountry />
      <ManufactureItemDescription />
      <UnitQty>יח`</UnitQty>
      <Quantity>2000</Quantity>
      <UnitMeasure>גרם</UnitMeasure>
      <BisWeighted>0</BisWeighted>
      <QtyInPackage>1</QtyInPackage>
      <ItemPrice>11.90</ItemPrice>
      <UnitOfMeasurePrice>0.60</UnitOfMeasurePrice>
      <AllowDiscount>0</AllowDiscount>
      <itemStatus>1</itemStatus>
      <LastUpdateDate />
      <LastUpdateTime />
    </Product>
    <Product>
      <PriceUpdateDate>2019/04/23 13:21</PriceUpdateDate>
      <ItemCode>7290000104676</ItemCode>
      <ItemType>1</ItemType>
      <ItemName>אפונה 800 גר` סנפרוסט</ItemName>
      <ManufactureName>תנובה קפואים</ManufactureName>
      <ManufactureCountry />
      <ManufactureItemDescription />
      <UnitQty>יח`</UnitQty>
      <Quantity>800</Quantity>
      <UnitMeasure>גרם</UnitMeasure>
      <BisWeighted>0</BisWeighted>
      <QtyInPackage>1</QtyInPackage>
      <ItemPrice>15.90</ItemPrice>
      <UnitOfMeasurePrice>1.99</UnitOfMeasurePrice>
      <AllowDiscount>1</AllowDiscount>
      <itemStatus>1</itemStatus>
      <LastUpdateDate />
      <LastUpdateTime />
    </Product>
    <Product>
      <PriceUpdateDate>2019/05/19 11:31</PriceUpdateDate>
      <ItemCode>7290000484747</ItemCode>
      <ItemType>1</ItemType>
      <ItemName>עלית הארק יקב הגליל (700 מל)</ItemName>
      <ManufactureName>יקב הגליל שיווק בעמ</ManufactureName>
      <ManufactureCountry />
      <ManufactureItemDescription />
      <UnitQty>יח`</UnitQty>
      <Quantity>750</Quantity>
      <UnitMeasure>גרם</UnitMeasure>
      <BisWeighted>0</BisWeighted>
      <QtyInPackage>1</QtyInPackage>
      <ItemPrice>59.90</ItemPrice>
      <UnitOfMeasurePrice>7.95</UnitOfMeasurePrice>
      <AllowDiscount>1</AllowDiscount>
      <itemStatus>1</itemStatus>
      <LastUpdateDate />
      <LastUpdateTime />
    </Product>
    <Product>
      <PriceUpdateDate>2020/05/04 11:02</PriceUpdateDate>
      <ItemCode>7290002211013</ItemCode>
      <ItemType>1</ItemType>
      <ItemName>קמח 1 קג</ItemName>
      <ManufactureName>טחנת קמח רוט קרית גת</ManufactureName>
      <ManufactureCountry />
      <ManufactureItemDescription />
      <UnitQty>יח`</UnitQty>
      <Quantity>1</Quantity>
      <UnitMeasure>ק"ג</UnitMeasure>
      <BisWeighted>0</BisWeighted>
      <QtyInPackage>1</QtyInPackage>
      <ItemPrice>3.70</ItemPrice>
      <UnitOfMeasurePrice>3.70</UnitOfMeasurePrice>
      <AllowDiscount>0</AllowDiscount>
      <itemStatus>1</itemStatus>
      <LastUpdateDate />
      <LastUpdateTime />
    </Product>
    <Product>
      <PriceUpdateDate>2020/05/04 11:02</PriceUpdateDate>
      <ItemCode>7290002211044</ItemCode>
      <ItemType>1</ItemType>
      <ItemName>סולת 1 קג</ItemName>
      <ManufactureName>טחנת קמח רוט קרית גת</ManufactureName>
      <ManufactureCountry />
      <ManufactureItemDescription />
      <UnitQty>יח`</UnitQty>
      <Quantity>1</Quantity>
      <UnitMeasure>ק"ג</UnitMeasure>
      <BisWeighted>0</BisWeighted>
      <QtyInPackage>1</QtyInPackage>
      <ItemPrice>4.90</ItemPrice>
      <UnitOfMeasurePrice>4.90</UnitOfMeasurePrice>
      <AllowDiscount>0</AllowDiscount>
      <itemStatus>1</itemStatus>
      <LastUpdateDate />
      <LastUpdateTime />
    </Product>
    <Product>
      <PriceUpdateDate>2020/05/04 11:02</PriceUpdateDate>
      <ItemCode>7290002211051</ItemCode>
      <ItemType>1</ItemType>
      <ItemName>קמח מלא 1 קג</ItemName>
      <ManufactureName>טחנת קמח רוט קרית גת</ManufactureName>
      <ManufactureCountry />
      <ManufactureItemDescription />
      <UnitQty>יח`</UnitQty>
      <Quantity>1</Quantity>
      <UnitMeasure>ק"ג</UnitMeasure>
      <BisWeighted>0</BisWeighted>
      <QtyInPackage>1</QtyInPackage>
      <ItemPrice>4.30</ItemPrice>
      <UnitOfMeasurePrice>4.30</UnitOfMeasurePrice>
      <AllowDiscount>0</AllowDiscount>
      <itemStatus>1</itemStatus>
      <LastUpdateDate />
      <LastUpdateTime />
    </Product>
    <Product>
      <PriceUpdateDate>2020/05/04 11:02</PriceUpdateDate>
      <ItemCode>7290002211068</ItemCode>
      <ItemType>1</ItemType>
      <ItemName>קמח תופח 1 קג</ItemName>
      <ManufactureName>טחנת קמח רוט קרית גת</ManufactureName>
      <ManufactureCountry />
      <ManufactureItemDescription />
      <UnitQty>יח`</UnitQty>
      <Quantity>1</Quantity>
      <UnitMeasure>ק"ג</UnitMeasure>
      <BisWeighted>0</BisWeighted>
      <QtyInPackage>1</QtyInPackage>
      <ItemPrice>4.30</ItemPrice>
      <UnitOfMeasurePrice>4.30</UnitOfMeasurePrice>
      <AllowDiscount>0</AllowDiscount>
      <itemStatus>1</itemStatus>
      <LastUpdateDate />
      <LastUpdateTime />
    </Product>
    <Product>
      <PriceUpdateDate>2020/05/04 08:15</PriceUpdateDate>
      <ItemCode>7290003578498</ItemCode>
      <ItemType>1</ItemType>
      <ItemName>חמאה מפינפלד ללא תופסת מלח 500 גר` וילי</ItemName>
      <ManufactureName>ג.וילי-פוד אינטרנשיונל בעמ</ManufactureName>
      <ManufactureCountry />
      <ManufactureItemDescription />
      <UnitQty>יח`</UnitQty>
      <Quantity>500</Quantity>
      <UnitMeasure>גרם</UnitMeasure>
      <BisWeighted>0</BisWeighted>
      <QtyInPackage>1</QtyInPackage>
      <ItemPrice>24.90</ItemPrice>
      <UnitOfMeasurePrice>4.98</UnitOfMeasurePrice>
      <AllowDiscount>0</AllowDiscount>
      <itemStatus>1</itemStatus>
      <LastUpdateDate />
      <LastUpdateTime />
    </Product>
    <Product>
      <PriceUpdateDate>2020/05/04 08:46</PriceUpdateDate>
      <ItemCode>7290005008481</ItemCode>
      <ItemType>1</ItemType>
      <ItemName>ספיד סטיק גל בסיסי ספורט פאוור</ItemName>
      <ManufactureName>ש.שסטוביץ בעמ</ManufactureName>
      <ManufactureCountry />
      <ManufactureItemDescription />
      <UnitQty>יח`</UnitQty>
      <Quantity>85</Quantity>
      <UnitMeasure>גרם</UnitMeasure>
      <BisWeighted>0</BisWeighted>
      <QtyInPackage>1</QtyInPackage>
      <ItemPrice>16.90</ItemPrice>
      <UnitOfMeasurePrice>19.88</UnitOfMeasurePrice>
      <AllowDiscount>0</AllowDiscount>
      <itemStatus>1</itemStatus>
      <LastUpdateDate />
      <LastUpdateTime />
    </Product>
    <Product>
      <PriceUpdateDate>2020/05/04 08:05</PriceUpdateDate>
      <ItemCode>7290008345576</ItemCode>
      <ItemType>1</ItemType>
      <ItemName>300 איקרה ביתית</ItemName>
      <ManufactureName>נטו מלינדה סחר בעמ</ManufactureName>
      <ManufactureCountry />
      <ManufactureItemDescription />
      <UnitQty>יח`</UnitQty>
      <Quantity>300</Quantity>
      <UnitMeasure>גרם</UnitMeasure>
      <BisWeighted>0</BisWeighted>
      <QtyInPackage>1</QtyInPackage>
      <ItemPrice>15.90</ItemPrice>
      <UnitOfMeasurePrice>5.30</UnitOfMeasurePrice>
      <AllowDiscount>0</AllowDiscount>
      <itemStatus>1</itemStatus>
      <LastUpdateDate />
      <LastUpdateTime />
    </Product>
    <Product>
      <PriceUpdateDate>2020/05/04 08:05</PriceUpdateDate>
      <ItemCode>7290008345583</ItemCode>
      <ItemType>1</ItemType>
      <ItemName>סלט איקרה ביתית ורודה דלידג (300 גרם)</ItemName>
      <ManufactureName>נטו מלינדה סחר בעמ</ManufactureName>
      <ManufactureCountry />
      <ManufactureItemDescription />
      <UnitQty>יח`</UnitQty>
      <Quantity>300</Quantity>
      <UnitMeasure>גרם</UnitMeasure>
      <BisWeighted>0</BisWeighted>
      <QtyInPackage>1</QtyInPackage>
      <ItemPrice>15.90</ItemPrice>
      <UnitOfMeasurePrice>5.30</UnitOfMeasurePrice>
      <AllowDiscount>0</AllowDiscount>
      <itemStatus>1</itemStatus>
      <LastUpdateDate />
      <LastUpdateTime />
    </Product>
    <Product>
      <PriceUpdateDate>2020/04/30 07:13</PriceUpdateDate>
      <ItemCode>7290014947108</ItemCode>
      <ItemType>1</ItemType>
      <ItemName>זן בר פריכיות כוסמין ללא מלח 120 גר</ItemName>
      <ManufactureName>אבאל יזמות בעמ</ManufactureName>
      <ManufactureCountry />
      <ManufactureItemDescription />
      <UnitQty>יח`</UnitQty>
      <Quantity>120</Quantity>
      <UnitMeasure>גרם</UnitMeasure>
      <BisWeighted>0</BisWeighted>
      <QtyInPackage>1</QtyInPackage>
      <ItemPrice>7.90</ItemPrice>
      <UnitOfMeasurePrice>6.58</UnitOfMeasurePrice>
      <AllowDiscount>1</AllowDiscount>
      <itemStatus>1</itemStatus>
      <LastUpdateDate />
      <LastUpdateTime />
    </Product>
    <Product>
      <PriceUpdateDate>2020/04/30 07:13</PriceUpdateDate>
      <ItemCode>7290014947115</ItemCode>
      <ItemType>1</ItemType>
      <ItemName>זן בר פריכיות כוסמת עם מלח 120 גר</ItemName>
      <ManufactureName>אבאל יזמות בעמ</ManufactureName>
      <ManufactureCountry />
      <ManufactureItemDescription />
      <UnitQty>יח`</UnitQty>
      <Quantity>120</Quantity>
      <UnitMeasure>גרם</UnitMeasure>
      <BisWeighted>0</BisWeighted>
      <QtyInPackage>1</QtyInPackage>
      <ItemPrice>7.90</ItemPrice>
      <UnitOfMeasurePrice>6.58</UnitOfMeasurePrice>
      <AllowDiscount>1</AllowDiscount>
      <itemStatus>1</itemStatus>
      <LastUpdateDate />
      <LastUpdateTime />
    </Product>
    <Product>
      <PriceUpdateDate>2020/04/30 07:13</PriceUpdateDate>
      <ItemCode>7290014947122</ItemCode>
      <ItemType>1</ItemType>
      <ItemName>זן בר פריכיות כוסמת ללא מלח 120 גר</ItemName>
      <ManufactureName>אבאל יזמות בעמ</ManufactureName>
      <ManufactureCountry />
      <ManufactureItemDescription />
      <UnitQty>יח`</UnitQty>
      <Quantity>120</Quantity>
      <UnitMeasure>גרם</UnitMeasure>
      <BisWeighted>0</BisWeighted>
      <QtyInPackage>1</QtyInPackage>
      <ItemPrice>7.90</ItemPrice>
      <UnitOfMeasurePrice>6.58</UnitOfMeasurePrice>
      <AllowDiscount>1</AllowDiscount>
      <itemStatus>1</itemStatus>
      <LastUpdateDate />
      <LastUpdateTime />
    </Product>
    <Product>
      <PriceUpdateDate>2020/04/30 07:13</PriceUpdateDate>
      <ItemCode>7290014947139</ItemCode>
      <ItemType>1</ItemType>
      <ItemName>זן בר פריכיות תירס עם מלח 120 גר</ItemName>
      <ManufactureName>אבאל יזמות בעמ</ManufactureName>
      <ManufactureCountry />
      <ManufactureItemDescription />
      <UnitQty>יח`</UnitQty>
      <Quantity>120</Quantity>
      <UnitMeasure>גרם</UnitMeasure>
      <BisWeighted>0</BisWeighted>
      <QtyInPackage>1</QtyInPackage>
      <ItemPrice>7.90</ItemPrice>
      <UnitOfMeasurePrice>6.58</UnitOfMeasurePrice>
      <AllowDiscount>1</AllowDiscount>
      <itemStatus>1</itemStatus>
      <LastUpdateDate />
      <LastUpdateTime />
    </Product>
    <Product>
      <PriceUpdateDate>2020/05/04 14:28</PriceUpdateDate>
      <ItemCode>7290017161006</ItemCode>
      <ItemType>1</ItemType>
      <ItemName>פטרוזליה יבולי שהם מהדרין</ItemName>
      <ManufactureName>י.ל.ת שיווק בעמ - קוסיגנציה</ManufactureName>
      <ManufactureCountry />
      <ManufactureItemDescription />
      <UnitQty>יח`</UnitQty>
      <Quantity>1</Quantity>
      <UnitMeasure />
      <BisWeighted>0</BisWeighted>
      <QtyInPackage>1</QtyInPackage>
      <ItemPrice>5.90</ItemPrice>
      <UnitOfMeasurePrice>5.90</UnitOfMeasurePrice>
      <AllowDiscount>0</AllowDiscount>
      <itemStatus>1</itemStatus>
      <LastUpdateDate />
      <LastUpdateTime />
    </Product>
    <Product>
      <PriceUpdateDate>2020/05/04 14:28</PriceUpdateDate>
      <ItemCode>7290017161013</ItemCode>
      <ItemType>1</ItemType>
      <ItemName>כוסברה יבולי שהם מהדרין</ItemName>
      <ManufactureName>י.ל.ת שיווק בעמ - קוסיגנציה</ManufactureName>
      <ManufactureCountry />
      <ManufactureItemDescription />
      <UnitQty>יח`</UnitQty>
      <Quantity>1</Quantity>
      <UnitMeasure />
      <BisWeighted>0</BisWeighted>
      <QtyInPackage>1</QtyInPackage>
      <ItemPrice>5.90</ItemPrice>
      <UnitOfMeasurePrice>5.90</UnitOfMeasurePrice>
      <AllowDiscount>0</AllowDiscount>
      <itemStatus>1</itemStatus>
      <LastUpdateDate />
      <LastUpdateTime />
    </Product>
    <Product>
      <PriceUpdateDate>2020/05/04 14:28</PriceUpdateDate>
      <ItemCode>7290017161082</ItemCode>
      <ItemType>1</ItemType>
      <ItemName>חסה רגילה מהדרין</ItemName>
      <ManufactureName>י.ל.ת שיווק בעמ - קוסיגנציה</ManufactureName>
      <ManufactureCountry />
      <ManufactureItemDescription />
      <UnitQty>יח`</UnitQty>
      <Quantity>1</Quantity>
      <UnitMeasure />
      <BisWeighted>0</BisWeighted>
      <QtyInPackage>1</QtyInPackage>
      <ItemPrice>6.90</ItemPrice>
      <UnitOfMeasurePrice>6.90</UnitOfMeasurePrice>
      <AllowDiscount>0</AllowDiscount>
      <itemStatus>1</itemStatus>
      <LastUpdateDate />
      <LastUpdateTime />
    </Product>
    <Product>
      <PriceUpdateDate>2020/05/04 08:46</PriceUpdateDate>
      <ItemCode>7290103129378</ItemCode>
      <ItemType>1</ItemType>
      <ItemName>ספיד סטיק ג`ל אי</ItemName>
      <ManufactureName>ש.שסטוביץ בעמ</ManufactureName>
      <ManufactureCountry />
      <ManufactureItemDescription />
      <UnitQty>יח`</UnitQty>
      <Quantity>85</Quantity>
      <UnitMeasure>גרם</UnitMeasure>
      <BisWeighted>0</BisWeighted>
      <QtyInPackage>1</QtyInPackage>
      <ItemPrice>17.90</ItemPrice>
      <UnitOfMeasurePrice>21.06</UnitOfMeasurePrice>
      <AllowDiscount>0</AllowDiscount>
      <itemStatus>1</itemStatus>
      <LastUpdateDate />
      <LastUpdateTime />
    </Product>
    <Product>
      <PriceUpdateDate>2015/10/06 07:21</PriceUpdateDate>
      <ItemCode>7290104727726</ItemCode>
      <ItemType>1</ItemType>
      <ItemName>שוקולד מריר עלית (100x5 גרם)</ItemName>
      <ManufactureName>שטראוס גרופ בעמ</ManufactureName>
      <ManufactureCountry />
      <ManufactureItemDescription />
      <UnitQty>יח`</UnitQty>
      <Quantity>500</Quantity>
      <UnitMeasure>גרם</UnitMeasure>
      <BisWeighted>0</BisWeighted>
      <QtyInPackage>1</QtyInPackage>
      <ItemPrice>22.90</ItemPrice>
      <UnitOfMeasurePrice>4.58</UnitOfMeasurePrice>
      <AllowDiscount>1</AllowDiscount>
      <itemStatus>1</itemStatus>
      <LastUpdateDate />
      <LastUpdateTime />
    </Product>
    <Product>
      <PriceUpdateDate>2015/10/06 07:21</PriceUpdateDate>
      <ItemCode>7290104729492</ItemCode>
      <ItemType>1</ItemType>
      <ItemName>שוקולד פרה חלב עלית (100x5 גרם)</ItemName>
      <ManufactureName>שטראוס גרופ בעמ</ManufactureName>
      <ManufactureCountry />
      <ManufactureItemDescription />
      <UnitQty>יח`</UnitQty>
      <Quantity>500</Quantity>
      <UnitMeasure>גרם</UnitMeasure>
      <BisWeighted>0</BisWeighted>
      <QtyInPackage>1</QtyInPackage>
      <ItemPrice>22.90</ItemPrice>
      <UnitOfMeasurePrice>4.58</UnitOfMeasurePrice>
      <AllowDiscount>1</AllowDiscount>
      <itemStatus>1</itemStatus>
      <LastUpdateDate />
      <LastUpdateTime />
    </Product>
    <Product>
      <PriceUpdateDate>2020/05/04 08:03</PriceUpdateDate>
      <ItemCode>7290105430489</ItemCode>
      <ItemType>1</ItemType>
      <ItemName>ליידי ספיד סטיק</ItemName>
      <ManufactureName>ש.שסטוביץ בעמ</ManufactureName>
      <ManufactureCountry />
      <ManufactureItemDescription />
      <UnitQty>יח`</UnitQty>
      <Quantity>50</Quantity>
      <UnitMeasure>גרם</UnitMeasure>
      <BisWeighted>0</BisWeighted>
      <QtyInPackage>1</QtyInPackage>
      <ItemPrice>14.90</ItemPrice>
      <UnitOfMeasurePrice>29.80</UnitOfMeasurePrice>
      <AllowDiscount>0</AllowDiscount>
      <itemStatus>1</itemStatus>
      <LastUpdateDate />
      <LastUpdateTime />
    </Product>
    <Product>
      <PriceUpdateDate>2020/05/04 08:46</PriceUpdateDate>
      <ItemCode>7290105434029</ItemCode>
      <ItemType>1</ItemType>
      <ItemName>ספיד סטיק נוטרו</ItemName>
      <ManufactureName>ש.שסטוביץ בעמ</ManufactureName>
      <ManufactureCountry />
      <ManufactureItemDescription />
      <UnitQty>יח`</UnitQty>
      <Quantity>100</Quantity>
      <UnitMeasure>גרם</UnitMeasure>
      <BisWeighted>0</BisWeighted>
      <QtyInPackage>1</QtyInPackage>
      <ItemPrice>16.90</ItemPrice>
      <UnitOfMeasurePrice>16.90</UnitOfMeasurePrice>
      <AllowDiscount>0</AllowDiscount>
      <itemStatus>1</itemStatus>
      <LastUpdateDate />
      <LastUpdateTime />
    </Product>
    <Product>
      <PriceUpdateDate>2020/05/04 08:46</PriceUpdateDate>
      <ItemCode>7290105434067</ItemCode>
      <ItemType>1</ItemType>
      <ItemName>ספיד סטיק כחול א</ItemName>
      <ManufactureName>ש.שסטוביץ בעמ</ManufactureName>
      <ManufactureCountry />
      <ManufactureItemDescription />
      <UnitQty>יח`</UnitQty>
      <Quantity>1</Quantity>
      <UnitMeasure />
      <BisWeighted>0</BisWeighted>
      <QtyInPackage>1</QtyInPackage>
      <ItemPrice>24.90</ItemPrice>
      <UnitOfMeasurePrice>24.90</UnitOfMeasurePrice>
      <AllowDiscount>0</AllowDiscount>
      <itemStatus>1</itemStatus>
      <LastUpdateDate />
      <LastUpdateTime />
    </Product>
    <Product>
      <PriceUpdateDate>2019/03/05 11:12</PriceUpdateDate>
      <ItemCode>7290105500151</ItemCode>
      <ItemType>1</ItemType>
      <ItemName>וודקה פינלנדיה 700 מל</ItemName>
      <ManufactureName>מ. אקרמן בעמ</ManufactureName>
      <ManufactureCountry />
      <ManufactureItemDescription />
      <UnitQty>יח`</UnitQty>
      <Quantity>700</Quantity>
      <UnitMeasure>גרם</UnitMeasure>
      <BisWeighted>0</BisWeighted>
      <QtyInPackage>1</QtyInPackage>
      <ItemPrice>64.90</ItemPrice>
      <UnitOfMeasurePrice>9.23</UnitOfMeasurePrice>
      <AllowDiscount>1</AllowDiscount>
      <itemStatus>1</itemStatus>
      <LastUpdateDate />
      <LastUpdateTime />
    </Product>
    <Product>
      <PriceUpdateDate>2020/05/04 08:46</PriceUpdateDate>
      <ItemCode>7290107975278</ItemCode>
      <ItemType>1</ItemType>
      <ItemName>ליידי ספיד סטיק אלוורה 45 גר</ItemName>
      <ManufactureName>ש.שסטוביץ בעמ</ManufactureName>
      <ManufactureCountry />
      <ManufactureItemDescription />
      <UnitQty>יח`</UnitQty>
      <Quantity>45</Quantity>
      <UnitMeasure>גרם</UnitMeasure>
      <BisWeighted>0</BisWeighted>
      <QtyInPackage>1</QtyInPackage>
      <ItemPrice>29.90</ItemPrice>
      <UnitOfMeasurePrice>66.44</UnitOfMeasurePrice>
      <AllowDiscount>0</AllowDiscount>
      <itemStatus>1</itemStatus>
      <LastUpdateDate />
      <LastUpdateTime />
    </Product>
    <Product>
      <PriceUpdateDate>2020/05/04 08:46</PriceUpdateDate>
      <ItemCode>7290107975346</ItemCode>
      <ItemType>1</ItemType>
      <ItemName>ספיד סטיק כח הטבע אולנג ג`ל</ItemName>
      <ManufactureName>ש.שסטוביץ בעמ</ManufactureName>
      <ManufactureCountry />
      <ManufactureItemDescription />
      <UnitQty>יח`</UnitQty>
      <Quantity>65</Quantity>
      <UnitMeasure>גרם</UnitMeasure>
      <BisWeighted>0</BisWeighted>
      <QtyInPackage>1</QtyInPackage>
      <ItemPrice>16.90</ItemPrice>
      <UnitOfMeasurePrice>26</UnitOfMeasurePrice>
      <AllowDiscount>0</AllowDiscount>
      <itemStatus>1</itemStatus>
      <LastUpdateDate />
      <LastUpdateTime />
    </Product>
  </Products>
</Prices>