<?xml version="1.0" encoding="utf-8"?>
<Prices>
  <ChainID>7290696200003</ChainID>
  <SubChainID>001</SubChainID>
  <StoreID>055</StoreID>
  <BikoretNo>000</BikoretNo>
  <Products>
    <Product>
      <PriceUpdateDate>2015/11/30 11:07</PriceUpdateDate>
      <ItemCode>142</ItemCode>
      <ItemType>0</ItemType>
      <ItemName>פיתה</ItemName>
      <ManufactureName>מאפיית כפיר צ. ידעי בעמ</ManufactureName>
      <ManufactureCountry />
      <ManufactureItemDescription />
      <UnitQty>יח`</UnitQty>
      <Quantity>1</Quantity>
      <UnitMeasure />
      <BisWeighted>0</BisWeighted>
      <QtyInPackage>1</QtyInPackage>
      <ItemPrice>1.50</ItemPrice>
      <UnitOfMeasurePrice>1.50</UnitOfMeasurePrice>
      <AllowDiscount>0</AllowDiscount>
      <itemStatus>1</itemStatus>
      <LastUpdateDate />
      <LastUpdateTime />
    </Product>
    <Product>
      <PriceUpdateDate>2019/12/03 08:29</PriceUpdateDate>
      <ItemCode>350</ItemCode>
      <ItemType>0</ItemType>
      <ItemName>רצועות בקר מעובד לטחינה</ItemName>
      <ManufactureName>בלדי בעמ</ManufactureName>
      <ManufactureCountry />
      <ManufactureItemDescription />
      <UnitQty>ק"ג</UnitQty>
      <Quantity>1</Quantity>
      <UnitMeasure />
      <BisWeighted>1</BisWeighted>
      <QtyInPackage>1</QtyInPackage>
      <ItemPrice>34.90</ItemPrice>
      <UnitOfMeasurePrice>34.90</UnitOfMeasurePrice>
      <AllowDiscount>1</AllowDiscount>
      <itemStatus>1</itemStatus>
      <LastUpdateDate />
      <LastUpdateTime />
    </Product>
    <Product>
      <PriceUpdateDate>2018/11/05 17:03</PriceUpdateDate>
      <ItemCode>600</ItemCode>
      <ItemType>0</ItemType>
      <ItemName>סנדוויץ` עובד</ItemName>
      <ManufactureName>קבוצת אסם סחר שות. מוגבלת</ManufactureName>
      <ManufactureCountry />
      <ManufactureItemDescription />
      <UnitQty>יח`</UnitQty>
      <Quantity>1</Quantity>
      <UnitMeasure />
      <BisWeighted>0</BisWeighted>
      <QtyInPackage>1</QtyInPackage>
      <ItemPrice>3.50</ItemPrice>
      <UnitOfMeasurePrice>3.50</UnitOfMeasurePrice>
      <AllowDiscount>0</AllowDiscount>
      <itemStatus>1</itemStatus>
      <LastUpdateDate />
      <LastUpdateTime />
    </Product>
    <Product>
      <PriceUpdateDate>2020/04/22 06:48</PriceUpdateDate>
      <ItemCode>2003</ItemCode>
      <ItemType>0</ItemType>
      <ItemName>אבוקדו</ItemName>
      <ManufactureName>צמח שיווק תוצרת חקלאית אגשח בע</ManufactureName>
      <ManufactureCountry />
      <ManufactureItemDescription />
      <UnitQty>ק"ג</UnitQty>
      <Quantity>1</Quantity>
      <UnitMeasure />
      <BisWeighted>1</BisWeighted>
      <QtyInPackage>1</QtyInPackage>
      <ItemPrice>15.90</ItemPrice>
      <UnitOfMeasurePrice>15.90</UnitOfMeasurePrice>
      <AllowDiscount>1</AllowDiscount>
      <itemStatus>1</itemStatus>
      <LastUpdateDate />
      <LastUpdateTime />
    </Product>
    <Product>
      <PriceUpdateDate>2020/02/23 13:33</PriceUpdateDate>
      <ItemCode>2004</ItemCode>
      <ItemType>0</ItemType>
      <ItemName>אבטיח</ItemName>
      <ManufactureName>יבולי החמישה ו.ב</ManufactureName>
      <ManufactureCountry />
      <ManufactureItemDescription />
      <UnitQty>ק"ג</UnitQty>
      <Quantity>1</Quantity>
      <UnitMeasure />
      <BisWeighted>1</BisWeighted>
      <QtyInPackage>1</QtyInPackage>
      <ItemPrice>5.90</ItemPrice>
      <UnitOfMeasurePrice>5.90</UnitOfMeasurePrice>
      <AllowDiscount>1</AllowDiscount>
      <itemStatus>1</itemStatus>
      <LastUpdateDate />
      <LastUpdateTime />
    </Product>
    <Product>
      <PriceUpdateDate>2020/04/19 11:21</PriceUpdateDate>
      <ItemCode>2006</ItemCode>
      <ItemType>0</ItemType>
      <ItemName>ארטישוק</ItemName>
      <ManufactureName>ג`אן ציון</ManufactureName>
      <ManufactureCountry />
      <ManufactureItemDescription />
      <UnitQty>ק"ג</UnitQty>
      <Quantity>1</Quantity>
      <UnitMeasure />
      <BisWeighted>1</BisWeighted>
      <QtyInPackage>1</QtyInPackage>
      <ItemPrice>6.90</ItemPrice>
      <UnitOfMeasurePrice>6.90</UnitOfMeasurePrice>
      <AllowDiscount>1</AllowDiscount>
      <itemStatus>1</itemStatus>
      <LastUpdateDate />
      <LastUpdateTime />
    </Product>
    <Product>
      <PriceUpdateDate>2020/03/15 11:52</PriceUpdateDate>
      <ItemCode>2007</ItemCode>
      <ItemType>0</ItemType>
      <ItemName>בטטה</ItemName>
      <ManufactureName>החקלאי תלמי אל-בועז חדד</ManufactureName>
      <ManufactureCountry />
      <ManufactureItemDescription />
      <UnitQty>ק"ג</UnitQty>
      <Quantity>1</Quantity>
      <UnitMeasure />
      <BisWeighted>1</BisWeighted>
      <QtyInPackage>1</QtyInPackage>
      <ItemPrice>8.90</ItemPrice>
      <UnitOfMeasurePrice>8.90</UnitOfMeasurePrice>
      <AllowDiscount>1</AllowDiscount>
      <itemStatus>1</itemStatus>
      <LastUpdateDate />
      <LastUpdateTime />
    </Product>
    <Product>
      <PriceUpdateDate>2020/05/03 12:10</PriceUpdateDate>
      <ItemCode>2009</ItemCode>
      <ItemType>0</ItemType>
      <ItemName>בננות</ItemName>
      <ManufactureName>גליל שוק מקומי אגשח בעמ</ManufactureName>
      <ManufactureCountry />
      <ManufactureItemDescription />
      <UnitQty>ק"ג</UnitQty>
      <Quantity>1</Quantity>
      <UnitMeasure />
      <BisWeighted>1</BisWeighted>
      <QtyInPackage>1</QtyInPackage>
      <ItemPrice>6.90</ItemPrice>
      <UnitOfMeasurePrice>6.90</UnitOfMeasurePrice>
      <AllowDiscount>1</AllowDiscount>
      <itemStatus>1</itemStatus>
      <LastUpdateDate />
      <LastUpdateTime />
    </Product>
    <Product>
      <PriceUpdateDate>2020/04/30 16:13</PriceUpdateDate>
      <ItemCode>2010</ItemCode>
      <ItemType>0</ItemType>
      <ItemName>בצל יבש</ItemName>
      <ManufactureName>אום אל נור לגידולים חקלאיים בע</ManufactureName>
      <ManufactureCountry />
      <ManufactureItemDescription />
      <UnitQty>ק"ג</UnitQty>
      <Quantity>1</Quantity>
      <UnitMeasure />
      <BisWeighted>1</BisWeighted>
      <QtyInPackage>1</QtyInPackage>
      <ItemPrice>3.90</ItemPrice>
      <UnitOfMeasurePrice>3.90</UnitOfMeasurePrice>
      <AllowDiscount>1</AllowDiscount>
      <itemStatus>1</itemStatus>
      <LastUpdateDate />
      <LastUpdateTime />
    </Product>
    <Product>
      <PriceUpdateDate>2013/12/31 12:18</PriceUpdateDate>
      <ItemCode>7290010051335</ItemCode>
      <ItemType>1</ItemType>
      <ItemName>בצל ירוק</ItemName>
      <ManufactureName>א.אדמה (2007) בעמ</ManufactureName>
      <ManufactureCountry />
      <ManufactureItemDescription />
      <UnitQty>יח`</UnitQty>
      <Quantity>1</Quantity>
      <UnitMeasure />
      <BisWeighted>0</BisWeighted>
      <QtyInPackage>1</QtyInPackage>
      <ItemPrice>6</ItemPrice>
      <UnitOfMeasurePrice>6</UnitOfMeasurePrice>
      <AllowDiscount>1</AllowDiscount>
      <itemStatus>1</itemStatus>
      <LastUpdateDate />
      <LastUpdateTime />
    </Product>
    <Product>
      <PriceUpdateDate>2020/04/05 11:14</PriceUpdateDate>
      <ItemCode>2012</ItemCode>
      <ItemType>0</ItemType>
      <ItemName>אננס</ItemName>
      <ManufactureName>ח.ע בסד שיווק פירות בעמ</ManufactureName>
      <ManufactureCountry />
      <ManufactureItemDescription />
      <UnitQty>יח`</UnitQty>
      <Quantity>1</Quantity>
      <UnitMeasure />
      <BisWeighted>0</BisWeighted>
      <QtyInPackage>1</QtyInPackage>
      <ItemPrice>39.90</ItemPrice>
      <UnitOfMeasurePrice>39.90</UnitOfMeasurePrice>
      <AllowDiscount>1</AllowDiscount>
      <itemStatus>1</itemStatus>
      <LastUpdateDate />
      <LastUpdateTime />
    </Product>
    <Product>
      <PriceUpdateDate>2020/04/19 10:35</PriceUpdateDate>
      <ItemCode>2014</ItemCode>
      <ItemType>0</ItemType>
      <ItemName>גזר ארוז</ItemName>
      <ManufactureName>גזר שליט (חוות מיכאל)בעמ</ManufactureName>
      <ManufactureCountry />
      <ManufactureItemDescription />
      <UnitQty>ק"ג</UnitQty>
      <Quantity>1</Quantity>
      <UnitMeasure />
      <BisWeighted>1</BisWeighted>
      <QtyInPackage>1</QtyInPackage>
      <ItemPrice>4.90</ItemPrice>
      <UnitOfMeasurePrice>4.90</UnitOfMeasurePrice>
      <AllowDiscount>1</AllowDiscount>
      <itemStatus>1</itemStatus>
      <LastUpdateDate />
      <LastUpdateTime />
    </Product>
    <Product>
      <PriceUpdateDate>2020/04/05 11:14</PriceUpdateDate>
      <ItemCode>2015</ItemCode>
      <ItemType>0</ItemType>
      <ItemName>דלעת</ItemName>
      <ManufactureName>שוסטר תעשיות מזון בעמ</ManufactureName>
      <ManufactureCountry />
      <ManufactureItemDescription />
      <UnitQty>ק"ג</UnitQty>
      <Quantity>1</Quantity>
      <UnitMeasure />
      <BisWeighted>1</BisWeighted>
      <QtyInPackage>1</QtyInPackage>
      <ItemPrice>12.90</ItemPrice>
      <UnitOfMeasurePrice>12.90</UnitOfMeasurePrice>
      <AllowDiscount>1</AllowDiscount>
      <itemStatus>1</itemStatus>
      <LastUpdateDate />
      <LastUpdateTime />
    </Product>
    <Product>
      <PriceUpdateDate>2020/04/19 11:21</PriceUpdateDate>
      <ItemCode>2016</ItemCode>
      <ItemType>0</ItemType>
      <ItemName>דלורית</ItemName>
      <ManufactureName>שוסטר תעשיות מזון בעמ</ManufactureName>
      <ManufactureCountry />
      <ManufactureItemDescription />
      <UnitQty>ק"ג</UnitQty>
      <Quantity>1</Quantity>
      <UnitMeasure />
      <BisWeighted>1</BisWeighted>
      <QtyInPackage>1</QtyInPackage>
      <ItemPrice>9.90</ItemPrice>
      <UnitOfMeasurePrice>9.90</UnitOfMeasurePrice>
      <AllowDiscount>1</AllowDiscount>
      <itemStatus>1</itemStatus>
      <LastUpdateDate />
      <LastUpdateTime />
    </Product>
    <Product>
      <PriceUpdateDate>2019/10/06 12:36</PriceUpdateDate>
      <ItemCode>2017</ItemCode>
      <ItemType>0</ItemType>
      <ItemName>תפוח זהוב</ItemName>
      <ManufactureName>בראשית - אגודה שיתופית חקלאית</ManufactureName>
      <ManufactureCountry />
      <ManufactureItemDescription />
      <UnitQty>ק"ג</UnitQty>
      <Quantity>1</Quantity>
      <UnitMeasure />
      <BisWeighted>1</BisWeighted>
      <QtyInPackage>1</QtyInPackage>
      <ItemPrice>9.90</ItemPrice>
      <UnitOfMeasurePrice>9.90</UnitOfMeasurePrice>
      <AllowDiscount>1</AllowDiscount>
      <itemStatus>1</itemStatus>
      <LastUpdateDate />
      <LastUpdateTime />
    </Product>
    <Product>
      <PriceUpdateDate>2020/01/19 12:25</PriceUpdateDate>
      <ItemCode>2019</ItemCode>
      <ItemType>0</ItemType>
      <ItemName>חסה עגולה</ItemName>
      <ManufactureName>הירוקים של רצון בעמ</ManufactureName>
      <ManufactureCountry />
      <ManufactureItemDescription />
      <UnitQty>יח`</UnitQty>
      <Quantity>1</Quantity>
      <UnitMeasure />
      <BisWeighted>0</BisWeighted>
      <QtyInPackage>1</QtyInPackage>
      <ItemPrice>5.90</ItemPrice>
      <UnitOfMeasurePrice>5.90</UnitOfMeasurePrice>
      <AllowDiscount>1</AllowDiscount>
      <itemStatus>1</itemStatus>
      <LastUpdateDate />
      <LastUpdateTime />
    </Product>
    <Product>
      <PriceUpdateDate>2019/12/15 13:46</PriceUpdateDate>
      <ItemCode>2020</ItemCode>
      <ItemType>0</ItemType>
      <ItemName>חסה רגילה</ItemName>
      <ManufactureName>הירוקים של רצון בעמ</ManufactureName>
      <ManufactureCountry />
      <ManufactureItemDescription />
      <UnitQty>יח`</UnitQty>
      <Quantity>1</Quantity>
      <UnitMeasure />
      <BisWeighted>0</BisWeighted>
      <QtyInPackage>1</QtyInPackage>
      <ItemPrice>4.90</ItemPrice>
      <UnitOfMeasurePrice>4.90</UnitOfMeasurePrice>
      <AllowDiscount>1</AllowDiscount>
      <itemStatus>1</itemStatus>
      <LastUpdateDate />
      <LastUpdateTime />
    </Product>
    <Product>
      <PriceUpdateDate>2020/03/29 12:22</PriceUpdateDate>
      <ItemCode>2021</ItemCode>
      <ItemType>0</ItemType>
      <ItemName>חצילים</ItemName>
      <ManufactureName>שיווק רפול אוליאל</ManufactureName>
      <ManufactureCountry />
      <ManufactureItemDescription />
      <UnitQty>ק"ג</UnitQty>
      <Quantity>1</Quantity>
      <UnitMeasure />
      <BisWeighted>1</BisWeighted>
      <QtyInPackage>1</QtyInPackage>
      <ItemPrice>6.90</ItemPrice>
      <UnitOfMeasurePrice>6.90</UnitOfMeasurePrice>
      <AllowDiscount>1</AllowDiscount>
      <itemStatus>1</itemStatus>
      <LastUpdateDate />
      <LastUpdateTime />
    </Product>
    <Product>
      <PriceUpdateDate>2014/11/02 12:42</PriceUpdateDate>
      <ItemCode>7290010051052</ItemCode>
      <ItemType>1</ItemType>
      <ItemName>ירק</ItemName>
      <ManufactureName>א.אדמה (2007) בעמ</ManufactureName>
      <ManufactureCountry />
      <ManufactureItemDescription />
      <UnitQty>יח`</UnitQty>
      <Quantity>1</Quantity>
      <UnitMeasure />
      <BisWeighted>0</BisWeighted>
      <QtyInPackage>1</QtyInPackage>
      <ItemPrice>3.90</ItemPrice>
      <UnitOfMeasurePrice>3.90</UnitOfMeasurePrice>
      <AllowDiscount>1</AllowDiscount>
      <itemStatus>1</itemStatus>
      <LastUpdateDate />
      <LastUpdateTime />
    </Product>
    <Product>
      <PriceUpdateDate>2020/05/03 12:10</PriceUpdateDate>
      <ItemCode>2023</ItemCode>
      <ItemType>0</ItemType>
      <ItemName>תפוח יונתן</ItemName>
      <ManufactureName>בראשית - אגודה שיתופית חקלאית</ManufactureName>
      <ManufactureCountry />
      <ManufactureItemDescription />
      <UnitQty>ק"ג</UnitQty>
      <Quantity>1</Quantity>
      <UnitMeasure />
      <BisWeighted>1</BisWeighted>
      <QtyInPackage>1</QtyInPackage>
      <ItemPrice>9.90</ItemPrice>
      <UnitOfMeasurePrice>9.90</UnitOfMeasurePrice>
      <AllowDiscount>1</AllowDiscount>
      <itemStatus>1</itemStatus>
      <LastUpdateDate />
      <LastUpdateTime />
    </Product>
    <Product>
      <PriceUpdateDate>2019/11/17 12:29</PriceUpdateDate>
      <ItemCode>2024</ItemCode>
      <ItemType>0</ItemType>
      <ItemName>כרוב לבן</ItemName>
      <ManufactureName>תעשיות תוצרת חקלאית אביטן בני</ManufactureName>
      <ManufactureCountry />
      <ManufactureItemDescription />
      <UnitQty>ק"ג</UnitQty>
      <Quantity>1</Quantity>
      <UnitMeasure />
      <BisWeighted>1</BisWeighted>
      <QtyInPackage>1</QtyInPackage>
      <ItemPrice>3.90</ItemPrice>
      <UnitOfMeasurePrice>3.90</UnitOfMeasurePrice>
      <AllowDiscount>1</AllowDiscount>
      <itemStatus>1</itemStatus>
      <LastUpdateDate />
      <LastUpdateTime />
    </Product>
    <Product>
      <PriceUpdateDate>2019/12/08 17:02</PriceUpdateDate>
      <ItemCode>2025</ItemCode>
      <ItemType>0</ItemType>
      <ItemName>כרובית</ItemName>
      <ManufactureName>ד.ע. ימין גידול ושיווק ירקות ב</ManufactureName>
      <ManufactureCountry />
      <ManufactureItemDescription />
      <UnitQty>יח`</UnitQty>
      <Quantity>1</Quantity>
      <UnitMeasure />
      <BisWeighted>0</BisWeighted>
      <QtyInPackage>1</QtyInPackage>
      <ItemPrice>9.90</ItemPrice>
      <UnitOfMeasurePrice>9.90</UnitOfMeasurePrice>
      <AllowDiscount>1</AllowDiscount>
      <itemStatus>1</itemStatus>
      <LastUpdateDate />
      <LastUpdateTime />
    </Product>
    <Product>
      <PriceUpdateDate>2013/12/31 12:19</PriceUpdateDate>
      <ItemCode>2026</ItemCode>
      <ItemType>0</ItemType>
      <ItemName>כרוב סיני</ItemName>
      <ManufactureName>בכורי שדה דרום 2002 בעמ</ManufactureName>
      <ManufactureCountry />
      <ManufactureItemDescription />
      <UnitQty>יח`</UnitQty>
      <Quantity>1</Quantity>
      <UnitMeasure />
      <BisWeighted>0</BisWeighted>
      <QtyInPackage>1</QtyInPackage>
      <ItemPrice>5</ItemPrice>
      <UnitOfMeasurePrice>5</UnitOfMeasurePrice>
      <AllowDiscount>1</AllowDiscount>
      <itemStatus>1</itemStatus>
      <LastUpdateDate />
      <LastUpdateTime />
    </Product>
    <Product>
      <PriceUpdateDate>2020/03/29 12:20</PriceUpdateDate>
      <ItemCode>2027</ItemCode>
      <ItemType>0</ItemType>
      <ItemName>לימון</ItemName>
      <ManufactureName>יהודה כרמלה</ManufactureName>
      <ManufactureCountry />
      <ManufactureItemDescription />
      <UnitQty>ק"ג</UnitQty>
      <Quantity>1</Quantity>
      <UnitMeasure />
      <BisWeighted>1</BisWeighted>
      <QtyInPackage>1</QtyInPackage>
      <ItemPrice>9.90</ItemPrice>
      <UnitOfMeasurePrice>9.90</UnitOfMeasurePrice>
      <AllowDiscount>1</AllowDiscount>
      <itemStatus>1</itemStatus>
      <LastUpdateDate />
      <LastUpdateTime />
    </Product>
    <Product>
      <PriceUpdateDate>2020/03/15 11:52</PriceUpdateDate>
      <ItemCode>2028</ItemCode>
      <ItemType>0</ItemType>
      <ItemName>מלפפון</ItemName>
      <ManufactureName>ד. חי שווק תוצרת חקלאית בעמ</ManufactureName>
      <ManufactureCountry />
      <ManufactureItemDescription />
      <UnitQty>ק"ג</UnitQty>
      <Quantity>1</Quantity>
      <UnitMeasure />
      <BisWeighted>1</BisWeighted>
      <QtyInPackage>1</QtyInPackage>
      <ItemPrice>5.90</ItemPrice>
      <UnitOfMeasurePrice>5.90</UnitOfMeasurePrice>
      <AllowDiscount>1</AllowDiscount>
      <itemStatus>1</itemStatus>
      <LastUpdateDate />
      <LastUpdateTime />
    </Product>
    <Product>
      <PriceUpdateDate>2020/05/03 12:10</PriceUpdateDate>
      <ItemCode>2029</ItemCode>
      <ItemType>0</ItemType>
      <ItemName>מלון</ItemName>
      <ManufactureName>יבולי תנובת הדרום בעמ</ManufactureName>
      <ManufactureCountry />
      <ManufactureItemDescription />
      <UnitQty>ק"ג</UnitQty>
      <Quantity>1</Quantity>
      <UnitMeasure />
      <BisWeighted>1</BisWeighted>
      <QtyInPackage>1</QtyInPackage>
      <ItemPrice>8.90</ItemPrice>
      <UnitOfMeasurePrice>8.90</UnitOfMeasurePrice>
      <AllowDiscount>1</AllowDiscount>
      <itemStatus>1</itemStatus>
      <LastUpdateDate />
      <LastUpdateTime />
    </Product>
    <Product>
      <PriceUpdateDate>2018/05/06 11:35</PriceUpdateDate>
      <ItemCode>7290010051182</ItemCode>
      <ItemType>1</ItemType>
      <ItemName>עלי נענע</ItemName>
      <ManufactureName>א.אדמה (2007) בעמ</ManufactureName>
      <ManufactureCountry />
      <ManufactureItemDescription />
      <UnitQty>יח`</UnitQty>
      <Quantity>1</Quantity>
      <UnitMeasure />
      <BisWeighted>0</BisWeighted>
      <QtyInPackage>1</QtyInPackage>
      <ItemPrice>3.90</ItemPrice>
      <UnitOfMeasurePrice>3.90</UnitOfMeasurePrice>
      <AllowDiscount>1</AllowDiscount>
      <itemStatus>1</itemStatus>
      <LastUpdateDate />
      <LastUpdateTime />
    </Product>
    <Product>
      <PriceUpdateDate>2017/04/02 10:41</PriceUpdateDate>
      <ItemCode>7290010051205</ItemCode>
      <ItemType>1</ItemType>
      <ItemName>עלי סלרי</ItemName>
      <ManufactureName>א.אדמה (2007) בעמ</ManufactureName>
      <ManufactureCountry />
      <ManufactureItemDescription />
      <UnitQty>יח`</UnitQty>
      <Quantity>1</Quantity>
      <UnitMeasure />
      <BisWeighted>0</BisWeighted>
      <QtyInPackage>1</QtyInPackage>
      <ItemPrice>4.90</ItemPrice>
      <UnitOfMeasurePrice>4.90</UnitOfMeasurePrice>
      <AllowDiscount>1</AllowDiscount>
      <itemStatus>1</itemStatus>
      <LastUpdateDate />
      <LastUpdateTime />
    </Product>
    <Product>
      <PriceUpdateDate>2013/12/18 08:32</PriceUpdateDate>
      <ItemCode>7290010051199</ItemCode>
      <ItemType>1</ItemType>
      <ItemName>שורש פטרוזיליה</ItemName>
      <ManufactureName>א.אדמה (2007) בעמ</ManufactureName>
      <ManufactureCountry />
      <ManufactureItemDescription />
      <UnitQty>יח`</UnitQty>
      <Quantity>1</Quantity>
      <UnitMeasure />
      <BisWeighted>0</BisWeighted>
      <QtyInPackage>1</QtyInPackage>
      <ItemPrice>4.90</ItemPrice>
      <UnitOfMeasurePrice>4.90</UnitOfMeasurePrice>
      <AllowDiscount>1</AllowDiscount>
      <itemStatus>1</itemStatus>
      <LastUpdateDate />
      <LastUpdateTime />
    </Product>
    <Product>
      <PriceUpdateDate>2019/12/29 13:28</PriceUpdateDate>
      <ItemCode>2033</ItemCode>
      <ItemType>0</ItemType>
      <ItemName>תפוח סמיט</ItemName>
      <ManufactureName>בראשית - אגודה שיתופית חקלאית</ManufactureName>
      <ManufactureCountry />
      <ManufactureItemDescription />
      <UnitQty>ק"ג</UnitQty>
      <Quantity>1</Quantity>
      <UnitMeasure />
      <BisWeighted>1</BisWeighted>
      <QtyInPackage>1</QtyInPackage>
      <ItemPrice>9.90</ItemPrice>
      <UnitOfMeasurePrice>9.90</UnitOfMeasurePrice>
      <AllowDiscount>1</AllowDiscount>
      <itemStatus>1</itemStatus>
      <LastUpdateDate />
      <LastUpdateTime />
    </Product>
    <Product>
      <PriceUpdateDate>2019/10/27 12:04</PriceUpdateDate>
      <ItemCode>2034</ItemCode>
      <ItemType>0</ItemType>
      <ItemName>תפוח סטארקינג חרמון</ItemName>
      <ManufactureName>בראשית - אגודה שיתופית חקלאית</ManufactureName>
      <ManufactureCountry />
      <ManufactureItemDescription />
      <UnitQty>ק"ג</UnitQty>
      <Quantity>1</Quantity>
      <UnitMeasure />
      <BisWeighted>1</BisWeighted>
      <QtyInPackage>1</QtyInPackage>
      <ItemPrice>9.90</ItemPrice>
      <UnitOfMeasurePrice>9.90</UnitOfMeasurePrice>
      <AllowDiscount>1</AllowDiscount>
      <itemStatus>1</itemStatus>
      <LastUpdateDate />
      <LastUpdateTime />
    </Product>
    <Product>
      <PriceUpdateDate>2020/04/19 10:35</PriceUpdateDate>
      <ItemCode>2035</ItemCode>
      <ItemType>0</ItemType>
      <ItemName>סלק</ItemName>
      <ManufactureName>תעשיות תוצרת חקלאית אביטן בני</ManufactureName>
      <ManufactureCountry />
      <ManufactureItemDescription />
      <UnitQty>ק"ג</UnitQty>
      <Quantity>1</Quantity>
      <UnitMeasure />
      <BisWeighted>1</BisWeighted>
      <QtyInPackage>1</QtyInPackage>
      <ItemPrice>5.90</ItemPrice>
      <UnitOfMeasurePrice>5.90</UnitOfMeasurePrice>
      <AllowDiscount>1</AllowDiscount>
      <itemStatus>1</itemStatus>
      <LastUpdateDate />
      <LastUpdateTime />
    </Product>
    <Product>
      <PriceUpdateDate>2020/04/19 10:35</PriceUpdateDate>
      <ItemCode>2036</ItemCode>
      <ItemType>0</ItemType>
      <ItemName>עגבניה</ItemName>
      <ManufactureName>שיווק העשור ירקות הזהב בעמ</ManufactureName>
      <ManufactureCountry />
      <ManufactureItemDescription />
      <UnitQty>ק"ג</UnitQty>
      <Quantity>1</Quantity>
      <UnitMeasure />
      <BisWeighted>1</BisWeighted>
      <QtyInPackage>1</QtyInPackage>
      <ItemPrice>4.90</ItemPrice>
      <UnitOfMeasurePrice>4.90</UnitOfMeasurePrice>
      <AllowDiscount>1</AllowDiscount>
      <itemStatus>1</itemStatus>
      <LastUpdateDate />
      <LastUpdateTime />
    </Product>
    <Product>
      <PriceUpdateDate>2017/09/14 09:27</PriceUpdateDate>
      <ItemCode>2038</ItemCode>
      <ItemType>0</ItemType>
      <ItemName>פטריות שמפיניון יחידה</ItemName>
      <ManufactureName>חוות השמפיניון בעמ</ManufactureName>
      <ManufactureCountry />
      <ManufactureItemDescription />
      <UnitQty>יח`</UnitQty>
      <Quantity>1</Quantity>
      <UnitMeasure />
      <BisWeighted>0</BisWeighted>
      <QtyInPackage>1</QtyInPackage>
      <ItemPrice>9.90</ItemPrice>
      <UnitOfMeasurePrice>9.90</UnitOfMeasurePrice>
      <AllowDiscount>1</AllowDiscount>
      <itemStatus>1</itemStatus>
      <LastUpdateDate />
      <LastUpdateTime />
    </Product>
    <Product>
      <PriceUpdateDate>2020/05/03 12:10</PriceUpdateDate>
      <ItemCode>2039</ItemCode>
      <ItemType>0</ItemType>
      <ItemName>פומלה</ItemName>
      <ManufactureName>מהדרין תנופורט יצוא ( ש.מ.)</ManufactureName>
      <ManufactureCountry />
      <ManufactureItemDescription />
      <UnitQty>ק"ג</UnitQty>
      <Quantity>1</Quantity>
      <UnitMeasure />
      <BisWeighted>1</BisWeighted>
      <QtyInPackage>1</QtyInPackage>
      <ItemPrice>9.90</ItemPrice>
      <UnitOfMeasurePrice>9.90</UnitOfMeasurePrice>
      <AllowDiscount>1</AllowDiscount>
      <itemStatus>1</itemStatus>
      <LastUpdateDate />
      <LastUpdateTime />
    </Product>
    <Product>
      <PriceUpdateDate>2020/03/29 12:19</PriceUpdateDate>
      <ItemCode>2040</ItemCode>
      <ItemType>0</ItemType>
      <ItemName>פלפל ירוק</ItemName>
      <ManufactureName>ד. חי שווק תוצרת חקלאית בעמ</ManufactureName>
      <ManufactureCountry />
      <ManufactureItemDescription />
      <UnitQty>ק"ג</UnitQty>
      <Quantity>1</Quantity>
      <UnitMeasure />
      <BisWeighted>1</BisWeighted>
      <QtyInPackage>1</QtyInPackage>
      <ItemPrice>9.90</ItemPrice>
      <UnitOfMeasurePrice>9.90</UnitOfMeasurePrice>
      <AllowDiscount>1</AllowDiscount>
      <itemStatus>1</itemStatus>
      <LastUpdateDate />
      <LastUpdateTime />
    </Product>
    <Product>
      <PriceUpdateDate>2020/05/03 12:10</PriceUpdateDate>
      <ItemCode>2041</ItemCode>
      <ItemType>0</ItemType>
      <ItemName>פלפל חריף</ItemName>
      <ManufactureName>ד. חי שווק תוצרת חקלאית בעמ</ManufactureName>
      <ManufactureCountry />
      <ManufactureItemDescription />
      <UnitQty>ק"ג</UnitQty>
      <Quantity>1</Quantity>
      <UnitMeasure />
      <BisWeighted>1</BisWeighted>
      <QtyInPackage>1</QtyInPackage>
      <ItemPrice>9.90</ItemPrice>
      <UnitOfMeasurePrice>9.90</UnitOfMeasurePrice>
      <AllowDiscount>1</AllowDiscount>
      <itemStatus>1</itemStatus>
      <LastUpdateDate />
      <LastUpdateTime />
    </Product>
    <Product>
      <PriceUpdateDate>2019/04/15 12:00</PriceUpdateDate>
      <ItemCode>2043</ItemCode>
      <ItemType>0</ItemType>
      <ItemName>צנונית</ItemName>
      <ManufactureName>יראון - עבודות חקלאיות בעמ</ManufactureName>
      <ManufactureCountry />
      <ManufactureItemDescription />
      <UnitQty>יח`</UnitQty>
      <Quantity>1</Quantity>
      <UnitMeasure />
      <BisWeighted>0</BisWeighted>
      <QtyInPackage>1</QtyInPackage>
      <ItemPrice>5.90</ItemPrice>
      <UnitOfMeasurePrice>5.90</UnitOfMeasurePrice>
      <AllowDiscount>1</AllowDiscount>
      <itemStatus>1</itemStatus>
      <LastUpdateDate />
      <LastUpdateTime />
    </Product>
    <Product>
      <PriceUpdateDate>2020/03/15 11:52</PriceUpdateDate>
      <ItemCode>2044</ItemCode>
      <ItemType>0</ItemType>
      <ItemName>צנון</ItemName>
      <ManufactureName>עמית בראון שיווק עמ</ManufactureName>
      <ManufactureCountry />
      <ManufactureItemDescription />
      <UnitQty>ק"ג</UnitQty>
      <Quantity>1</Quantity>
      <UnitMeasure />
      <BisWeighted>1</BisWeighted>
      <QtyInPackage>1</QtyInPackage>
      <ItemPrice>5.90</ItemPrice>
      <UnitOfMeasurePrice>5.90</UnitOfMeasurePrice>
      <AllowDiscount>1</AllowDiscount>
      <itemStatus>1</itemStatus>
      <LastUpdateDate />
      <LastUpdateTime />
    </Product>
    <Product>
      <PriceUpdateDate>2020/04/19 11:21</PriceUpdateDate>
      <ItemCode>2046</ItemCode>
      <ItemType>0</ItemType>
      <ItemName>קולורבי</ItemName>
      <ManufactureName>תעשיות תוצרת חקלאית אביטן בני</ManufactureName>
      <ManufactureCountry />
      <ManufactureItemDescription />
      <UnitQty>ק"ג</UnitQty>
      <Quantity>1</Quantity>
      <UnitMeasure />
      <BisWeighted>1</BisWeighted>
      <QtyInPackage>1</QtyInPackage>
      <ItemPrice>6.90</ItemPrice>
      <UnitOfMeasurePrice>6.90</UnitOfMeasurePrice>
      <AllowDiscount>1</AllowDiscount>
      <itemStatus>1</itemStatus>
      <LastUpdateDate />
      <LastUpdateTime />
    </Product>
    <Product>
      <PriceUpdateDate>2020/03/15 11:52</PriceUpdateDate>
      <ItemCode>2047</ItemCode>
      <ItemType>0</ItemType>
      <ItemName>קלמנטינה</ItemName>
      <ManufactureName>תעשיות תוצרת חקלאית אביטן בני</ManufactureName>
      <ManufactureCountry />
      <ManufactureItemDescription />
      <UnitQty>ק"ג</UnitQty>
      <Quantity>1</Quantity>
      <UnitMeasure />
      <BisWeighted>1</BisWeighted>
      <QtyInPackage>1</QtyInPackage>
      <ItemPrice>6.90</ItemPrice>
      <UnitOfMeasurePrice>6.90</UnitOfMeasurePrice>
      <AllowDiscount>1</AllowDiscount>
      <itemStatus>1</itemStatus>
      <LastUpdateDate />
      <LastUpdateTime />
    </Product>
    <Product>
      <PriceUpdateDate>2020/05/03 12:10</PriceUpdateDate>
      <ItemCode>2048</ItemCode>
      <ItemType>0</ItemType>
      <ItemName>קישואים</ItemName>
      <ManufactureName>ד. חי שווק תוצרת חקלאית בעמ</ManufactureName>
      <ManufactureCountry />
      <ManufactureItemDescription />
      <UnitQty>ק"ג</UnitQty>
      <Quantity>1</Quantity>
      <UnitMeasure />
      <BisWeighted>1</BisWeighted>
      <QtyInPackage>1</QtyInPackage>
      <ItemPrice>7.90</ItemPrice>
      <UnitOfMeasurePrice>7.90</UnitOfMeasurePrice>
      <AllowDiscount>1</AllowDiscount>
      <itemStatus>1</itemStatus>
      <LastUpdateDate />
      <LastUpdateTime />
    </Product>
    <Product>
      <PriceUpdateDate>2020/04/19 10:35</PriceUpdateDate>
      <ItemCode>2049</ItemCode>
      <ItemType>0</ItemType>
      <ItemName>קיווי</ItemName>
      <ManufactureName>בראשית - אגודה שיתופית חקלאית</ManufactureName>
      <ManufactureCountry />
      <ManufactureItemDescription />
      <UnitQty>ק"ג</UnitQty>
      <Quantity>1</Quantity>
      <UnitMeasure />
      <BisWeighted>1</BisWeighted>
      <QtyInPackage>1</QtyInPackage>
      <ItemPrice>12.90</ItemPrice>
      <UnitOfMeasurePrice>12.90</UnitOfMeasurePrice>
      <AllowDiscount>1</AllowDiscount>
      <itemStatus>1</itemStatus>
      <LastUpdateDate />
      <LastUpdateTime />
    </Product>
    <Product>
      <PriceUpdateDate>2020/05/03 12:10</PriceUpdateDate>
      <ItemCode>2051</ItemCode>
      <ItemType>0</ItemType>
      <ItemName>לפת</ItemName>
      <ManufactureName>מלוא הסל שיווק ירקות בעמ</ManufactureName>
      <ManufactureCountry />
      <ManufactureItemDescription />
      <UnitQty>ק"ג</UnitQty>
      <Quantity>1</Quantity>
      <UnitMeasure />
      <BisWeighted>1</BisWeighted>
      <QtyInPackage>1</QtyInPackage>
      <ItemPrice>5.90</ItemPrice>
      <UnitOfMeasurePrice>5.90</UnitOfMeasurePrice>
      <AllowDiscount>1</AllowDiscount>
      <itemStatus>1</itemStatus>
      <LastUpdateDate />
      <LastUpdateTime />
    </Product>
    <Product>
      <PriceUpdateDate>2015/09/06 09:51</PriceUpdateDate>
      <ItemCode>2052</ItemCode>
      <ItemType>0</ItemType>
      <ItemName>לוף ארוז</ItemName>
      <ManufactureName>א.אדמה (2007) בעמ</ManufactureName>
      <ManufactureCountry />
      <ManufactureItemDescription />
      <UnitQty>יח`</UnitQty>
      <Quantity>1</Quantity>
      <UnitMeasure />
      <BisWeighted>0</BisWeighted>
      <QtyInPackage>1</QtyInPackage>
      <ItemPrice>9.90</ItemPrice>
      <UnitOfMeasurePrice>9.90</UnitOfMeasurePrice>
      <AllowDiscount>1</AllowDiscount>
      <itemStatus>1</itemStatus>
      <LastUpdateDate />
      <LastUpdateTime />
    </Product>
    <Product>
      <PriceUpdateDate>2020/03/29 12:20</PriceUpdateDate>
      <ItemCode>2053</ItemCode>
      <ItemType>0</ItemType>
      <ItemName>שום יבש</ItemName>
      <ManufactureName>חברת יוסף אופנהימר 1986 בעמ</ManufactureName>
      <ManufactureCountry />
      <ManufactureItemDescription />
      <UnitQty>יח`</UnitQty>
      <Quantity>1</Quantity>
      <UnitMeasure />
      <BisWeighted>0</BisWeighted>
      <QtyInPackage>1</QtyInPackage>
      <ItemPrice>10</ItemPrice>
      <UnitOfMeasurePrice>10</UnitOfMeasurePrice>
      <AllowDiscount>1</AllowDiscount>
      <itemStatus>1</itemStatus>
      <LastUpdateDate />
      <LastUpdateTime />
    </Product>
    <Product>
      <PriceUpdateDate>2020/05/03 12:10</PriceUpdateDate>
      <ItemCode>2054</ItemCode>
      <ItemType>0</ItemType>
      <ItemName>שומר</ItemName>
      <ManufactureName>תעשיות תוצרת חקלאית אביטן בני</ManufactureName>
      <ManufactureCountry />
      <ManufactureItemDescription />
      <UnitQty>ק"ג</UnitQty>
      <Quantity>1</Quantity>
      <UnitMeasure />
      <BisWeighted>1</BisWeighted>
      <QtyInPackage>1</QtyInPackage>
      <ItemPrice>7.90</ItemPrice>
      <UnitOfMeasurePrice>7.90</UnitOfMeasurePrice>
      <AllowDiscount>1</AllowDiscount>
      <itemStatus>1</itemStatus>
      <LastUpdateDate />
      <LastUpdateTime />
    </Product>
    <Product>
      <PriceUpdateDate>2020/01/09 15:53</PriceUpdateDate>
      <ItemCode>2056</ItemCode>
      <ItemType>0</ItemType>
      <ItemName>שרי תפזורת</ItemName>
      <ManufactureName>שיווק העשור ירקות הזהב בעמ</ManufactureName>
      <ManufactureCountry />
      <ManufactureItemDescription />
      <UnitQty>ק"ג</UnitQty>
      <Quantity>1</Quantity>
      <UnitMeasure />
      <BisWeighted>1</BisWeighted>
      <QtyInPackage>1</QtyInPackage>
      <ItemPrice>12.90</ItemPrice>
      <UnitOfMeasurePrice>12.90</UnitOfMeasurePrice>
      <AllowDiscount>1</AllowDiscount>
      <itemStatus>1</itemStatus>
      <LastUpdateDate />
      <LastUpdateTime />
    </Product>
    <Product>
      <PriceUpdateDate>2019/06/10 13:31</PriceUpdateDate>
      <ItemCode>2058</ItemCode>
      <ItemType>0</ItemType>
      <ItemName>תפוא לבן</ItemName>
      <ManufactureName>עוגן שיווק *בימי שני תפוא ב -</ManufactureName>
      <ManufactureCountry />
      <ManufactureItemDescription />
      <UnitQty>ק"ג</UnitQty>
      <Quantity>1</Quantity>
      <UnitMeasure />
      <BisWeighted>1</BisWeighted>
      <QtyInPackage>1</QtyInPackage>
      <ItemPrice>3.90</ItemPrice>
      <UnitOfMeasurePrice>3.90</UnitOfMeasurePrice>
      <AllowDiscount>1</AllowDiscount>
      <itemStatus>1</itemStatus>
      <LastUpdateDate />
      <LastUpdateTime />
    </Product>
    <Product>
      <PriceUpdateDate>2020/02/16 11:53</PriceUpdateDate>
      <ItemCode>2059</ItemCode>
      <ItemType>0</ItemType>
      <ItemName>תפוזים</ItemName>
      <ManufactureName>תעשיות תוצרת חקלאית אביטן בני</ManufactureName>
      <ManufactureCountry />
      <ManufactureItemDescription />
      <UnitQty>ק"ג</UnitQty>
      <Quantity>1</Quantity>
      <UnitMeasure />
      <BisWeighted>1</BisWeighted>
      <QtyInPackage>1</QtyInPackage>
      <ItemPrice>5.90</ItemPrice>
      <UnitOfMeasurePrice>5.90</UnitOfMeasurePrice>
      <AllowDiscount>1</AllowDiscount>
      <itemStatus>1</itemStatus>
      <LastUpdateDate />
      <LastUpdateTime />
    </Product>
    <Product>
      <PriceUpdateDate>2020/05/03 12:10</PriceUpdateDate>
      <ItemCode>2060</ItemCode>
      <ItemType>0</ItemType>
      <ItemName>תירס ארוז</ItemName>
      <ManufactureName>בננות החוף אגשח בעמ</ManufactureName>
      <ManufactureCountry />
      <ManufactureItemDescription />
      <UnitQty>ק"ג</UnitQty>
      <Quantity>1</Quantity>
      <UnitMeasure />
      <BisWeighted>1</BisWeighted>
      <QtyInPackage>1</QtyInPackage>
      <ItemPrice>8.90</ItemPrice>
      <UnitOfMeasurePrice>8.90</UnitOfMeasurePrice>
      <AllowDiscount>1</AllowDiscount>
      <itemStatus>1</itemStatus>
      <LastUpdateDate />
      <LastUpdateTime />
    </Product>
    <Product>
      <PriceUpdateDate>2020/05/03 12:10</PriceUpdateDate>
      <ItemCode>2061</ItemCode>
      <ItemType>0</ItemType>
      <ItemName>פלפל אדום</ItemName>
      <ManufactureName>י.ל החקלאים שיווק והפצה בעמ</ManufactureName>
      <ManufactureCountry />
      <ManufactureItemDescription />
      <UnitQty>ק"ג</UnitQty>
      <Quantity>1</Quantity>
      <UnitMeasure />
      <BisWeighted>1</BisWeighted>
      <QtyInPackage>1</QtyInPackage>
      <ItemPrice>8.90</ItemPrice>
      <UnitOfMeasurePrice>8.90</UnitOfMeasurePrice>
      <AllowDiscount>1</AllowDiscount>
      <itemStatus>1</itemStatus>
      <LastUpdateDate />
      <LastUpdateTime />
    </Product>
    <Product>
      <PriceUpdateDate>2020/04/19 10:35</PriceUpdateDate>
      <ItemCode>2063</ItemCode>
      <ItemType>0</ItemType>
      <ItemName>אגס</ItemName>
      <ManufactureName>בראשית - אגודה שיתופית חקלאית</ManufactureName>
      <ManufactureCountry />
      <ManufactureItemDescription />
      <UnitQty>ק"ג</UnitQty>
      <Quantity>1</Quantity>
      <UnitMeasure />
      <BisWeighted>1</BisWeighted>
      <QtyInPackage>1</QtyInPackage>
      <ItemPrice>12.90</ItemPrice>
      <UnitOfMeasurePrice>12.90</UnitOfMeasurePrice>
      <AllowDiscount>1</AllowDiscount>
      <itemStatus>1</itemStatus>
      <LastUpdateDate />
      <LastUpdateTime />
    </Product>
    <Product>
      <PriceUpdateDate>2020/05/03 12:10</PriceUpdateDate>
      <ItemCode>2064</ItemCode>
      <ItemType>0</ItemType>
      <ItemName>כרוב אדום</ItemName>
      <ManufactureName>תעשיות תוצרת חקלאית אביטן בני</ManufactureName>
      <ManufactureCountry />
      <ManufactureItemDescription />
      <UnitQty>ק"ג</UnitQty>
      <Quantity>1</Quantity>
      <UnitMeasure />
      <BisWeighted>1</BisWeighted>
      <QtyInPackage>1</QtyInPackage>
      <ItemPrice>5.90</ItemPrice>
      <UnitOfMeasurePrice>5.90</UnitOfMeasurePrice>
      <AllowDiscount>1</AllowDiscount>
      <itemStatus>1</itemStatus>
      <LastUpdateDate />
      <LastUpdateTime />
    </Product>
    <Product>
      <PriceUpdateDate>2020/03/15 11:52</PriceUpdateDate>
      <ItemCode>2065</ItemCode>
      <ItemType>0</ItemType>
      <ItemName>פלפל חריף אדום</ItemName>
      <ManufactureName>דובדבן שיווק בעמ</ManufactureName>
      <ManufactureCountry />
      <ManufactureItemDescription />
      <UnitQty>ק"ג</UnitQty>
      <Quantity>1</Quantity>
      <UnitMeasure />
      <BisWeighted>1</BisWeighted>
      <QtyInPackage>1</QtyInPackage>
      <ItemPrice>11.90</ItemPrice>
      <UnitOfMeasurePrice>11.90</UnitOfMeasurePrice>
      <AllowDiscount>1</AllowDiscount>
      <itemStatus>1</itemStatus>
      <LastUpdateDate />
      <LastUpdateTime />
    </Product>
    <Product>
      <PriceUpdateDate>2020/03/29 12:19</PriceUpdateDate>
      <ItemCode>2066</ItemCode>
      <ItemType>0</ItemType>
      <ItemName>פלפל בהיר</ItemName>
      <ManufactureName>ד. חי שווק תוצרת חקלאית בעמ</ManufactureName>
      <ManufactureCountry />
      <ManufactureItemDescription />
      <UnitQty>ק"ג</UnitQty>
      <Quantity>1</Quantity>
      <UnitMeasure />
      <BisWeighted>1</BisWeighted>
      <QtyInPackage>1</QtyInPackage>
      <ItemPrice>9.90</ItemPrice>
      <UnitOfMeasurePrice>9.90</UnitOfMeasurePrice>
      <AllowDiscount>1</AllowDiscount>
      <itemStatus>1</itemStatus>
      <LastUpdateDate />
      <LastUpdateTime />
    </Product>
    <Product>
      <PriceUpdateDate>2020/04/30 16:13</PriceUpdateDate>
      <ItemCode>2067</ItemCode>
      <ItemType>0</ItemType>
      <ItemName>פלפל צהוב</ItemName>
      <ManufactureName>ד. חי שווק תוצרת חקלאית בעמ</ManufactureName>
      <ManufactureCountry />
      <ManufactureItemDescription />
      <UnitQty>ק"ג</UnitQty>
      <Quantity>1</Quantity>
      <UnitMeasure />
      <BisWeighted>1</BisWeighted>
      <QtyInPackage>1</QtyInPackage>
      <ItemPrice>9.90</ItemPrice>
      <UnitOfMeasurePrice>9.90</UnitOfMeasurePrice>
      <AllowDiscount>1</AllowDiscount>
      <itemStatus>1</itemStatus>
      <LastUpdateDate />
      <LastUpdateTime />
    </Product>
    <Product>
      <PriceUpdateDate>2020/03/29 12:17</PriceUpdateDate>
      <ItemCode>2068</ItemCode>
      <ItemType>0</ItemType>
      <ItemName>אפרסמון</ItemName>
      <ManufactureName>מור פירות השרון בעמ</ManufactureName>
      <ManufactureCountry />
      <ManufactureItemDescription />
      <UnitQty>ק"ג</UnitQty>
      <Quantity>1</Quantity>
      <UnitMeasure />
      <BisWeighted>1</BisWeighted>
      <QtyInPackage>1</QtyInPackage>
      <ItemPrice>9.90</ItemPrice>
      <UnitOfMeasurePrice>9.90</UnitOfMeasurePrice>
      <AllowDiscount>1</AllowDiscount>
      <itemStatus>1</itemStatus>
      <LastUpdateDate />
      <LastUpdateTime />
    </Product>
    <Product>
      <PriceUpdateDate>2015/07/28 09:45</PriceUpdateDate>
      <ItemCode>7290010051724</ItemCode>
      <ItemType>1</ItemType>
      <ItemName>מלפפון בייבי</ItemName>
      <ManufactureName>א.אדמה (2007) בעמ</ManufactureName>
      <ManufactureCountry />
      <ManufactureItemDescription />
      <UnitQty>יח`</UnitQty>
      <Quantity>1</Quantity>
      <UnitMeasure />
      <BisWeighted>0</BisWeighted>
      <QtyInPackage>1</QtyInPackage>
      <ItemPrice>8.90</ItemPrice>
      <UnitOfMeasurePrice>8.90</UnitOfMeasurePrice>
      <AllowDiscount>1</AllowDiscount>
      <itemStatus>1</itemStatus>
      <LastUpdateDate />
      <LastUpdateTime />
    </Product>
    <Product>
      <PriceUpdateDate>2020/04/19 10:35</PriceUpdateDate>
      <ItemCode>2072</ItemCode>
      <ItemType>0</ItemType>
      <ItemName>בצל אדום</ItemName>
      <ManufactureName>אום אל נור לגידולים חקלאיים בע</ManufactureName>
      <ManufactureCountry />
      <ManufactureItemDescription />
      <UnitQty>ק"ג</UnitQty>
      <Quantity>1</Quantity>
      <UnitMeasure />
      <BisWeighted>1</BisWeighted>
      <QtyInPackage>1</QtyInPackage>
      <ItemPrice>5.90</ItemPrice>
      <UnitOfMeasurePrice>5.90</UnitOfMeasurePrice>
      <AllowDiscount>1</AllowDiscount>
      <itemStatus>1</itemStatus>
      <LastUpdateDate />
      <LastUpdateTime />
    </Product>
    <Product>
      <PriceUpdateDate>2017/11/05 09:27</PriceUpdateDate>
      <ItemCode>2074</ItemCode>
      <ItemType>0</ItemType>
      <ItemName>שרי ארוז</ItemName>
      <ManufactureName>צימן עגבניות</ManufactureName>
      <ManufactureCountry />
      <ManufactureItemDescription />
      <UnitQty>יח`</UnitQty>
      <Quantity>1</Quantity>
      <UnitMeasure />
      <BisWeighted>0</BisWeighted>
      <QtyInPackage>1</QtyInPackage>
      <ItemPrice>9.90</ItemPrice>
      <UnitOfMeasurePrice>9.90</UnitOfMeasurePrice>
      <AllowDiscount>1</AllowDiscount>
      <itemStatus>1</itemStatus>
      <LastUpdateDate />
      <LastUpdateTime />
    </Product>
    <Product>
      <PriceUpdateDate>2020/05/03 12:10</PriceUpdateDate>
      <ItemCode>2080</ItemCode>
      <ItemType>0</ItemType>
      <ItemName>נקטרינה</ItemName>
      <ManufactureName>מיטב פרי הרמה (1995) בעמ</ManufactureName>
      <ManufactureCountry />
      <ManufactureItemDescription />
      <UnitQty>ק"ג</UnitQty>
      <Quantity>1</Quantity>
      <UnitMeasure />
      <BisWeighted>1</BisWeighted>
      <QtyInPackage>1</QtyInPackage>
      <ItemPrice>15.90</ItemPrice>
      <UnitOfMeasurePrice>15.90</UnitOfMeasurePrice>
      <AllowDiscount>1</AllowDiscount>
      <itemStatus>1</itemStatus>
      <LastUpdateDate />
      <LastUpdateTime />
    </Product>
    <Product>
      <PriceUpdateDate>2020/02/05 21:41</PriceUpdateDate>
      <ItemCode>2081</ItemCode>
      <ItemType>0</ItemType>
      <ItemName>ענבי טלי שחורים</ItemName>
      <ManufactureName>לכיש מושב עובדים להתישבות חקלא</ManufactureName>
      <ManufactureCountry />
      <ManufactureItemDescription />
      <UnitQty>ק"ג</UnitQty>
      <Quantity>1</Quantity>
      <UnitMeasure />
      <BisWeighted>1</BisWeighted>
      <QtyInPackage>1</QtyInPackage>
      <ItemPrice>29.90</ItemPrice>
      <UnitOfMeasurePrice>29.90</UnitOfMeasurePrice>
      <AllowDiscount>1</AllowDiscount>
      <itemStatus>1</itemStatus>
      <LastUpdateDate />
      <LastUpdateTime />
    </Product>
    <Product>
      <PriceUpdateDate>2020/03/26 07:15</PriceUpdateDate>
      <ItemCode>2082</ItemCode>
      <ItemType>0</ItemType>
      <ItemName>תפוח פינק ליידי</ItemName>
      <ManufactureName>בראשית - אגודה שיתופית חקלאית</ManufactureName>
      <ManufactureCountry />
      <ManufactureItemDescription />
      <UnitQty>ק"ג</UnitQty>
      <Quantity>1</Quantity>
      <UnitMeasure />
      <BisWeighted>1</BisWeighted>
      <QtyInPackage>1</QtyInPackage>
      <ItemPrice>14.90</ItemPrice>
      <UnitOfMeasurePrice>14.90</UnitOfMeasurePrice>
      <AllowDiscount>1</AllowDiscount>
      <itemStatus>1</itemStatus>
      <LastUpdateDate />
      <LastUpdateTime />
    </Product>
    <Product>
      <PriceUpdateDate>2018/07/23 12:28</PriceUpdateDate>
      <ItemCode>2086</ItemCode>
      <ItemType>0</ItemType>
      <ItemName>מג`הול תמר בקופסא</ItemName>
      <ManufactureName>דין שיווק וקליה בעמ</ManufactureName>
      <ManufactureCountry />
      <ManufactureItemDescription />
      <UnitQty>יח`</UnitQty>
      <Quantity>1</Quantity>
      <UnitMeasure />
      <BisWeighted>0</BisWeighted>
      <QtyInPackage>1</QtyInPackage>
      <ItemPrice>19.90</ItemPrice>
      <UnitOfMeasurePrice>19.90</UnitOfMeasurePrice>
      <AllowDiscount>1</AllowDiscount>
      <itemStatus>1</itemStatus>
      <LastUpdateDate />
      <LastUpdateTime />
    </Product>
    <Product>
      <PriceUpdateDate>2020/05/03 12:10</PriceUpdateDate>
      <ItemCode>2090</ItemCode>
      <ItemType>0</ItemType>
      <ItemName>שסק</ItemName>
      <ManufactureName>אלדד קליימן שיווק בעמ</ManufactureName>
      <ManufactureCountry />
      <ManufactureItemDescription />
      <UnitQty>ק"ג</UnitQty>
      <Quantity>1</Quantity>
      <UnitMeasure />
      <BisWeighted>1</BisWeighted>
      <QtyInPackage>1</QtyInPackage>
      <ItemPrice>12.90</ItemPrice>
      <UnitOfMeasurePrice>12.90</UnitOfMeasurePrice>
      <AllowDiscount>1</AllowDiscount>
      <itemStatus>1</itemStatus>
      <LastUpdateDate />
      <LastUpdateTime />
    </Product>
    <Product>
      <PriceUpdateDate>2020/05/03 12:10</PriceUpdateDate>
      <ItemCode>2091</ItemCode>
      <ItemType>0</ItemType>
      <ItemName>אפרסק</ItemName>
      <ManufactureName>מיטב פרי הרמה (1995) בעמ</ManufactureName>
      <ManufactureCountry />
      <ManufactureItemDescription />
      <UnitQty>ק"ג</UnitQty>
      <Quantity>1</Quantity>
      <UnitMeasure />
      <BisWeighted>1</BisWeighted>
      <QtyInPackage>1</QtyInPackage>
      <ItemPrice>15.90</ItemPrice>
      <UnitOfMeasurePrice>15.90</UnitOfMeasurePrice>
      <AllowDiscount>1</AllowDiscount>
      <itemStatus>1</itemStatus>
      <LastUpdateDate />
      <LastUpdateTime />
    </Product>
    <Product>
      <PriceUpdateDate>2020/04/19 11:21</PriceUpdateDate>
      <ItemCode>2092</ItemCode>
      <ItemType>0</ItemType>
      <ItemName>פלפל שושקה</ItemName>
      <ManufactureName>ד. חי שווק תוצרת חקלאית בעמ</ManufactureName>
      <ManufactureCountry />
      <ManufactureItemDescription />
      <UnitQty>ק"ג</UnitQty>
      <Quantity>1</Quantity>
      <UnitMeasure />
      <BisWeighted>1</BisWeighted>
      <QtyInPackage>1</QtyInPackage>
      <ItemPrice>9.90</ItemPrice>
      <UnitOfMeasurePrice>9.90</UnitOfMeasurePrice>
      <AllowDiscount>1</AllowDiscount>
      <itemStatus>1</itemStatus>
      <LastUpdateDate />
      <LastUpdateTime />
    </Product>
    <Product>
      <PriceUpdateDate>2020/04/05 11:14</PriceUpdateDate>
      <ItemCode>2095</ItemCode>
      <ItemType>0</ItemType>
      <ItemName>סברס</ItemName>
      <ManufactureName>מהדרין תנופורט יצוא ( ש.מ.)</ManufactureName>
      <ManufactureCountry />
      <ManufactureItemDescription />
      <UnitQty>ק"ג</UnitQty>
      <Quantity>1</Quantity>
      <UnitMeasure />
      <BisWeighted>1</BisWeighted>
      <QtyInPackage>1</QtyInPackage>
      <ItemPrice>29.90</ItemPrice>
      <UnitOfMeasurePrice>29.90</UnitOfMeasurePrice>
      <AllowDiscount>1</AllowDiscount>
      <itemStatus>1</itemStatus>
      <LastUpdateDate />
      <LastUpdateTime />
    </Product>
    <Product>
      <PriceUpdateDate>2020/04/30 10:21</PriceUpdateDate>
      <ItemCode>7290008268004</ItemCode>
      <ItemType>1</ItemType>
      <ItemName>דובדבנים ארוז</ItemName>
      <ManufactureName>בראשית - אגודה שיתופית חקלאית</ManufactureName>
      <ManufactureCountry />
      <ManufactureItemDescription />
      <UnitQty>יח`</UnitQty>
      <Quantity>1</Quantity>
      <UnitMeasure />
      <BisWeighted>0</BisWeighted>
      <QtyInPackage>1</QtyInPackage>
      <ItemPrice>29.90</ItemPrice>
      <UnitOfMeasurePrice>29.90</UnitOfMeasurePrice>
      <AllowDiscount>1</AllowDiscount>
      <itemStatus>1</itemStatus>
      <LastUpdateDate />
      <LastUpdateTime />
    </Product>
    <Product>
      <PriceUpdateDate>2020/05/03 12:10</PriceUpdateDate>
      <ItemCode>2098</ItemCode>
      <ItemType>0</ItemType>
      <ItemName>משמש</ItemName>
      <ManufactureName>גליל שוק מקומי אגשח בעמ</ManufactureName>
      <ManufactureCountry />
      <ManufactureItemDescription />
      <UnitQty>ק"ג</UnitQty>
      <Quantity>1</Quantity>
      <UnitMeasure />
      <BisWeighted>1</BisWeighted>
      <QtyInPackage>1</QtyInPackage>
      <ItemPrice>29.90</ItemPrice>
      <UnitOfMeasurePrice>29.90</UnitOfMeasurePrice>
      <AllowDiscount>1</AllowDiscount>
      <itemStatus>1</itemStatus>
      <LastUpdateDate />
      <LastUpdateTime />
    </Product>
    <Product>
      <PriceUpdateDate>2017/01/03 08:09</PriceUpdateDate>
      <ItemCode>2101</ItemCode>
      <ItemType>0</ItemType>
      <ItemName>פטרוזליה</ItemName>
      <ManufactureName>א.אדמה (2007) בעמ</ManufactureName>
      <ManufactureCountry />
      <ManufactureItemDescription />
      <UnitQty>יח`</UnitQty>
      <Quantity>1</Quantity>
      <UnitMeasure />
      <BisWeighted>0</BisWeighted>
      <QtyInPackage>1</QtyInPackage>
      <ItemPrice>3.90</ItemPrice>
      <UnitOfMeasurePrice>3.90</UnitOfMeasurePrice>
      <AllowDiscount>1</AllowDiscount>
      <itemStatus>1</itemStatus>
      <LastUpdateDate />
      <LastUpdateTime />
    </Product>
    <Product>
      <PriceUpdateDate>2013/12/05 08:27</PriceUpdateDate>
      <ItemCode>7290010051298</ItemCode>
      <ItemType>1</ItemType>
      <ItemName>סלק עלים מנגולד</ItemName>
      <ManufactureName>א.אדמה (2007) בעמ</ManufactureName>
      <ManufactureCountry />
      <ManufactureItemDescription />
      <UnitQty>יח`</UnitQty>
      <Quantity>1</Quantity>
      <UnitMeasure />
      <BisWeighted>0</BisWeighted>
      <QtyInPackage>1</QtyInPackage>
      <ItemPrice>4.90</ItemPrice>
      <UnitOfMeasurePrice>4.90</UnitOfMeasurePrice>
      <AllowDiscount>1</AllowDiscount>
      <itemStatus>1</itemStatus>
      <LastUpdateDate />
      <LastUpdateTime />
    </Product>
    <Product>
      <PriceUpdateDate>2020/04/30 16:13</PriceUpdateDate>
      <ItemCode>2113</ItemCode>
      <ItemType>0</ItemType>
      <ItemName>פלפל כתום</ItemName>
      <ManufactureName>י.ל החקלאים שיווק והפצה בעמ</ManufactureName>
      <ManufactureCountry />
      <ManufactureItemDescription />
      <UnitQty>ק"ג</UnitQty>
      <Quantity>1</Quantity>
      <UnitMeasure />
      <BisWeighted>1</BisWeighted>
      <QtyInPackage>1</QtyInPackage>
      <ItemPrice>9.90</ItemPrice>
      <UnitOfMeasurePrice>9.90</UnitOfMeasurePrice>
      <AllowDiscount>1</AllowDiscount>
      <itemStatus>1</itemStatus>
      <LastUpdateDate />
      <LastUpdateTime />
    </Product>
    <Product>
      <PriceUpdateDate>2020/03/29 12:17</PriceUpdateDate>
      <ItemCode>2115</ItemCode>
      <ItemType>0</ItemType>
      <ItemName>שום טרי בתפזורת</ItemName>
      <ManufactureName>בננות החוף אגשח בעמ</ManufactureName>
      <ManufactureCountry />
      <ManufactureItemDescription />
      <UnitQty>ק"ג</UnitQty>
      <Quantity>1</Quantity>
      <UnitMeasure />
      <BisWeighted>1</BisWeighted>
      <QtyInPackage>1</QtyInPackage>
      <ItemPrice>29.90</ItemPrice>
      <UnitOfMeasurePrice>29.90</UnitOfMeasurePrice>
      <AllowDiscount>1</AllowDiscount>
      <itemStatus>1</itemStatus>
      <LastUpdateDate />
      <LastUpdateTime />
    </Product>
    <Product>
      <PriceUpdateDate>2020/04/05 11:14</PriceUpdateDate>
      <ItemCode>2116</ItemCode>
      <ItemType>0</ItemType>
      <ItemName>קישואים עגולים</ItemName>
      <ManufactureName>עמית בראון שיווק עמ</ManufactureName>
      <ManufactureCountry />
      <ManufactureItemDescription />
      <UnitQty>ק"ג</UnitQty>
      <Quantity>1</Quantity>
      <UnitMeasure />
      <BisWeighted>1</BisWeighted>
      <QtyInPackage>1</QtyInPackage>
      <ItemPrice>12.90</ItemPrice>
      <UnitOfMeasurePrice>12.90</UnitOfMeasurePrice>
      <AllowDiscount>1</AllowDiscount>
      <itemStatus>1</itemStatus>
      <LastUpdateDate />
      <LastUpdateTime />
    </Product>
    <Product>
      <PriceUpdateDate>2020/04/19 11:21</PriceUpdateDate>
      <ItemCode>2117</ItemCode>
      <ItemType>0</ItemType>
      <ItemName>פול ירוק</ItemName>
      <ManufactureName>דובדבן שיווק בעמ</ManufactureName>
      <ManufactureCountry />
      <ManufactureItemDescription />
      <UnitQty>ק"ג</UnitQty>
      <Quantity>1</Quantity>
      <UnitMeasure />
      <BisWeighted>1</BisWeighted>
      <QtyInPackage>1</QtyInPackage>
      <ItemPrice>7.90</ItemPrice>
      <UnitOfMeasurePrice>7.90</UnitOfMeasurePrice>
      <AllowDiscount>1</AllowDiscount>
      <itemStatus>1</itemStatus>
      <LastUpdateDate />
      <LastUpdateTime />
    </Product>
    <Product>
      <PriceUpdateDate>2019/06/10 13:31</PriceUpdateDate>
      <ItemCode>2120</ItemCode>
      <ItemType>0</ItemType>
      <ItemName>תפוא אדום</ItemName>
      <ManufactureName>עוגן שיווק *בימי שני תפוא ב -</ManufactureName>
      <ManufactureCountry />
      <ManufactureItemDescription />
      <UnitQty>ק"ג</UnitQty>
      <Quantity>1</Quantity>
      <UnitMeasure />
      <BisWeighted>1</BisWeighted>
      <QtyInPackage>1</QtyInPackage>
      <ItemPrice>4.90</ItemPrice>
      <UnitOfMeasurePrice>4.90</UnitOfMeasurePrice>
      <AllowDiscount>1</AllowDiscount>
      <itemStatus>1</itemStatus>
      <LastUpdateDate />
      <LastUpdateTime />
    </Product>
    <Product>
      <PriceUpdateDate>2020/03/08 11:05</PriceUpdateDate>
      <ItemCode>2128</ItemCode>
      <ItemType>0</ItemType>
      <ItemName>פסיפלורה</ItemName>
      <ManufactureName>אלדד קליימן שיווק בעמ</ManufactureName>
      <ManufactureCountry />
      <ManufactureItemDescription />
      <UnitQty>יח`</UnitQty>
      <Quantity>1</Quantity>
      <UnitMeasure />
      <BisWeighted>0</BisWeighted>
      <QtyInPackage>1</QtyInPackage>
      <ItemPrice>12.90</ItemPrice>
      <UnitOfMeasurePrice>12.90</UnitOfMeasurePrice>
      <AllowDiscount>1</AllowDiscount>
      <itemStatus>1</itemStatus>
      <LastUpdateDate />
      <LastUpdateTime />
    </Product>
    <Product>
      <PriceUpdateDate>2020/01/05 11:34</PriceUpdateDate>
      <ItemCode>2132</ItemCode>
      <ItemType>0</ItemType>
      <ItemName>ברוקולי ארוז</ItemName>
      <ManufactureName>בננות החוף אגשח בעמ</ManufactureName>
      <ManufactureCountry />
      <ManufactureItemDescription />
      <UnitQty>יח`</UnitQty>
      <Quantity>1</Quantity>
      <UnitMeasure />
      <BisWeighted>0</BisWeighted>
      <QtyInPackage>1</QtyInPackage>
      <ItemPrice>9.90</ItemPrice>
      <UnitOfMeasurePrice>9.90</UnitOfMeasurePrice>
      <AllowDiscount>1</AllowDiscount>
      <itemStatus>1</itemStatus>
      <LastUpdateDate />
      <LastUpdateTime />
    </Product>
    <Product>
      <PriceUpdateDate>2020/03/22 14:55</PriceUpdateDate>
      <ItemCode>2134</ItemCode>
      <ItemType>0</ItemType>
      <ItemName>תפוח נאשי</ItemName>
      <ManufactureName>בראשית - אגודה שיתופית חקלאית</ManufactureName>
      <ManufactureCountry />
      <ManufactureItemDescription />
      <UnitQty>ק"ג</UnitQty>
      <Quantity>1</Quantity>
      <UnitMeasure />
      <BisWeighted>1</BisWeighted>
      <QtyInPackage>1</QtyInPackage>
      <ItemPrice>14.90</ItemPrice>
      <UnitOfMeasurePrice>14.90</UnitOfMeasurePrice>
      <AllowDiscount>1</AllowDiscount>
      <itemStatus>1</itemStatus>
      <LastUpdateDate />
      <LastUpdateTime />
    </Product>
    <Product>
      <PriceUpdateDate>2013/12/31 12:18</PriceUpdateDate>
      <ItemCode>2136</ItemCode>
      <ItemType>0</ItemType>
      <ItemName>קורנית/טימין</ItemName>
      <ManufactureName>מרינה פטריות הגליל בעמ</ManufactureName>
      <ManufactureCountry />
      <ManufactureItemDescription />
      <UnitQty>יח`</UnitQty>
      <Quantity>1</Quantity>
      <UnitMeasure />
      <BisWeighted>0</BisWeighted>
      <QtyInPackage>1</QtyInPackage>
      <ItemPrice>4</ItemPrice>
      <UnitOfMeasurePrice>4</UnitOfMeasurePrice>
      <AllowDiscount>1</AllowDiscount>
      <itemStatus>1</itemStatus>
      <LastUpdateDate />
      <LastUpdateTime />
    </Product>
    <Product>
      <PriceUpdateDate>2018/08/12 12:25</PriceUpdateDate>
      <ItemCode>7290006704061</ItemCode>
      <ItemType>1</ItemType>
      <ItemName>עירית ארוזה</ItemName>
      <ManufactureName>א.אדמה (2007) בעמ</ManufactureName>
      <ManufactureCountry />
      <ManufactureItemDescription />
      <UnitQty>יח`</UnitQty>
      <Quantity>1</Quantity>
      <UnitMeasure />
      <BisWeighted>0</BisWeighted>
      <QtyInPackage>1</QtyInPackage>
      <ItemPrice>4.90</ItemPrice>
      <UnitOfMeasurePrice>4.90</UnitOfMeasurePrice>
      <AllowDiscount>1</AllowDiscount>
      <itemStatus>1</itemStatus>
      <LastUpdateDate />
      <LastUpdateTime />
    </Product>
    <Product>
      <PriceUpdateDate>2020/04/19 10:35</PriceUpdateDate>
      <ItemCode>2144</ItemCode>
      <ItemType>0</ItemType>
      <ItemName>קישוא זוקיני</ItemName>
      <ManufactureName>עמית בראון שיווק עמ</ManufactureName>
      <ManufactureCountry />
      <ManufactureItemDescription />
      <UnitQty>ק"ג</UnitQty>
      <Quantity>1</Quantity>
      <UnitMeasure />
      <BisWeighted>1</BisWeighted>
      <QtyInPackage>1</QtyInPackage>
      <ItemPrice>7.90</ItemPrice>
      <UnitOfMeasurePrice>7.90</UnitOfMeasurePrice>
      <AllowDiscount>1</AllowDiscount>
      <itemStatus>1</itemStatus>
      <LastUpdateDate />
      <LastUpdateTime />
    </Product>
    <Product>
      <PriceUpdateDate>2018/05/06 11:35</PriceUpdateDate>
      <ItemCode>7290010051038</ItemCode>
      <ItemType>1</ItemType>
      <ItemName>אספרגוס ארוז</ItemName>
      <ManufactureName>א.אדמה (2007) בעמ</ManufactureName>
      <ManufactureCountry />
      <ManufactureItemDescription />
      <UnitQty>יח`</UnitQty>
      <Quantity>1</Quantity>
      <UnitMeasure />
      <BisWeighted>0</BisWeighted>
      <QtyInPackage>1</QtyInPackage>
      <ItemPrice>24.90</ItemPrice>
      <UnitOfMeasurePrice>24.90</UnitOfMeasurePrice>
      <AllowDiscount>1</AllowDiscount>
      <itemStatus>1</itemStatus>
      <LastUpdateDate />
      <LastUpdateTime />
    </Product>
    <Product>
      <PriceUpdateDate>2019/12/08 17:02</PriceUpdateDate>
      <ItemCode>2158</ItemCode>
      <ItemType>0</ItemType>
      <ItemName>תפוזים ברשת</ItemName>
      <ManufactureName>מהדרין תנופורט יצוא ( ש.מ.)</ManufactureName>
      <ManufactureCountry />
      <ManufactureItemDescription />
      <UnitQty>ק"ג</UnitQty>
      <Quantity>1</Quantity>
      <UnitMeasure />
      <BisWeighted>1</BisWeighted>
      <QtyInPackage>1</QtyInPackage>
      <ItemPrice>4.90</ItemPrice>
      <UnitOfMeasurePrice>4.90</UnitOfMeasurePrice>
      <AllowDiscount>1</AllowDiscount>
      <itemStatus>1</itemStatus>
      <LastUpdateDate />
      <LastUpdateTime />
    </Product>
    <Product>
      <PriceUpdateDate>2019/12/01 11:02</PriceUpdateDate>
      <ItemCode>2162</ItemCode>
      <ItemType>0</ItemType>
      <ItemName>תפוא תפזורת</ItemName>
      <ManufactureName>בכורי שדה דרום 2002 בעמ</ManufactureName>
      <ManufactureCountry />
      <ManufactureItemDescription />
      <UnitQty>ק"ג</UnitQty>
      <Quantity>1</Quantity>
      <UnitMeasure />
      <BisWeighted>1</BisWeighted>
      <QtyInPackage>1</QtyInPackage>
      <ItemPrice>5.90</ItemPrice>
      <UnitOfMeasurePrice>5.90</UnitOfMeasurePrice>
      <AllowDiscount>1</AllowDiscount>
      <itemStatus>1</itemStatus>
      <LastUpdateDate />
      <LastUpdateTime />
    </Product>
    <Product>
      <PriceUpdateDate>2020/04/19 11:21</PriceUpdateDate>
      <ItemCode>2165</ItemCode>
      <ItemType>0</ItemType>
      <ItemName>פטריות חומות תפזורת גדולות למילוי</ItemName>
      <ManufactureName>חוות השמפיניון בעמ</ManufactureName>
      <ManufactureCountry />
      <ManufactureItemDescription />
      <UnitQty>ק"ג</UnitQty>
      <Quantity>1</Quantity>
      <UnitMeasure />
      <BisWeighted>1</BisWeighted>
      <QtyInPackage>1</QtyInPackage>
      <ItemPrice>39.90</ItemPrice>
      <UnitOfMeasurePrice>39.90</UnitOfMeasurePrice>
      <AllowDiscount>1</AllowDiscount>
      <itemStatus>1</itemStatus>
      <LastUpdateDate />
      <LastUpdateTime />
    </Product>
    <Product>
      <PriceUpdateDate>2013/12/31 12:19</PriceUpdateDate>
      <ItemCode>2168</ItemCode>
      <ItemType>0</ItemType>
      <ItemName>תפוח ברשת</ItemName>
      <ManufactureName>אמצע השוק בעמ</ManufactureName>
      <ManufactureCountry />
      <ManufactureItemDescription />
      <UnitQty>ק"ג</UnitQty>
      <Quantity>1</Quantity>
      <UnitMeasure />
      <BisWeighted>1</BisWeighted>
      <QtyInPackage>1</QtyInPackage>
      <ItemPrice>9</ItemPrice>
      <UnitOfMeasurePrice>9</UnitOfMeasurePrice>
      <AllowDiscount>1</AllowDiscount>
      <itemStatus>1</itemStatus>
      <LastUpdateDate />
      <LastUpdateTime />
    </Product>
    <Product>
      <PriceUpdateDate>2020/05/03 12:10</PriceUpdateDate>
      <ItemCode>2173</ItemCode>
      <ItemType>0</ItemType>
      <ItemName>חציל בלדי</ItemName>
      <ManufactureName>י.ל החקלאים שיווק והפצה בעמ</ManufactureName>
      <ManufactureCountry />
      <ManufactureItemDescription />
      <UnitQty>ק"ג</UnitQty>
      <Quantity>1</Quantity>
      <UnitMeasure />
      <BisWeighted>1</BisWeighted>
      <QtyInPackage>1</QtyInPackage>
      <ItemPrice>8.90</ItemPrice>
      <UnitOfMeasurePrice>8.90</UnitOfMeasurePrice>
      <AllowDiscount>1</AllowDiscount>
      <itemStatus>1</itemStatus>
      <LastUpdateDate />
      <LastUpdateTime />
    </Product>
    <Product>
      <PriceUpdateDate>2020/04/05 11:14</PriceUpdateDate>
      <ItemCode>2177</ItemCode>
      <ItemType>0</ItemType>
      <ItemName>ענבי טלי ירוקים</ItemName>
      <ManufactureName>לכיש מושב עובדים להתישבות חקלא</ManufactureName>
      <ManufactureCountry />
      <ManufactureItemDescription />
      <UnitQty>ק"ג</UnitQty>
      <Quantity>1</Quantity>
      <UnitMeasure />
      <BisWeighted>1</BisWeighted>
      <QtyInPackage>1</QtyInPackage>
      <ItemPrice>29.90</ItemPrice>
      <UnitOfMeasurePrice>29.90</UnitOfMeasurePrice>
      <AllowDiscount>1</AllowDiscount>
      <itemStatus>1</itemStatus>
      <LastUpdateDate />
      <LastUpdateTime />
    </Product>
    <Product>
      <PriceUpdateDate>2019/11/04 12:34</PriceUpdateDate>
      <ItemCode>2178</ItemCode>
      <ItemType>0</ItemType>
      <ItemName>חצילונים</ItemName>
      <ManufactureName>נווה ירק בעמ</ManufactureName>
      <ManufactureCountry />
      <ManufactureItemDescription />
      <UnitQty>ק"ג</UnitQty>
      <Quantity>1</Quantity>
      <UnitMeasure />
      <BisWeighted>1</BisWeighted>
      <QtyInPackage>1</QtyInPackage>
      <ItemPrice>5.90</ItemPrice>
      <UnitOfMeasurePrice>5.90</UnitOfMeasurePrice>
      <AllowDiscount>1</AllowDiscount>
      <itemStatus>1</itemStatus>
      <LastUpdateDate />
      <LastUpdateTime />
    </Product>
    <Product>
      <PriceUpdateDate>2020/03/08 11:05</PriceUpdateDate>
      <ItemCode>2186</ItemCode>
      <ItemType>0</ItemType>
      <ItemName>תפוח גלה</ItemName>
      <ManufactureName>בראשית - אגודה שיתופית חקלאית</ManufactureName>
      <ManufactureCountry />
      <ManufactureItemDescription />
      <UnitQty>ק"ג</UnitQty>
      <Quantity>1</Quantity>
      <UnitMeasure />
      <BisWeighted>1</BisWeighted>
      <QtyInPackage>1</QtyInPackage>
      <ItemPrice>12.90</ItemPrice>
      <UnitOfMeasurePrice>12.90</UnitOfMeasurePrice>
      <AllowDiscount>1</AllowDiscount>
      <itemStatus>1</itemStatus>
      <LastUpdateDate />
      <LastUpdateTime />
    </Product>
    <Product>
      <PriceUpdateDate>2020/03/31 15:39</PriceUpdateDate>
      <ItemCode>3113</ItemCode>
      <ItemType>0</ItemType>
      <ItemName>מסיכת הגנה 3 שכבות בודד</ItemName>
      <ManufactureName>ספקים שונים</ManufactureName>
      <ManufactureCountry />
      <ManufactureItemDescription />
      <UnitQty>יח`</UnitQty>
      <Quantity>1</Quantity>
      <UnitMeasure />
      <BisWeighted>0</BisWeighted>
      <QtyInPackage>1</QtyInPackage>
      <ItemPrice>9.90</ItemPrice>
      <UnitOfMeasurePrice>9.90</UnitOfMeasurePrice>
      <AllowDiscount>0</AllowDiscount>
      <itemStatus>1</itemStatus>
      <LastUpdateDate />
      <LastUpdateTime />
    </Product>
    <Product>
      <PriceUpdateDate>2020/04/20 16:14</PriceUpdateDate>
      <ItemCode>3535</ItemCode>
      <ItemType>0</ItemType>
      <ItemName>מסיכת הגנה לפנים 50 יח`</ItemName>
      <ManufactureName>ספקים שונים</ManufactureName>
      <ManufactureCountry />
      <ManufactureItemDescription />
      <UnitQty>יח`</UnitQty>
      <Quantity>1</Quantity>
      <UnitMeasure />
      <BisWeighted>0</BisWeighted>
      <QtyInPackage>1</QtyInPackage>
      <ItemPrice>100</ItemPrice>
      <UnitOfMeasurePrice>100</UnitOfMeasurePrice>
      <AllowDiscount>1</AllowDiscount>
      <itemStatus>1</itemStatus>
      <LastUpdateDate />
      <LastUpdateTime />
    </Product>
    <Product>
      <PriceUpdateDate>2020/04/22 06:46</PriceUpdateDate>
      <ItemCode>4022</ItemCode>
      <ItemType>0</ItemType>
      <ItemName>מסיכות בד שלישייה</ItemName>
      <ManufactureName>אומנות התפירה</ManufactureName>
      <ManufactureCountry />
      <ManufactureItemDescription />
      <UnitQty>יח`</UnitQty>
      <Quantity>1</Quantity>
      <UnitMeasure />
      <BisWeighted>0</BisWeighted>
      <QtyInPackage>1</QtyInPackage>
      <ItemPrice>19.90</ItemPrice>
      <UnitOfMeasurePrice>19.90</UnitOfMeasurePrice>
      <AllowDiscount>0</AllowDiscount>
      <itemStatus>1</itemStatus>
      <LastUpdateDate />
      <LastUpdateTime />
    </Product>
    <Product>
      <PriceUpdateDate>2020/04/20 06:47</PriceUpdateDate>
      <ItemCode>4589</ItemCode>
      <ItemType>0</ItemType>
      <ItemName>KN95 בודד מסיכת פנים</ItemName>
      <ManufactureName>גל-אור נכסים בעמ</ManufactureName>
      <ManufactureCountry />
      <ManufactureItemDescription />
      <UnitQty>יח`</UnitQty>
      <Quantity>1</Quantity>
      <UnitMeasure />
      <BisWeighted>0</BisWeighted>
      <QtyInPackage>1</QtyInPackage>
      <ItemPrice>9.90</ItemPrice>
      <UnitOfMeasurePrice>9.90</UnitOfMeasurePrice>
      <AllowDiscount>0</AllowDiscount>
      <itemStatus>1</itemStatus>
      <LastUpdateDate />
      <LastUpdateTime />
    </Product>
    <Product>
      <PriceUpdateDate>2020/04/20 06:47</PriceUpdateDate>
      <ItemCode>5601</ItemCode>
      <ItemType>0</ItemType>
      <ItemName>KN95 מארז 10  יח`מסיכת פנים</ItemName>
      <ManufactureName>ספקים שונים</ManufactureName>
      <ManufactureCountry />
      <ManufactureItemDescription />
      <UnitQty>יח`</UnitQty>
      <Quantity>1</Quantity>
      <UnitMeasure />
      <BisWeighted>0</BisWeighted>
      <QtyInPackage>1</QtyInPackage>
      <ItemPrice>69</ItemPrice>
      <UnitOfMeasurePrice>69</UnitOfMeasurePrice>
      <AllowDiscount>0</AllowDiscount>
      <itemStatus>1</itemStatus>
      <LastUpdateDate />
      <LastUpdateTime />
    </Product>
    <Product>
      <PriceUpdateDate>2017/03/05 08:07</PriceUpdateDate>
      <ItemCode>7290012696848</ItemCode>
      <ItemType>1</ItemType>
      <ItemName>תבנית בינונית המותג</ItemName>
      <ManufactureName>דין שיווק - עטרת</ManufactureName>
      <ManufactureCountry />
      <ManufactureItemDescription />
      <UnitQty>יח`</UnitQty>
      <Quantity>1</Quantity>
      <UnitMeasure />
      <BisWeighted>0</BisWeighted>
      <QtyInPackage>1</QtyInPackage>
      <ItemPrice>1.90</ItemPrice>
      <UnitOfMeasurePrice>1.90</UnitOfMeasurePrice>
      <AllowDiscount>1</AllowDiscount>
      <itemStatus>1</itemStatus>
      <LastUpdateDate />
      <LastUpdateTime />
    </Product>
    <Product>
      <PriceUpdateDate>2017/03/05 08:07</PriceUpdateDate>
      <ItemCode>7302</ItemCode>
      <ItemType>0</ItemType>
      <ItemName>תבנית אינגליש המותג</ItemName>
      <ManufactureName>דין שיווק - עטרת</ManufactureName>
      <ManufactureCountry />
      <ManufactureItemDescription />
      <UnitQty>יח`</UnitQty>
      <Quantity>1</Quantity>
      <UnitMeasure />
      <BisWeighted>0</BisWeighted>
      <QtyInPackage>1</QtyInPackage>
      <ItemPrice>0.90</ItemPrice>
      <UnitOfMeasurePrice>0.90</UnitOfMeasurePrice>
      <AllowDiscount>1</AllowDiscount>
      <itemStatus>1</itemStatus>
      <LastUpdateDate />
      <LastUpdateTime />
    </Product>
    <Product>
      <PriceUpdateDate>2017/03/05 08:07</PriceUpdateDate>
      <ItemCode>7304</ItemCode>
      <ItemType>0</ItemType>
      <ItemName>תבנית ענק המותג</ItemName>
      <ManufactureName>דין שיווק - עטרת</ManufactureName>
      <ManufactureCountry />
      <ManufactureItemDescription />
      <UnitQty>יח`</UnitQty>
      <Quantity>1</Quantity>
      <UnitMeasure />
      <BisWeighted>0</BisWeighted>
      <QtyInPackage>1</QtyInPackage>
      <ItemPrice>2.90</ItemPrice>
      <UnitOfMeasurePrice>2.90</UnitOfMeasurePrice>
      <AllowDiscount>1</AllowDiscount>
      <itemStatus>1</itemStatus>
      <LastUpdateDate />
      <LastUpdateTime />
    </Product>
    <Product>
      <PriceUpdateDate>2019/03/12 08:54</PriceUpdateDate>
      <ItemCode>7290103152987</ItemCode>
      <ItemType>1</ItemType>
      <ItemName>פאלאס תבניות אלומיניום קטן/אינגליש</ItemName>
      <ManufactureName>פאלאס תעשיות נטו (2014) בעמ</ManufactureName>
      <ManufactureCountry />
      <ManufactureItemDescription />
      <UnitQty>יח`</UnitQty>
      <Quantity>1</Quantity>
      <UnitMeasure />
      <BisWeighted>0</BisWeighted>
      <QtyInPackage>1</QtyInPackage>
      <ItemPrice>0.90</ItemPrice>
      <UnitOfMeasurePrice>0.90</UnitOfMeasurePrice>
      <AllowDiscount>1</AllowDiscount>
      <itemStatus>1</itemStatus>
      <LastUpdateDate />
      <LastUpdateTime />
    </Product>
    <Product>
      <PriceUpdateDate>2019/03/12 08:54</PriceUpdateDate>
      <ItemCode>7290112482211</ItemCode>
      <ItemType>1</ItemType>
      <ItemName>פאלאס תבניות אלומניום ענק</ItemName>
      <ManufactureName>פאלאס תעשיות נטו (2014) בעמ</ManufactureName>
      <ManufactureCountry />
      <ManufactureItemDescription />
      <UnitQty>יח`</UnitQty>
      <Quantity>1</Quantity>
      <UnitMeasure />
      <BisWeighted>0</BisWeighted>
      <QtyInPackage>1</QtyInPackage>
      <ItemPrice>1.90</ItemPrice>
      <UnitOfMeasurePrice>1.90</UnitOfMeasurePrice>
      <AllowDiscount>1</AllowDiscount>
      <itemStatus>1</itemStatus>
      <LastUpdateDate />
      <LastUpdateTime />
    </Product>
    <Product>
      <PriceUpdateDate>2019/03/12 08:54</PriceUpdateDate>
      <ItemCode>7290103152956</ItemCode>
      <ItemType>1</ItemType>
      <ItemName>פאלאס תבנית גדולה/רחבה/עמוקה/עגולה</ItemName>
      <ManufactureName>פאלאס תעשיות נטו (2014) בעמ</ManufactureName>
      <ManufactureCountry />
      <ManufactureItemDescription />
      <UnitQty>יח`</UnitQty>
      <Quantity>1</Quantity>
      <UnitMeasure />
      <BisWeighted>0</BisWeighted>
      <QtyInPackage>1</QtyInPackage>
      <ItemPrice>1.50</ItemPrice>
      <UnitOfMeasurePrice>1.50</UnitOfMeasurePrice>
      <AllowDiscount>1</AllowDiscount>
      <itemStatus>1</itemStatus>
      <LastUpdateDate />
      <LastUpdateTime />
    </Product>
    <Product>
      <PriceUpdateDate>2016/03/15 10:34</PriceUpdateDate>
      <ItemCode>10106</ItemCode>
      <ItemType>0</ItemType>
      <ItemName>צוואר עגל טרי חלק עם עצם</ItemName>
      <ManufactureName>אדום אדום - תנובה בקר</ManufactureName>
      <ManufactureCountry />
      <ManufactureItemDescription />
      <UnitQty>ק"ג</UnitQty>
      <Quantity>1</Quantity>
      <UnitMeasure />
      <BisWeighted>1</BisWeighted>
      <QtyInPackage>1</QtyInPackage>
      <ItemPrice>49.90</ItemPrice>
      <UnitOfMeasurePrice>49.90</UnitOfMeasurePrice>
      <AllowDiscount>1</AllowDiscount>
      <itemStatus>1</itemStatus>
      <LastUpdateDate />
      <LastUpdateTime />
    </Product>
    <Product>
      <PriceUpdateDate>2019/10/27 12:04</PriceUpdateDate>
      <ItemCode>11004</ItemCode>
      <ItemType>0</ItemType>
      <ItemName>הולנדית+שויצרית+צ`דר משקל</ItemName>
      <ManufactureName>צ.י תעשיות מזון יבנה בעמ</ManufactureName>
      <ManufactureCountry />
      <ManufactureItemDescription />
      <UnitQty>ק"ג</UnitQty>
      <Quantity>1000</Quantity>
      <UnitMeasure>גרם</UnitMeasure>
      <BisWeighted>1</BisWeighted>
      <QtyInPackage>1</QtyInPackage>
      <ItemPrice>37</ItemPrice>
      <UnitOfMeasurePrice>3.70</UnitOfMeasurePrice>
      <AllowDiscount>0</AllowDiscount>
      <itemStatus>1</itemStatus>
      <LastUpdateDate />
      <LastUpdateTime />
    </Product>
    <Product>
      <PriceUpdateDate>2019/10/27 12:04</PriceUpdateDate>
      <ItemCode>12001</ItemCode>
      <ItemType>0</ItemType>
      <ItemName>מעושנת א.ח.נוכרי</ItemName>
      <ManufactureName>צ.י תעשיות מזון יבנה בעמ</ManufactureName>
      <ManufactureCountry />
      <ManufactureItemDescription />
      <UnitQty>ק"ג</UnitQty>
      <Quantity>1000</Quantity>
      <UnitMeasure>גרם</UnitMeasure>
      <BisWeighted>1</BisWeighted>
      <QtyInPackage>1</QtyInPackage>
      <ItemPrice>38</ItemPrice>
      <UnitOfMeasurePrice>3.80</UnitOfMeasurePrice>
      <AllowDiscount>0</AllowDiscount>
      <itemStatus>1</itemStatus>
      <LastUpdateDate />
      <LastUpdateTime />
    </Product>
    <Product>
      <PriceUpdateDate>2019/10/27 12:04</PriceUpdateDate>
      <ItemCode>14005</ItemCode>
      <ItemType>0</ItemType>
      <ItemName>מקסיקנית א.ח נוכרי במישקל</ItemName>
      <ManufactureName>צ.י תעשיות מזון יבנה בעמ</ManufactureName>
      <ManufactureCountry />
      <ManufactureItemDescription />
      <UnitQty>ק"ג</UnitQty>
      <Quantity>1000</Quantity>
      <UnitMeasure>גרם</UnitMeasure>
      <BisWeighted>1</BisWeighted>
      <QtyInPackage>1</QtyInPackage>
      <ItemPrice>36</ItemPrice>
      <UnitOfMeasurePrice>3.60</UnitOfMeasurePrice>
      <AllowDiscount>0</AllowDiscount>
      <itemStatus>1</itemStatus>
      <LastUpdateDate />
      <LastUpdateTime />
    </Product>
    <Product>
      <PriceUpdateDate>2019/10/27 12:04</PriceUpdateDate>
      <ItemCode>15002</ItemCode>
      <ItemType>0</ItemType>
      <ItemName>גבינה שום שמיר+זיתים במישקל</ItemName>
      <ManufactureName>צ.י תעשיות מזון יבנה בעמ</ManufactureName>
      <ManufactureCountry />
      <ManufactureItemDescription />
      <UnitQty>ק"ג</UnitQty>
      <Quantity>1000</Quantity>
      <UnitMeasure>גרם</UnitMeasure>
      <BisWeighted>1</BisWeighted>
      <QtyInPackage>1</QtyInPackage>
      <ItemPrice>36</ItemPrice>
      <UnitOfMeasurePrice>3.60</UnitOfMeasurePrice>
      <AllowDiscount>0</AllowDiscount>
      <itemStatus>1</itemStatus>
      <LastUpdateDate />
      <LastUpdateTime />
    </Product>
    <Product>
      <PriceUpdateDate>2016/09/04 08:52</PriceUpdateDate>
      <ItemCode>15712</ItemCode>
      <ItemType>0</ItemType>
      <ItemName>כתף עגל טרי חלק עם עצם</ItemName>
      <ManufactureName>אדום אדום - תנובה בקר</ManufactureName>
      <ManufactureCountry />
      <ManufactureItemDescription />
      <UnitQty>ק"ג</UnitQty>
      <Quantity>1</Quantity>
      <UnitMeasure>ק"ג</UnitMeasure>
      <BisWeighted>1</BisWeighted>
      <QtyInPackage>1</QtyInPackage>
      <ItemPrice>54.90</ItemPrice>
      <UnitOfMeasurePrice>54.90</UnitOfMeasurePrice>
      <AllowDiscount>1</AllowDiscount>
      <itemStatus>1</itemStatus>
      <LastUpdateDate />
      <LastUpdateTime />
    </Product>
    <Product>
      <PriceUpdateDate>2019/07/28 10:58</PriceUpdateDate>
      <ItemCode>7290100230558</ItemCode>
      <ItemType>1</ItemType>
      <ItemName>בונז`ור חלה קלועה</ItemName>
      <ManufactureName>קבוצת אסם סחר שות. מוגבלת</ManufactureName>
      <ManufactureCountry />
      <ManufactureItemDescription />
      <UnitQty>יח`</UnitQty>
      <Quantity>1</Quantity>
      <UnitMeasure />
      <BisWeighted>0</BisWeighted>
      <QtyInPackage>1</QtyInPackage>
      <ItemPrice>10</ItemPrice>
      <UnitOfMeasurePrice>10</UnitOfMeasurePrice>
      <AllowDiscount>0</AllowDiscount>
      <itemStatus>1</itemStatus>
      <LastUpdateDate />
      <LastUpdateTime />
    </Product>
    <Product>
      <PriceUpdateDate>2016/03/06 13:57</PriceUpdateDate>
      <ItemCode>22024</ItemCode>
      <ItemType>0</ItemType>
      <ItemName>פיתה אפויה מארז 10 יח</ItemName>
      <ManufactureName>מגוון שיווק והפצת מאפים בעמ</ManufactureName>
      <ManufactureCountry />
      <ManufactureItemDescription />
      <UnitQty>יח`</UnitQty>
      <Quantity>1</Quantity>
      <UnitMeasure />
      <BisWeighted>0</BisWeighted>
      <QtyInPackage>1</QtyInPackage>
      <ItemPrice>11.90</ItemPrice>
      <UnitOfMeasurePrice>11.90</UnitOfMeasurePrice>
      <AllowDiscount>0</AllowDiscount>
      <itemStatus>1</itemStatus>
      <LastUpdateDate />
      <LastUpdateTime />
    </Product>
    <Product>
      <PriceUpdateDate>2018/11/25 12:32</PriceUpdateDate>
      <ItemCode>23489</ItemCode>
      <ItemType>0</ItemType>
      <ItemName>דג סלמון נורבגי טרי שלם - נקי</ItemName>
      <ManufactureName>מאסטרפוד בעמ</ManufactureName>
      <ManufactureCountry />
      <ManufactureItemDescription />
      <UnitQty>ק"ג</UnitQty>
      <Quantity>100</Quantity>
      <UnitMeasure>גרם</UnitMeasure>
      <BisWeighted>1</BisWeighted>
      <QtyInPackage>1</QtyInPackage>
      <ItemPrice>59.90</ItemPrice>
      <UnitOfMeasurePrice>59.90</UnitOfMeasurePrice>
      <AllowDiscount>1</AllowDiscount>
      <itemStatus>1</itemStatus>
      <LastUpdateDate />
      <LastUpdateTime />
    </Product>
    <Product>
      <PriceUpdateDate>2019/09/01 13:52</PriceUpdateDate>
      <ItemCode>45979</ItemCode>
      <ItemType>0</ItemType>
      <ItemName>בשר ראש טרי מוכשר</ItemName>
      <ManufactureName>אדום אדום - תנובה בקר</ManufactureName>
      <ManufactureCountry />
      <ManufactureItemDescription />
      <UnitQty>ק"ג</UnitQty>
      <Quantity>1</Quantity>
      <UnitMeasure>ק"ג</UnitMeasure>
      <BisWeighted>1</BisWeighted>
      <QtyInPackage>1</QtyInPackage>
      <ItemPrice>49.90</ItemPrice>
      <UnitOfMeasurePrice>49.90</UnitOfMeasurePrice>
      <AllowDiscount>1</AllowDiscount>
      <itemStatus>1</itemStatus>
      <LastUpdateDate />
      <LastUpdateTime />
    </Product>
    <Product>
      <PriceUpdateDate>2019/06/16 12:46</PriceUpdateDate>
      <ItemCode>46006</ItemCode>
      <ItemType>0</ItemType>
      <ItemName>צהובה עמק 28% תנובה</ItemName>
      <ManufactureName>תנובה - חלב</ManufactureName>
      <ManufactureCountry />
      <ManufactureItemDescription />
      <UnitQty>ק"ג</UnitQty>
      <Quantity>1000</Quantity>
      <UnitMeasure>גרם</UnitMeasure>
      <BisWeighted>1</BisWeighted>
      <QtyInPackage>1</QtyInPackage>
      <ItemPrice>42.70</ItemPrice>
      <UnitOfMeasurePrice>4.27</UnitOfMeasurePrice>
      <AllowDiscount>0</AllowDiscount>
      <itemStatus>1</itemStatus>
      <LastUpdateDate />
      <LastUpdateTime />
    </Product>
    <Product>
      <PriceUpdateDate>2019/06/16 12:46</PriceUpdateDate>
      <ItemCode>7290000046020</ItemCode>
      <ItemType>1</ItemType>
      <ItemName>גבינת גלבוע 22% תנובה</ItemName>
      <ManufactureName>תנובה - חלב</ManufactureName>
      <ManufactureCountry />
      <ManufactureItemDescription />
      <UnitQty>ק"ג</UnitQty>
      <Quantity>1000</Quantity>
      <UnitMeasure>גרם</UnitMeasure>
      <BisWeighted>1</BisWeighted>
      <QtyInPackage>1</QtyInPackage>
      <ItemPrice>40.59</ItemPrice>
      <UnitOfMeasurePrice>4.06</UnitOfMeasurePrice>
      <AllowDiscount>0</AllowDiscount>
      <itemStatus>1</itemStatus>
      <LastUpdateDate />
      <LastUpdateTime />
    </Product>
    <Product>
      <PriceUpdateDate>2019/06/10 13:31</PriceUpdateDate>
      <ItemCode>46549</ItemCode>
      <ItemType>0</ItemType>
      <ItemName>מוצרלה חריץ תנובה</ItemName>
      <ManufactureName>תנובה - חלב</ManufactureName>
      <ManufactureCountry />
      <ManufactureItemDescription />
      <UnitQty>ק"ג</UnitQty>
      <Quantity>1000</Quantity>
      <UnitMeasure>גרם</UnitMeasure>
      <BisWeighted>1</BisWeighted>
      <QtyInPackage>1</QtyInPackage>
      <ItemPrice>76</ItemPrice>
      <UnitOfMeasurePrice>7.60</UnitOfMeasurePrice>
      <AllowDiscount>0</AllowDiscount>
      <itemStatus>1</itemStatus>
      <LastUpdateDate />
      <LastUpdateTime />
    </Product>
    <Product>
      <PriceUpdateDate>2019/03/03 14:10</PriceUpdateDate>
      <ItemCode>7290000046563</ItemCode>
      <ItemType>1</ItemType>
      <ItemName>קולאג 23% פרמזן חריץ תנובה</ItemName>
      <ManufactureName>תנובה - חלב</ManufactureName>
      <ManufactureCountry />
      <ManufactureItemDescription />
      <UnitQty>ק"ג</UnitQty>
      <Quantity>1000</Quantity>
      <UnitMeasure>גרם</UnitMeasure>
      <BisWeighted>1</BisWeighted>
      <QtyInPackage>1</QtyInPackage>
      <ItemPrice>113</ItemPrice>
      <UnitOfMeasurePrice>11.30</UnitOfMeasurePrice>
      <AllowDiscount>0</AllowDiscount>
      <itemStatus>1</itemStatus>
      <LastUpdateDate />
      <LastUpdateTime />
    </Product>
    <Product>
      <PriceUpdateDate>2018/08/13 09:32</PriceUpdateDate>
      <ItemCode>46662</ItemCode>
      <ItemType>0</ItemType>
      <ItemName>סקנדינבית 31% תנובה</ItemName>
      <ManufactureName>תנובה - חלב</ManufactureName>
      <ManufactureCountry />
      <ManufactureItemDescription />
      <UnitQty>ק"ג</UnitQty>
      <Quantity>1000</Quantity>
      <UnitMeasure>גרם</UnitMeasure>
      <BisWeighted>1</BisWeighted>
      <QtyInPackage>1</QtyInPackage>
      <ItemPrice>76</ItemPrice>
      <UnitOfMeasurePrice>7.60</UnitOfMeasurePrice>
      <AllowDiscount>0</AllowDiscount>
      <itemStatus>1</itemStatus>
      <LastUpdateDate />
      <LastUpdateTime />
    </Product>
    <Product>
      <PriceUpdateDate>2019/06/10 13:31</PriceUpdateDate>
      <ItemCode>47027</ItemCode>
      <ItemType>0</ItemType>
      <ItemName>קשקבל (27% גלעד) תנובה</ItemName>
      <ManufactureName>תנובה - חלב</ManufactureName>
      <ManufactureCountry />
      <ManufactureItemDescription />
      <UnitQty>ק"ג</UnitQty>
      <Quantity>1000</Quantity>
      <UnitMeasure>גרם</UnitMeasure>
      <BisWeighted>1</BisWeighted>
      <QtyInPackage>1</QtyInPackage>
      <ItemPrice>121</ItemPrice>
      <UnitOfMeasurePrice>12.10</UnitOfMeasurePrice>
      <AllowDiscount>0</AllowDiscount>
      <itemStatus>1</itemStatus>
      <LastUpdateDate />
      <LastUpdateTime />
    </Product>
    <Product>
      <PriceUpdateDate>2019/06/10 13:31</PriceUpdateDate>
      <ItemCode>7290000047034</ItemCode>
      <ItemType>1</ItemType>
      <ItemName>רוקפור (26% גליל) חריץ תנובה</ItemName>
      <ManufactureName>תנובה - חלב</ManufactureName>
      <ManufactureCountry />
      <ManufactureItemDescription />
      <UnitQty>ק"ג</UnitQty>
      <Quantity>1000</Quantity>
      <UnitMeasure>גרם</UnitMeasure>
      <BisWeighted>1</BisWeighted>
      <QtyInPackage>1</QtyInPackage>
      <ItemPrice>122</ItemPrice>
      <UnitOfMeasurePrice>12.20</UnitOfMeasurePrice>
      <AllowDiscount>0</AllowDiscount>
      <itemStatus>1</itemStatus>
      <LastUpdateDate />
      <LastUpdateTime />
    </Product>
    <Product>
      <PriceUpdateDate>2019/06/10 13:31</PriceUpdateDate>
      <ItemCode>47485</ItemCode>
      <ItemType>0</ItemType>
      <ItemName>בולגרית 24% פח 3  קג`תנובה</ItemName>
      <ManufactureName>תנובה - חלב</ManufactureName>
      <ManufactureCountry />
      <ManufactureItemDescription />
      <UnitQty>ק"ג</UnitQty>
      <Quantity>1000</Quantity>
      <UnitMeasure>גרם</UnitMeasure>
      <BisWeighted>1</BisWeighted>
      <QtyInPackage>1</QtyInPackage>
      <ItemPrice>56</ItemPrice>
      <UnitOfMeasurePrice>5.60</UnitOfMeasurePrice>
      <AllowDiscount>0</AllowDiscount>
      <itemStatus>1</itemStatus>
      <LastUpdateDate />
      <LastUpdateTime />
    </Product>
    <Product>
      <PriceUpdateDate>2018/08/13 09:32</PriceUpdateDate>
      <ItemCode>47898</ItemCode>
      <ItemType>0</ItemType>
      <ItemName>לאבנה 9% תנובה</ItemName>
      <ManufactureName>תנובה - חלב</ManufactureName>
      <ManufactureCountry />
      <ManufactureItemDescription />
      <UnitQty>ק"ג</UnitQty>
      <Quantity>1000</Quantity>
      <UnitMeasure>גרם</UnitMeasure>
      <BisWeighted>1</BisWeighted>
      <QtyInPackage>1</QtyInPackage>
      <ItemPrice>37</ItemPrice>
      <UnitOfMeasurePrice>3.70</UnitOfMeasurePrice>
      <AllowDiscount>0</AllowDiscount>
      <itemStatus>1</itemStatus>
      <LastUpdateDate />
      <LastUpdateTime />
    </Product>
    <Product>
      <PriceUpdateDate>2018/08/12 12:30</PriceUpdateDate>
      <ItemCode>7290000051956</ItemCode>
      <ItemType>1</ItemType>
      <ItemName>טל העמק 9% חריץ תנובה</ItemName>
      <ManufactureName>תנובה - חלב</ManufactureName>
      <ManufactureCountry />
      <ManufactureItemDescription />
      <UnitQty>ק"ג</UnitQty>
      <Quantity>1000</Quantity>
      <UnitMeasure>גרם</UnitMeasure>
      <BisWeighted>1</BisWeighted>
      <QtyInPackage>1</QtyInPackage>
      <ItemPrice>82</ItemPrice>
      <UnitOfMeasurePrice>8.20</UnitOfMeasurePrice>
      <AllowDiscount>0</AllowDiscount>
      <itemStatus>1</itemStatus>
      <LastUpdateDate />
      <LastUpdateTime />
    </Product>
    <Product>
      <PriceUpdateDate>2018/08/13 09:32</PriceUpdateDate>
      <ItemCode>7290000053219</ItemCode>
      <ItemType>1</ItemType>
      <ItemName>טל העמק 32% צהובה</ItemName>
      <ManufactureName>תנובה - חלב</ManufactureName>
      <ManufactureCountry />
      <ManufactureItemDescription />
      <UnitQty>ק"ג</UnitQty>
      <Quantity>1000</Quantity>
      <UnitMeasure>גרם</UnitMeasure>
      <BisWeighted>1</BisWeighted>
      <QtyInPackage>1</QtyInPackage>
      <ItemPrice>55</ItemPrice>
      <UnitOfMeasurePrice>5.50</UnitOfMeasurePrice>
      <AllowDiscount>0</AllowDiscount>
      <itemStatus>1</itemStatus>
      <LastUpdateDate />
      <LastUpdateTime />
    </Product>
    <Product>
      <PriceUpdateDate>2020/03/01 07:25</PriceUpdateDate>
      <ItemCode>58009</ItemCode>
      <ItemType>0</ItemType>
      <ItemName> דנאבלו(רוקפור)</ItemName>
      <ManufactureName>ג.וילי-פוד אינטרנשיונל בעמ</ManufactureName>
      <ManufactureCountry />
      <ManufactureItemDescription />
      <UnitQty>ק"ג</UnitQty>
      <Quantity>1000</Quantity>
      <UnitMeasure>גרם</UnitMeasure>
      <BisWeighted>1</BisWeighted>
      <QtyInPackage>1</QtyInPackage>
      <ItemPrice>85</ItemPrice>
      <UnitOfMeasurePrice>8.50</UnitOfMeasurePrice>
      <AllowDiscount>0</AllowDiscount>
      <itemStatus>1</itemStatus>
      <LastUpdateDate />
      <LastUpdateTime />
    </Product>
    <Product>
      <PriceUpdateDate>2020/05/03 06:49</PriceUpdateDate>
      <ItemCode>58078</ItemCode>
      <ItemType>0</ItemType>
      <ItemName>בלוז מעדנייה שטראוס</ItemName>
      <ManufactureName>שטראוס גרופ בעמ/מצונן</ManufactureName>
      <ManufactureCountry />
      <ManufactureItemDescription />
      <UnitQty>ק"ג</UnitQty>
      <Quantity>1000</Quantity>
      <UnitMeasure>גרם</UnitMeasure>
      <BisWeighted>1</BisWeighted>
      <QtyInPackage>1</QtyInPackage>
      <ItemPrice>50</ItemPrice>
      <UnitOfMeasurePrice>5</UnitOfMeasurePrice>
      <AllowDiscount>0</AllowDiscount>
      <itemStatus>1</itemStatus>
      <LastUpdateDate />
      <LastUpdateTime />
    </Product>
    <Product>
      <PriceUpdateDate>2020/05/03 06:49</PriceUpdateDate>
      <ItemCode>58238</ItemCode>
      <ItemType>0</ItemType>
      <ItemName>פטינה מעדנייה שטראוס</ItemName>
      <ManufactureName>שטראוס גרופ בעמ/מצונן</ManufactureName>
      <ManufactureCountry />
      <ManufactureItemDescription />
      <UnitQty>ק"ג</UnitQty>
      <Quantity>1000</Quantity>
      <UnitMeasure>גרם</UnitMeasure>
      <BisWeighted>1</BisWeighted>
      <QtyInPackage>1</QtyInPackage>
      <ItemPrice>22</ItemPrice>
      <UnitOfMeasurePrice>2.20</UnitOfMeasurePrice>
      <AllowDiscount>0</AllowDiscount>
      <itemStatus>1</itemStatus>
      <LastUpdateDate />
      <LastUpdateTime />
    </Product>
    <Product>
      <PriceUpdateDate>2016/09/04 08:52</PriceUpdateDate>
      <ItemCode>71718</ItemCode>
      <ItemType>0</ItemType>
      <ItemName>חזה אסאדו טרי חלק</ItemName>
      <ManufactureName>אדום אדום - תנובה בקר</ManufactureName>
      <ManufactureCountry />
      <ManufactureItemDescription />
      <UnitQty>ק"ג</UnitQty>
      <Quantity>1</Quantity>
      <UnitMeasure>ק"ג</UnitMeasure>
      <BisWeighted>1</BisWeighted>
      <QtyInPackage>1</QtyInPackage>
      <ItemPrice>49.90</ItemPrice>
      <UnitOfMeasurePrice>49.90</UnitOfMeasurePrice>
      <AllowDiscount>1</AllowDiscount>
      <itemStatus>1</itemStatus>
      <LastUpdateDate />
      <LastUpdateTime />
    </Product>
    <Product>
      <PriceUpdateDate>2019/04/07 10:08</PriceUpdateDate>
      <ItemCode>79684</ItemCode>
      <ItemType>0</ItemType>
      <ItemName>קרוסון ביס שקדים בונז`ור</ItemName>
      <ManufactureName>קבוצת אסם סחר שות. מוגבלת</ManufactureName>
      <ManufactureCountry />
      <ManufactureItemDescription />
      <UnitQty>ק"ג</UnitQty>
      <Quantity>0</Quantity>
      <UnitMeasure>גרם</UnitMeasure>
      <BisWeighted>1</BisWeighted>
      <QtyInPackage>1</QtyInPackage>
      <ItemPrice>26</ItemPrice>
      <UnitOfMeasurePrice>26</UnitOfMeasurePrice>
      <AllowDiscount>0</AllowDiscount>
      <itemStatus>1</itemStatus>
      <LastUpdateDate />
      <LastUpdateTime />
    </Product>
    <Product>
      <PriceUpdateDate>2020/02/02 13:13</PriceUpdateDate>
      <ItemCode>5740900806108</ItemCode>
      <ItemType>1</ItemType>
      <ItemName>ממרח חמאה דנית מעדנייה שטראוס</ItemName>
      <ManufactureName>שטראוס גרופ בעמ/מצונן</ManufactureName>
      <ManufactureCountry />
      <ManufactureItemDescription />
      <UnitQty>ק"ג</UnitQty>
      <Quantity>0</Quantity>
      <UnitMeasure>גרם</UnitMeasure>
      <BisWeighted>1</BisWeighted>
      <QtyInPackage>1</QtyInPackage>
      <ItemPrice>42</ItemPrice>
      <UnitOfMeasurePrice>42</UnitOfMeasurePrice>
      <AllowDiscount>0</AllowDiscount>
      <itemStatus>1</itemStatus>
      <LastUpdateDate />
      <LastUpdateTime />
    </Product>
    <Product>
      <PriceUpdateDate>2018/02/05 11:24</PriceUpdateDate>
      <ItemCode>81816</ItemCode>
      <ItemType>0</ItemType>
      <ItemName>אוסובוקו עגל טרי חלק</ItemName>
      <ManufactureName>אדום אדום - תנובה בקר</ManufactureName>
      <ManufactureCountry />
      <ManufactureItemDescription />
      <UnitQty>ק"ג</UnitQty>
      <Quantity>1</Quantity>
      <UnitMeasure>ק"ג</UnitMeasure>
      <BisWeighted>1</BisWeighted>
      <QtyInPackage>1</QtyInPackage>
      <ItemPrice>49.90</ItemPrice>
      <UnitOfMeasurePrice>49.90</UnitOfMeasurePrice>
      <AllowDiscount>1</AllowDiscount>
      <itemStatus>1</itemStatus>
      <LastUpdateDate />
      <LastUpdateTime />
    </Product>
    <Product>
      <PriceUpdateDate>2016/03/15 10:34</PriceUpdateDate>
      <ItemCode>89652</ItemCode>
      <ItemType>0</ItemType>
      <ItemName>סטייק עם עצם חלק</ItemName>
      <ManufactureName>אדום אדום - תנובה בקר</ManufactureName>
      <ManufactureCountry />
      <ManufactureItemDescription />
      <UnitQty>ק"ג</UnitQty>
      <Quantity>1</Quantity>
      <UnitMeasure>ק"ג</UnitMeasure>
      <BisWeighted>1</BisWeighted>
      <QtyInPackage>1</QtyInPackage>
      <ItemPrice>99</ItemPrice>
      <UnitOfMeasurePrice>99</UnitOfMeasurePrice>
      <AllowDiscount>1</AllowDiscount>
      <itemStatus>1</itemStatus>
      <LastUpdateDate />
      <LastUpdateTime />
    </Product>
    <Product>
      <PriceUpdateDate>2019/05/02 16:36</PriceUpdateDate>
      <ItemCode>96438</ItemCode>
      <ItemType>0</ItemType>
      <ItemName>מאפה נוצ`ולה בונז`ור משקל</ItemName>
      <ManufactureName>קבוצת אסם סחר שות. מוגבלת</ManufactureName>
      <ManufactureCountry />
      <ManufactureItemDescription />
      <UnitQty>ק"ג</UnitQty>
      <Quantity>1</Quantity>
      <UnitMeasure />
      <BisWeighted>1</BisWeighted>
      <QtyInPackage>1</QtyInPackage>
      <ItemPrice>37</ItemPrice>
      <UnitOfMeasurePrice>37</UnitOfMeasurePrice>
      <AllowDiscount>0</AllowDiscount>
      <itemStatus>1</itemStatus>
      <LastUpdateDate />
      <LastUpdateTime />
    </Product>
    <Product>
      <PriceUpdateDate>2020/03/23 12:10</PriceUpdateDate>
      <ItemCode>124667</ItemCode>
      <ItemType>0</ItemType>
      <ItemName>מסכה פלסטיק שלישייה</ItemName>
      <ManufactureName>גרפיקה בצלאל בעמ</ManufactureName>
      <ManufactureCountry />
      <ManufactureItemDescription />
      <UnitQty>יח`</UnitQty>
      <Quantity>1</Quantity>
      <UnitMeasure />
      <BisWeighted>0</BisWeighted>
      <QtyInPackage>1</QtyInPackage>
      <ItemPrice>22</ItemPrice>
      <UnitOfMeasurePrice>22</UnitOfMeasurePrice>
      <AllowDiscount>0</AllowDiscount>
      <itemStatus>1</itemStatus>
      <LastUpdateDate />
      <LastUpdateTime />
    </Product>
    <Product>
      <PriceUpdateDate>2012/01/18 08:18</PriceUpdateDate>
      <ItemCode>175777</ItemCode>
      <ItemType>0</ItemType>
      <ItemName>גבינת איבריקו(חלב  פרה/כבשים/עיזים)</ItemName>
      <ManufactureName>ג.וילי-פוד אינטרנשיונל בעמ</ManufactureName>
      <ManufactureCountry />
      <ManufactureItemDescription />
      <UnitQty>ק"ג</UnitQty>
      <Quantity>1</Quantity>
      <UnitMeasure />
      <BisWeighted>1</BisWeighted>
      <QtyInPackage>1</QtyInPackage>
      <ItemPrice>99.99</ItemPrice>
      <UnitOfMeasurePrice>99.99</UnitOfMeasurePrice>
      <AllowDiscount>0</AllowDiscount>
      <itemStatus>1</itemStatus>
      <LastUpdateDate />
      <LastUpdateTime />
    </Product>
    <Product>
      <PriceUpdateDate>2019/07/28 10:58</PriceUpdateDate>
      <ItemCode>252520</ItemCode>
      <ItemType>0</ItemType>
      <ItemName>4ב...לחמניות מאפית</ItemName>
      <ManufactureName>קבוצת אסם סחר שות. מוגבלת</ManufactureName>
      <ManufactureCountry />
      <ManufactureItemDescription />
      <UnitQty>יח`</UnitQty>
      <Quantity>1</Quantity>
      <UnitMeasure />
      <BisWeighted>0</BisWeighted>
      <QtyInPackage>1</QtyInPackage>
      <ItemPrice>10.90</ItemPrice>
      <UnitOfMeasurePrice>10.90</UnitOfMeasurePrice>
      <AllowDiscount>0</AllowDiscount>
      <itemStatus>1</itemStatus>
      <LastUpdateDate />
      <LastUpdateTime />
    </Product>
    <Product>
      <PriceUpdateDate>2020/03/21 20:03</PriceUpdateDate>
      <ItemCode>277394</ItemCode>
      <ItemType>0</ItemType>
      <ItemName>דג בס בריכה טרי נקי</ItemName>
      <ManufactureName>מאסטרפוד בעמ</ManufactureName>
      <ManufactureCountry />
      <ManufactureItemDescription />
      <UnitQty>ק"ג</UnitQty>
      <Quantity>1</Quantity>
      <UnitMeasure />
      <BisWeighted>1</BisWeighted>
      <QtyInPackage>1</QtyInPackage>
      <ItemPrice>59.90</ItemPrice>
      <UnitOfMeasurePrice>59.90</UnitOfMeasurePrice>
      <AllowDiscount>0</AllowDiscount>
      <itemStatus>1</itemStatus>
      <LastUpdateDate />
      <LastUpdateTime />
    </Product>
    <Product>
      <PriceUpdateDate>2017/11/20 08:18</PriceUpdateDate>
      <ItemCode>282305</ItemCode>
      <ItemType>0</ItemType>
      <ItemName>דג לברק טרי נקי</ItemName>
      <ManufactureName>מאסטרפוד בעמ</ManufactureName>
      <ManufactureCountry />
      <ManufactureItemDescription />
      <UnitQty>ק"ג</UnitQty>
      <Quantity>1</Quantity>
      <UnitMeasure />
      <BisWeighted>1</BisWeighted>
      <QtyInPackage>1</QtyInPackage>
      <ItemPrice>59.90</ItemPrice>
      <UnitOfMeasurePrice>59.90</UnitOfMeasurePrice>
      <AllowDiscount>1</AllowDiscount>
      <itemStatus>1</itemStatus>
      <LastUpdateDate />
      <LastUpdateTime />
    </Product>
    <Product>
      <PriceUpdateDate>2015/07/07 10:12</PriceUpdateDate>
      <ItemCode>7290000318677</ItemCode>
      <ItemType>1</ItemType>
      <ItemName>סלמי סרוולט יחיעם (150 גרם)</ItemName>
      <ManufactureName>מעדני יחיעם (1993) בעמ</ManufactureName>
      <ManufactureCountry />
      <ManufactureItemDescription />
      <UnitQty>יח`</UnitQty>
      <Quantity>150</Quantity>
      <UnitMeasure>גרם</UnitMeasure>
      <BisWeighted>0</BisWeighted>
      <QtyInPackage>1</QtyInPackage>
      <ItemPrice>24.90</ItemPrice>
      <UnitOfMeasurePrice>16.60</UnitOfMeasurePrice>
      <AllowDiscount>0</AllowDiscount>
      <itemStatus>1</itemStatus>
      <LastUpdateDate />
      <LastUpdateTime />
    </Product>
    <Product>
      <PriceUpdateDate>2015/07/07 10:12</PriceUpdateDate>
      <ItemCode>318707</ItemCode>
      <ItemType>0</ItemType>
      <ItemName>סלמי מעושן 500גרם</ItemName>
      <ManufactureName>מעדני יחיעם (1993) בעמ</ManufactureName>
      <ManufactureCountry />
      <ManufactureItemDescription />
      <UnitQty>יח`</UnitQty>
      <Quantity>500</Quantity>
      <UnitMeasure>גרם</UnitMeasure>
      <BisWeighted>0</BisWeighted>
      <QtyInPackage>1</QtyInPackage>
      <ItemPrice>29.90</ItemPrice>
      <UnitOfMeasurePrice>5.98</UnitOfMeasurePrice>
      <AllowDiscount>0</AllowDiscount>
      <itemStatus>1</itemStatus>
      <LastUpdateDate />
      <LastUpdateTime />
    </Product>
    <Product>
      <PriceUpdateDate>2016/11/29 08:07</PriceUpdateDate>
      <ItemCode>7290000318929</ItemCode>
      <ItemType>1</ItemType>
      <ItemName>סלמי צרפתי יחיעם</ItemName>
      <ManufactureName>מעדני יחיעם (1993) בעמ</ManufactureName>
      <ManufactureCountry />
      <ManufactureItemDescription />
      <UnitQty>ק"ג</UnitQty>
      <Quantity>1000</Quantity>
      <UnitMeasure>גרם</UnitMeasure>
      <BisWeighted>1</BisWeighted>
      <QtyInPackage>1</QtyInPackage>
      <ItemPrice>149</ItemPrice>
      <UnitOfMeasurePrice>14.90</UnitOfMeasurePrice>
      <AllowDiscount>0</AllowDiscount>
      <itemStatus>1</itemStatus>
      <LastUpdateDate />
      <LastUpdateTime />
    </Product>
    <Product>
      <PriceUpdateDate>2012/09/05 13:30</PriceUpdateDate>
      <ItemCode>319031</ItemCode>
      <ItemType>0</ItemType>
      <ItemName>בשר  מס`3 חזה חלק מהדרין</ItemName>
      <ManufactureName>ישראל פלדמן בעמ</ManufactureName>
      <ManufactureCountry />
      <ManufactureItemDescription />
      <UnitQty>ק"ג</UnitQty>
      <Quantity>1</Quantity>
      <UnitMeasure />
      <BisWeighted>1</BisWeighted>
      <QtyInPackage>1</QtyInPackage>
      <ItemPrice>29.99</ItemPrice>
      <UnitOfMeasurePrice>29.99</UnitOfMeasurePrice>
      <AllowDiscount>0</AllowDiscount>
      <itemStatus>1</itemStatus>
      <LastUpdateDate />
      <LastUpdateTime />
    </Product>
    <Product>
      <PriceUpdateDate>2016/07/04 10:08</PriceUpdateDate>
      <ItemCode>319049</ItemCode>
      <ItemType>0</ItemType>
      <ItemName>פסטרמה גלילית יחיעם</ItemName>
      <ManufactureName>מעדני יחיעם (1993) בעמ</ManufactureName>
      <ManufactureCountry />
      <ManufactureItemDescription />
      <UnitQty>ק"ג</UnitQty>
      <Quantity>1000</Quantity>
      <UnitMeasure>גרם</UnitMeasure>
      <BisWeighted>1</BisWeighted>
      <QtyInPackage>1</QtyInPackage>
      <ItemPrice>49</ItemPrice>
      <UnitOfMeasurePrice>4.90</UnitOfMeasurePrice>
      <AllowDiscount>1</AllowDiscount>
      <itemStatus>1</itemStatus>
      <LastUpdateDate />
      <LastUpdateTime />
    </Product>
    <Product>
      <PriceUpdateDate>2015/07/07 10:12</PriceUpdateDate>
      <ItemCode>7290000319131</ItemCode>
      <ItemType>1</ItemType>
      <ItemName>נקניקיות עוף 400  גר`יחיעם</ItemName>
      <ManufactureName>מעדני יחיעם (1993) בעמ</ManufactureName>
      <ManufactureCountry />
      <ManufactureItemDescription />
      <UnitQty>יח`</UnitQty>
      <Quantity>400</Quantity>
      <UnitMeasure>גרם</UnitMeasure>
      <BisWeighted>0</BisWeighted>
      <QtyInPackage>1</QtyInPackage>
      <ItemPrice>10.90</ItemPrice>
      <UnitOfMeasurePrice>2.73</UnitOfMeasurePrice>
      <AllowDiscount>0</AllowDiscount>
      <itemStatus>1</itemStatus>
      <LastUpdateDate />
      <LastUpdateTime />
    </Product>
    <Product>
      <PriceUpdateDate>2015/01/27 08:37</PriceUpdateDate>
      <ItemCode>7290000319704</ItemCode>
      <ItemType>1</ItemType>
      <ItemName>כתף בקר מעושן ק`ג יחיעם</ItemName>
      <ManufactureName>מעדני יחיעם (1993) בעמ</ManufactureName>
      <ManufactureCountry />
      <ManufactureItemDescription />
      <UnitQty>ק"ג</UnitQty>
      <Quantity>1000</Quantity>
      <UnitMeasure>גרם</UnitMeasure>
      <BisWeighted>1</BisWeighted>
      <QtyInPackage>1</QtyInPackage>
      <ItemPrice>103</ItemPrice>
      <UnitOfMeasurePrice>10.30</UnitOfMeasurePrice>
      <AllowDiscount>0</AllowDiscount>
      <itemStatus>1</itemStatus>
      <LastUpdateDate />
      <LastUpdateTime />
    </Product>
    <Product>
      <PriceUpdateDate>2017/06/06 08:19</PriceUpdateDate>
      <ItemCode>319759</ItemCode>
      <ItemType>0</ItemType>
      <ItemName>סלמי תה יחיעם מעדנייה</ItemName>
      <ManufactureName>מעדני יחיעם (1993) בעמ</ManufactureName>
      <ManufactureCountry />
      <ManufactureItemDescription />
      <UnitQty>ק"ג</UnitQty>
      <Quantity>1000</Quantity>
      <UnitMeasure>גרם</UnitMeasure>
      <BisWeighted>1</BisWeighted>
      <QtyInPackage>1</QtyInPackage>
      <ItemPrice>49</ItemPrice>
      <UnitOfMeasurePrice>4.90</UnitOfMeasurePrice>
      <AllowDiscount>1</AllowDiscount>
      <itemStatus>1</itemStatus>
      <LastUpdateDate />
      <LastUpdateTime />
    </Product>
    <Product>
      <PriceUpdateDate>2018/06/14 17:01</PriceUpdateDate>
      <ItemCode>7290100338223</ItemCode>
      <ItemType>1</ItemType>
      <ItemName>פילה מדומה טרי חלק</ItemName>
      <ManufactureName>אדום אדום - תנובה בקר</ManufactureName>
      <ManufactureCountry />
      <ManufactureItemDescription />
      <UnitQty>ק"ג</UnitQty>
      <Quantity>1</Quantity>
      <UnitMeasure />
      <BisWeighted>1</BisWeighted>
      <QtyInPackage>1</QtyInPackage>
      <ItemPrice>79.90</ItemPrice>
      <UnitOfMeasurePrice>79.90</UnitOfMeasurePrice>
      <AllowDiscount>1</AllowDiscount>
      <itemStatus>1</itemStatus>
      <LastUpdateDate />
      <LastUpdateTime />
    </Product>
    <Product>
      <PriceUpdateDate>2018/08/02 15:14</PriceUpdateDate>
      <ItemCode>352145</ItemCode>
      <ItemType>0</ItemType>
      <ItemName>שריר עגל טרי חלק</ItemName>
      <ManufactureName>אדום אדום - תנובה בקר</ManufactureName>
      <ManufactureCountry />
      <ManufactureItemDescription />
      <UnitQty>ק"ג</UnitQty>
      <Quantity>1</Quantity>
      <UnitMeasure />
      <BisWeighted>1</BisWeighted>
      <QtyInPackage>1</QtyInPackage>
      <ItemPrice>64.90</ItemPrice>
      <UnitOfMeasurePrice>64.90</UnitOfMeasurePrice>
      <AllowDiscount>1</AllowDiscount>
      <itemStatus>1</itemStatus>
      <LastUpdateDate />
      <LastUpdateTime />
    </Product>
    <Product>
      <PriceUpdateDate>2019/05/07 16:32</PriceUpdateDate>
      <ItemCode>360201</ItemCode>
      <ItemType>0</ItemType>
      <ItemName>אמנון טרי נקי</ItemName>
      <ManufactureName>מאסטרפוד בעמ</ManufactureName>
      <ManufactureCountry />
      <ManufactureItemDescription />
      <UnitQty>ק"ג</UnitQty>
      <Quantity>1</Quantity>
      <UnitMeasure />
      <BisWeighted>1</BisWeighted>
      <QtyInPackage>1</QtyInPackage>
      <ItemPrice>29.90</ItemPrice>
      <UnitOfMeasurePrice>29.90</UnitOfMeasurePrice>
      <AllowDiscount>0</AllowDiscount>
      <itemStatus>1</itemStatus>
      <LastUpdateDate />
      <LastUpdateTime />
    </Product>
    <Product>
      <PriceUpdateDate>2015/05/27 12:39</PriceUpdateDate>
      <ItemCode>363462</ItemCode>
      <ItemType>0</ItemType>
      <ItemName>סלמי איטלקי טירת צבי</ItemName>
      <ManufactureName>תנובה קפואים</ManufactureName>
      <ManufactureCountry />
      <ManufactureItemDescription />
      <UnitQty>ק"ג</UnitQty>
      <Quantity>1000</Quantity>
      <UnitMeasure>גרם</UnitMeasure>
      <BisWeighted>1</BisWeighted>
      <QtyInPackage>1</QtyInPackage>
      <ItemPrice>80</ItemPrice>
      <UnitOfMeasurePrice>8</UnitOfMeasurePrice>
      <AllowDiscount>1</AllowDiscount>
      <itemStatus>1</itemStatus>
      <LastUpdateDate />
      <LastUpdateTime />
    </Product>
    <Product>
      <PriceUpdateDate>2015/09/24 15:44</PriceUpdateDate>
      <ItemCode>363486</ItemCode>
      <ItemType>0</ItemType>
      <ItemName>נקניק תה טירת צבי</ItemName>
      <ManufactureName>תנובה קפואים</ManufactureName>
      <ManufactureCountry />
      <ManufactureItemDescription />
      <UnitQty>ק"ג</UnitQty>
      <Quantity>1000</Quantity>
      <UnitMeasure>גרם</UnitMeasure>
      <BisWeighted>1</BisWeighted>
      <QtyInPackage>1</QtyInPackage>
      <ItemPrice>53</ItemPrice>
      <UnitOfMeasurePrice>5.30</UnitOfMeasurePrice>
      <AllowDiscount>1</AllowDiscount>
      <itemStatus>1</itemStatus>
      <LastUpdateDate />
      <LastUpdateTime />
    </Product>
    <Product>
      <PriceUpdateDate>2015/02/04 12:51</PriceUpdateDate>
      <ItemCode>364773</ItemCode>
      <ItemType>0</ItemType>
      <ItemName>נקניקיות עוף טירת צבי לפי משקל (500 גרם)</ItemName>
      <ManufactureName>תנובה קפואים</ManufactureName>
      <ManufactureCountry />
      <ManufactureItemDescription />
      <UnitQty>ק"ג</UnitQty>
      <Quantity>1</Quantity>
      <UnitMeasure />
      <BisWeighted>1</BisWeighted>
      <QtyInPackage>1</QtyInPackage>
      <ItemPrice>23.90</ItemPrice>
      <UnitOfMeasurePrice>23.90</UnitOfMeasurePrice>
      <AllowDiscount>0</AllowDiscount>
      <itemStatus>1</itemStatus>
      <LastUpdateDate />
      <LastUpdateTime />
    </Product>
    <Product>
      <PriceUpdateDate>2019/03/06 09:29</PriceUpdateDate>
      <ItemCode>365046</ItemCode>
      <ItemType>0</ItemType>
      <ItemName>כתף בקר מעושן טירת צבי</ItemName>
      <ManufactureName>תנובה קפואים</ManufactureName>
      <ManufactureCountry />
      <ManufactureItemDescription />
      <UnitQty>ק"ג</UnitQty>
      <Quantity>1000</Quantity>
      <UnitMeasure>גרם</UnitMeasure>
      <BisWeighted>1</BisWeighted>
      <QtyInPackage>1</QtyInPackage>
      <ItemPrice>98</ItemPrice>
      <UnitOfMeasurePrice>9.80</UnitOfMeasurePrice>
      <AllowDiscount>0</AllowDiscount>
      <itemStatus>1</itemStatus>
      <LastUpdateDate />
      <LastUpdateTime />
    </Product>
    <Product>
      <PriceUpdateDate>2019/03/06 09:29</PriceUpdateDate>
      <ItemCode>7290000365107</ItemCode>
      <ItemType>1</ItemType>
      <ItemName>כתף בקר מפולפל טירת צבי</ItemName>
      <ManufactureName>תנובה קפואים</ManufactureName>
      <ManufactureCountry />
      <ManufactureItemDescription />
      <UnitQty>ק"ג</UnitQty>
      <Quantity>1000</Quantity>
      <UnitMeasure>גרם</UnitMeasure>
      <BisWeighted>1</BisWeighted>
      <QtyInPackage>1</QtyInPackage>
      <ItemPrice>98</ItemPrice>
      <UnitOfMeasurePrice>9.80</UnitOfMeasurePrice>
      <AllowDiscount>0</AllowDiscount>
      <itemStatus>1</itemStatus>
      <LastUpdateDate />
      <LastUpdateTime />
    </Product>
    <Product>
      <PriceUpdateDate>2015/05/27 12:39</PriceUpdateDate>
      <ItemCode>365398</ItemCode>
      <ItemType>0</ItemType>
      <ItemName>חזה הודו בדבש טירת צבי</ItemName>
      <ManufactureName>תנובה קפואים</ManufactureName>
      <ManufactureCountry />
      <ManufactureItemDescription />
      <UnitQty>ק"ג</UnitQty>
      <Quantity>1000</Quantity>
      <UnitMeasure>גרם</UnitMeasure>
      <BisWeighted>1</BisWeighted>
      <QtyInPackage>1</QtyInPackage>
      <ItemPrice>80</ItemPrice>
      <UnitOfMeasurePrice>8</UnitOfMeasurePrice>
      <AllowDiscount>1</AllowDiscount>
      <itemStatus>1</itemStatus>
      <LastUpdateDate />
      <LastUpdateTime />
    </Product>
    <Product>
      <PriceUpdateDate>2018/03/18 13:46</PriceUpdateDate>
      <ItemCode>365510</ItemCode>
      <ItemType>0</ItemType>
      <ItemName>צלי כתף טרי חלק</ItemName>
      <ManufactureName>אדום אדום - תנובה בקר</ManufactureName>
      <ManufactureCountry />
      <ManufactureItemDescription />
      <UnitQty>ק"ג</UnitQty>
      <Quantity>1</Quantity>
      <UnitMeasure />
      <BisWeighted>1</BisWeighted>
      <QtyInPackage>1</QtyInPackage>
      <ItemPrice>89.90</ItemPrice>
      <UnitOfMeasurePrice>89.90</UnitOfMeasurePrice>
      <AllowDiscount>1</AllowDiscount>
      <itemStatus>1</itemStatus>
      <LastUpdateDate />
      <LastUpdateTime />
    </Product>
    <Product>
      <PriceUpdateDate>2015/05/27 12:39</PriceUpdateDate>
      <ItemCode>365954</ItemCode>
      <ItemType>0</ItemType>
      <ItemName>פסטרמה גחלים טירת צבי</ItemName>
      <ManufactureName>תנובה קפואים</ManufactureName>
      <ManufactureCountry />
      <ManufactureItemDescription />
      <UnitQty>ק"ג</UnitQty>
      <Quantity>1000</Quantity>
      <UnitMeasure>גרם</UnitMeasure>
      <BisWeighted>1</BisWeighted>
      <QtyInPackage>1</QtyInPackage>
      <ItemPrice>80</ItemPrice>
      <UnitOfMeasurePrice>8</UnitOfMeasurePrice>
      <AllowDiscount>1</AllowDiscount>
      <itemStatus>1</itemStatus>
      <LastUpdateDate />
      <LastUpdateTime />
    </Product>
    <Product>
      <PriceUpdateDate>2017/11/19 08:50</PriceUpdateDate>
      <ItemCode>366203</ItemCode>
      <ItemType>0</ItemType>
      <ItemName>דג בורי טרי נקי</ItemName>
      <ManufactureName>מאסטרפוד בעמ</ManufactureName>
      <ManufactureCountry />
      <ManufactureItemDescription />
      <UnitQty>ק"ג</UnitQty>
      <Quantity>1</Quantity>
      <UnitMeasure />
      <BisWeighted>1</BisWeighted>
      <QtyInPackage>1</QtyInPackage>
      <ItemPrice>39</ItemPrice>
      <UnitOfMeasurePrice>39</UnitOfMeasurePrice>
      <AllowDiscount>1</AllowDiscount>
      <itemStatus>1</itemStatus>
      <LastUpdateDate />
      <LastUpdateTime />
    </Product>
    <Product>
      <PriceUpdateDate>2019/09/01 13:51</PriceUpdateDate>
      <ItemCode>372204</ItemCode>
      <ItemType>0</ItemType>
      <ItemName>דג ברמונדי נקי שלם</ItemName>
      <ManufactureName>מאסטרפוד בעמ</ManufactureName>
      <ManufactureCountry />
      <ManufactureItemDescription />
      <UnitQty>ק"ג</UnitQty>
      <Quantity>1</Quantity>
      <UnitMeasure />
      <BisWeighted>1</BisWeighted>
      <QtyInPackage>1</QtyInPackage>
      <ItemPrice>49.90</ItemPrice>
      <UnitOfMeasurePrice>49.90</UnitOfMeasurePrice>
      <AllowDiscount>1</AllowDiscount>
      <itemStatus>1</itemStatus>
      <LastUpdateDate />
      <LastUpdateTime />
    </Product>
    <Product>
      <PriceUpdateDate>2019/12/24 13:11</PriceUpdateDate>
      <ItemCode>7290017239460</ItemCode>
      <ItemType>1</ItemType>
      <ItemName>מקרל פרוס בעישון קר מעדנייה</ItemName>
      <ManufactureName>פוד קולקשן בעמ</ManufactureName>
      <ManufactureCountry />
      <ManufactureItemDescription />
      <UnitQty>ק"ג</UnitQty>
      <Quantity>1000</Quantity>
      <UnitMeasure>גרם</UnitMeasure>
      <BisWeighted>1</BisWeighted>
      <QtyInPackage>1</QtyInPackage>
      <ItemPrice>130</ItemPrice>
      <UnitOfMeasurePrice>13</UnitOfMeasurePrice>
      <AllowDiscount>0</AllowDiscount>
      <itemStatus>1</itemStatus>
      <LastUpdateDate />
      <LastUpdateTime />
    </Product>
    <Product>
      <PriceUpdateDate>2019/06/17 12:24</PriceUpdateDate>
      <ItemCode>395408</ItemCode>
      <ItemType>0</ItemType>
      <ItemName>גבנצ 28% נעם חריץ פיקוח מעדנייה</ItemName>
      <ManufactureName>החב` המרכזית - טרה</ManufactureName>
      <ManufactureCountry />
      <ManufactureItemDescription />
      <UnitQty>ק"ג</UnitQty>
      <Quantity>1000</Quantity>
      <UnitMeasure>גרם</UnitMeasure>
      <BisWeighted>1</BisWeighted>
      <QtyInPackage>1</QtyInPackage>
      <ItemPrice>42.70</ItemPrice>
      <UnitOfMeasurePrice>4.27</UnitOfMeasurePrice>
      <AllowDiscount>0</AllowDiscount>
      <itemStatus>1</itemStatus>
      <LastUpdateDate />
      <LastUpdateTime />
    </Product>
    <Product>
      <PriceUpdateDate>2018/10/10 11:10</PriceUpdateDate>
      <ItemCode>395415</ItemCode>
      <ItemType>0</ItemType>
      <ItemName>גבנצ 9% נעם חריץ מעדנייה</ItemName>
      <ManufactureName>החב` המרכזית - טרה</ManufactureName>
      <ManufactureCountry />
      <ManufactureItemDescription />
      <UnitQty>ק"ג</UnitQty>
      <Quantity>1000</Quantity>
      <UnitMeasure>גרם</UnitMeasure>
      <BisWeighted>1</BisWeighted>
      <QtyInPackage>1</QtyInPackage>
      <ItemPrice>72</ItemPrice>
      <UnitOfMeasurePrice>7.20</UnitOfMeasurePrice>
      <AllowDiscount>0</AllowDiscount>
      <itemStatus>1</itemStatus>
      <LastUpdateDate />
      <LastUpdateTime />
    </Product>
    <Product>
      <PriceUpdateDate>2016/10/06 10:43</PriceUpdateDate>
      <ItemCode>395422</ItemCode>
      <ItemType>0</ItemType>
      <ItemName>גבנצ 22% נעם חריץ פיקוח מעדנייה</ItemName>
      <ManufactureName>החב` המרכזית - טרה</ManufactureName>
      <ManufactureCountry />
      <ManufactureItemDescription />
      <UnitQty>ק"ג</UnitQty>
      <Quantity>1000</Quantity>
      <UnitMeasure>גרם</UnitMeasure>
      <BisWeighted>1</BisWeighted>
      <QtyInPackage>1</QtyInPackage>
      <ItemPrice>39</ItemPrice>
      <UnitOfMeasurePrice>3.90</UnitOfMeasurePrice>
      <AllowDiscount>0</AllowDiscount>
      <itemStatus>1</itemStatus>
      <LastUpdateDate />
      <LastUpdateTime />
    </Product>
    <Product>
      <PriceUpdateDate>2019/12/15 15:58</PriceUpdateDate>
      <ItemCode>397980</ItemCode>
      <ItemType>0</ItemType>
      <ItemName>לב בקר קפוא מוביל</ItemName>
      <ManufactureName>ציון שמכה ובניו בעמ</ManufactureName>
      <ManufactureCountry />
      <ManufactureItemDescription />
      <UnitQty>ק"ג</UnitQty>
      <Quantity>1</Quantity>
      <UnitMeasure />
      <BisWeighted>1</BisWeighted>
      <QtyInPackage>1</QtyInPackage>
      <ItemPrice>22.90</ItemPrice>
      <UnitOfMeasurePrice>22.90</UnitOfMeasurePrice>
      <AllowDiscount>0</AllowDiscount>
      <itemStatus>1</itemStatus>
      <LastUpdateDate />
      <LastUpdateTime />
    </Product>
    <Product>
      <PriceUpdateDate>2013/06/02 10:04</PriceUpdateDate>
      <ItemCode>458748</ItemCode>
      <ItemType>0</ItemType>
      <ItemName>לחמניות דגנים/קלועה/קשר/כריך/חצי באגט בו</ItemName>
      <ManufactureName>קבוצת אסם סחר שות. מוגבלת</ManufactureName>
      <ManufactureCountry />
      <ManufactureItemDescription />
      <UnitQty>יח`</UnitQty>
      <Quantity>500</Quantity>
      <UnitMeasure>מ"ל</UnitMeasure>
      <BisWeighted>0</BisWeighted>
      <QtyInPackage>1</QtyInPackage>
      <ItemPrice>10</ItemPrice>
      <UnitOfMeasurePrice>2</UnitOfMeasurePrice>
      <AllowDiscount>0</AllowDiscount>
      <itemStatus>1</itemStatus>
      <LastUpdateDate />
      <LastUpdateTime />
    </Product>
    <Product>
      <PriceUpdateDate>2015/08/24 09:16</PriceUpdateDate>
      <ItemCode>497303</ItemCode>
      <ItemType>0</ItemType>
      <ItemName>לחמניות מקמח מלא ברמן) (6</ItemName>
      <ManufactureName>י.את א. ברמן בעמ</ManufactureName>
      <ManufactureCountry />
      <ManufactureItemDescription />
      <UnitQty>יח`</UnitQty>
      <Quantity>540</Quantity>
      <UnitMeasure>גרם</UnitMeasure>
      <BisWeighted>0</BisWeighted>
      <QtyInPackage>1</QtyInPackage>
      <ItemPrice>10.90</ItemPrice>
      <UnitOfMeasurePrice>2.02</UnitOfMeasurePrice>
      <AllowDiscount>0</AllowDiscount>
      <itemStatus>1</itemStatus>
      <LastUpdateDate />
      <LastUpdateTime />
    </Product>
    <Product>
      <PriceUpdateDate>2016/12/13 09:20</PriceUpdateDate>
      <ItemCode>7290109350998</ItemCode>
      <ItemType>1</ItemType>
      <ItemName>בגט-לחם ג`בטה/פרובנס מאפית</ItemName>
      <ManufactureName>קבוצת אסם סחר שות. מוגבלת</ManufactureName>
      <ManufactureCountry />
      <ManufactureItemDescription />
      <UnitQty>יח`</UnitQty>
      <Quantity>1</Quantity>
      <UnitMeasure />
      <BisWeighted>0</BisWeighted>
      <QtyInPackage>1</QtyInPackage>
      <ItemPrice>6</ItemPrice>
      <UnitOfMeasurePrice>6</UnitOfMeasurePrice>
      <AllowDiscount>0</AllowDiscount>
      <itemStatus>1</itemStatus>
      <LastUpdateDate />
      <LastUpdateTime />
    </Product>
    <Product>
      <PriceUpdateDate>2014/05/11 18:40</PriceUpdateDate>
      <ItemCode>7290000530024</ItemCode>
      <ItemType>1</ItemType>
      <ItemName>נקניק תה זוגלובק</ItemName>
      <ManufactureName>זוגלובק שיווק בעמ</ManufactureName>
      <ManufactureCountry />
      <ManufactureItemDescription />
      <UnitQty>ק"ג</UnitQty>
      <Quantity>1000</Quantity>
      <UnitMeasure>גרם</UnitMeasure>
      <BisWeighted>1</BisWeighted>
      <QtyInPackage>1</QtyInPackage>
      <ItemPrice>49</ItemPrice>
      <UnitOfMeasurePrice>4.90</UnitOfMeasurePrice>
      <AllowDiscount>0</AllowDiscount>
      <itemStatus>1</itemStatus>
      <LastUpdateDate />
      <LastUpdateTime />
    </Product>
    <Product>
      <PriceUpdateDate>2014/01/28 18:11</PriceUpdateDate>
      <ItemCode>530048</ItemCode>
      <ItemType>0</ItemType>
      <ItemName>סלמי פפרוני זוגלובק</ItemName>
      <ManufactureName>זוגלובק שיווק בעמ</ManufactureName>
      <ManufactureCountry />
      <ManufactureItemDescription />
      <UnitQty>ק"ג</UnitQty>
      <Quantity>1000</Quantity>
      <UnitMeasure>גרם</UnitMeasure>
      <BisWeighted>1</BisWeighted>
      <QtyInPackage>1</QtyInPackage>
      <ItemPrice>56</ItemPrice>
      <UnitOfMeasurePrice>5.60</UnitOfMeasurePrice>
      <AllowDiscount>0</AllowDiscount>
      <itemStatus>1</itemStatus>
      <LastUpdateDate />
      <LastUpdateTime />
    </Product>
    <Product>
      <PriceUpdateDate>2014/01/28 18:11</PriceUpdateDate>
      <ItemCode>530062</ItemCode>
      <ItemType>0</ItemType>
      <ItemName>נקניק איטלקי זוגלובק</ItemName>
      <ManufactureName>זוגלובק שיווק בעמ</ManufactureName>
      <ManufactureCountry />
      <ManufactureItemDescription />
      <UnitQty>ק"ג</UnitQty>
      <Quantity>1000</Quantity>
      <UnitMeasure>גרם</UnitMeasure>
      <BisWeighted>1</BisWeighted>
      <QtyInPackage>1</QtyInPackage>
      <ItemPrice>79</ItemPrice>
      <UnitOfMeasurePrice>7.90</UnitOfMeasurePrice>
      <AllowDiscount>1</AllowDiscount>
      <itemStatus>1</itemStatus>
      <LastUpdateDate />
      <LastUpdateTime />
    </Product>
    <Product>
      <PriceUpdateDate>2016/08/04 11:13</PriceUpdateDate>
      <ItemCode>530178</ItemCode>
      <ItemType>0</ItemType>
      <ItemName>קוניאק זוגלובק</ItemName>
      <ManufactureName>זוגלובק שיווק בעמ</ManufactureName>
      <ManufactureCountry />
      <ManufactureItemDescription />
      <UnitQty>ק"ג</UnitQty>
      <Quantity>1000</Quantity>
      <UnitMeasure>גרם</UnitMeasure>
      <BisWeighted>1</BisWeighted>
      <QtyInPackage>1</QtyInPackage>
      <ItemPrice>87</ItemPrice>
      <UnitOfMeasurePrice>8.70</UnitOfMeasurePrice>
      <AllowDiscount>0</AllowDiscount>
      <itemStatus>1</itemStatus>
      <LastUpdateDate />
      <LastUpdateTime />
    </Product>
    <Product>
      <PriceUpdateDate>2019/04/02 13:40</PriceUpdateDate>
      <ItemCode>530260</ItemCode>
      <ItemType>0</ItemType>
      <ItemName>מרטודלה רחב זוגלובק</ItemName>
      <ManufactureName>זוגלובק שיווק בעמ</ManufactureName>
      <ManufactureCountry />
      <ManufactureItemDescription />
      <UnitQty>ק"ג</UnitQty>
      <Quantity>1000</Quantity>
      <UnitMeasure>גרם</UnitMeasure>
      <BisWeighted>1</BisWeighted>
      <QtyInPackage>1</QtyInPackage>
      <ItemPrice>35</ItemPrice>
      <UnitOfMeasurePrice>3.50</UnitOfMeasurePrice>
      <AllowDiscount>0</AllowDiscount>
      <itemStatus>1</itemStatus>
      <LastUpdateDate />
      <LastUpdateTime />
    </Product>
    <Product>
      <PriceUpdateDate>2014/06/02 15:08</PriceUpdateDate>
      <ItemCode>530369</ItemCode>
      <ItemType>0</ItemType>
      <ItemName>פסטרמה גולן זוגלובק</ItemName>
      <ManufactureName>זוגלובק שיווק בעמ</ManufactureName>
      <ManufactureCountry />
      <ManufactureItemDescription />
      <UnitQty>ק"ג</UnitQty>
      <Quantity>1000</Quantity>
      <UnitMeasure>גרם</UnitMeasure>
      <BisWeighted>1</BisWeighted>
      <QtyInPackage>1</QtyInPackage>
      <ItemPrice>79</ItemPrice>
      <UnitOfMeasurePrice>7.90</UnitOfMeasurePrice>
      <AllowDiscount>1</AllowDiscount>
      <itemStatus>1</itemStatus>
      <LastUpdateDate />
      <LastUpdateTime />
    </Product>
    <Product>
      <PriceUpdateDate>2014/06/02 15:08</PriceUpdateDate>
      <ItemCode>7290000531410</ItemCode>
      <ItemType>1</ItemType>
      <ItemName>פסטרממיה בדבש זוגלובק</ItemName>
      <ManufactureName>זוגלובק שיווק בעמ</ManufactureName>
      <ManufactureCountry />
      <ManufactureItemDescription />
      <UnitQty>ק"ג</UnitQty>
      <Quantity>1000</Quantity>
      <UnitMeasure>גרם</UnitMeasure>
      <BisWeighted>1</BisWeighted>
      <QtyInPackage>1</QtyInPackage>
      <ItemPrice>79</ItemPrice>
      <UnitOfMeasurePrice>7.90</UnitOfMeasurePrice>
      <AllowDiscount>1</AllowDiscount>
      <itemStatus>1</itemStatus>
      <LastUpdateDate />
      <LastUpdateTime />
    </Product>
    <Product>
      <PriceUpdateDate>2014/06/02 15:08</PriceUpdateDate>
      <ItemCode>532400</ItemCode>
      <ItemType>0</ItemType>
      <ItemName>פסטרמה חזה הודו זוגלובק</ItemName>
      <ManufactureName>זוגלובק שיווק בעמ</ManufactureName>
      <ManufactureCountry />
      <ManufactureItemDescription />
      <UnitQty>ק"ג</UnitQty>
      <Quantity>1000</Quantity>
      <UnitMeasure>גרם</UnitMeasure>
      <BisWeighted>1</BisWeighted>
      <QtyInPackage>1</QtyInPackage>
      <ItemPrice>79</ItemPrice>
      <UnitOfMeasurePrice>7.90</UnitOfMeasurePrice>
      <AllowDiscount>1</AllowDiscount>
      <itemStatus>1</itemStatus>
      <LastUpdateDate />
      <LastUpdateTime />
    </Product>
    <Product>
      <PriceUpdateDate>2019/02/03 12:30</PriceUpdateDate>
      <ItemCode>7290000532585</ItemCode>
      <ItemType>1</ItemType>
      <ItemName>רוסטביף חצוי זוגלובק</ItemName>
      <ManufactureName>זוגלובק שיווק בעמ</ManufactureName>
      <ManufactureCountry />
      <ManufactureItemDescription />
      <UnitQty>ק"ג</UnitQty>
      <Quantity>1000</Quantity>
      <UnitMeasure>גרם</UnitMeasure>
      <BisWeighted>1</BisWeighted>
      <QtyInPackage>1</QtyInPackage>
      <ItemPrice>128</ItemPrice>
      <UnitOfMeasurePrice>12.80</UnitOfMeasurePrice>
      <AllowDiscount>0</AllowDiscount>
      <itemStatus>1</itemStatus>
      <LastUpdateDate />
      <LastUpdateTime />
    </Product>
    <Product>
      <PriceUpdateDate>2014/06/02 15:08</PriceUpdateDate>
      <ItemCode>534718</ItemCode>
      <ItemType>0</ItemType>
      <ItemName>תבור-חזה מעושן זוגלובק 2% שומן</ItemName>
      <ManufactureName>זוגלובק שיווק בעמ</ManufactureName>
      <ManufactureCountry />
      <ManufactureItemDescription />
      <UnitQty>ק"ג</UnitQty>
      <Quantity>1000</Quantity>
      <UnitMeasure>גרם</UnitMeasure>
      <BisWeighted>1</BisWeighted>
      <QtyInPackage>1</QtyInPackage>
      <ItemPrice>79</ItemPrice>
      <UnitOfMeasurePrice>7.90</UnitOfMeasurePrice>
      <AllowDiscount>1</AllowDiscount>
      <itemStatus>1</itemStatus>
      <LastUpdateDate />
      <LastUpdateTime />
    </Product>
    <Product>
      <PriceUpdateDate>2014/06/02 15:08</PriceUpdateDate>
      <ItemCode>534800</ItemCode>
      <ItemType>0</ItemType>
      <ItemName>פסטרמה רומנית זוגלובק</ItemName>
      <ManufactureName>זוגלובק שיווק בעמ</ManufactureName>
      <ManufactureCountry />
      <ManufactureItemDescription />
      <UnitQty>ק"ג</UnitQty>
      <Quantity>1000</Quantity>
      <UnitMeasure>גרם</UnitMeasure>
      <BisWeighted>1</BisWeighted>
      <QtyInPackage>1</QtyInPackage>
      <ItemPrice>79</ItemPrice>
      <UnitOfMeasurePrice>7.90</UnitOfMeasurePrice>
      <AllowDiscount>1</AllowDiscount>
      <itemStatus>1</itemStatus>
      <LastUpdateDate />
      <LastUpdateTime />
    </Product>
    <Product>
      <PriceUpdateDate>2014/01/14 08:18</PriceUpdateDate>
      <ItemCode>7290000534824</ItemCode>
      <ItemType>1</ItemType>
      <ItemName>חרמון חזה הודו זוגלובק</ItemName>
      <ManufactureName>זוגלובק שיווק בעמ</ManufactureName>
      <ManufactureCountry />
      <ManufactureItemDescription />
      <UnitQty>ק"ג</UnitQty>
      <Quantity>1000</Quantity>
      <UnitMeasure>גרם</UnitMeasure>
      <BisWeighted>1</BisWeighted>
      <QtyInPackage>1</QtyInPackage>
      <ItemPrice>50</ItemPrice>
      <UnitOfMeasurePrice>5</UnitOfMeasurePrice>
      <AllowDiscount>0</AllowDiscount>
      <itemStatus>1</itemStatus>
      <LastUpdateDate />
      <LastUpdateTime />
    </Product>
    <Product>
      <PriceUpdateDate>2019/02/03 12:33</PriceUpdateDate>
      <ItemCode>551722</ItemCode>
      <ItemType>0</ItemType>
      <ItemName>כתף בקר עטרה מס 4</ItemName>
      <ManufactureName>נטו מלינדה סחר - עטרה</ManufactureName>
      <ManufactureCountry />
      <ManufactureItemDescription />
      <UnitQty>ק"ג</UnitQty>
      <Quantity>1</Quantity>
      <UnitMeasure />
      <BisWeighted>1</BisWeighted>
      <QtyInPackage>1</QtyInPackage>
      <ItemPrice>42.90</ItemPrice>
      <UnitOfMeasurePrice>42.90</UnitOfMeasurePrice>
      <AllowDiscount>0</AllowDiscount>
      <itemStatus>1</itemStatus>
      <LastUpdateDate />
      <LastUpdateTime />
    </Product>
    <Product>
      <PriceUpdateDate>2020/03/01 07:25</PriceUpdateDate>
      <ItemCode>7290000554815</ItemCode>
      <ItemType>1</ItemType>
      <ItemName>גבינת מוצרלה נקניק מעדנייה גד</ItemName>
      <ManufactureName>מחלבות גד שיווק 1992 בעמ</ManufactureName>
      <ManufactureCountry />
      <ManufactureItemDescription />
      <UnitQty>ק"ג</UnitQty>
      <Quantity>1000</Quantity>
      <UnitMeasure>גרם</UnitMeasure>
      <BisWeighted>1</BisWeighted>
      <QtyInPackage>1</QtyInPackage>
      <ItemPrice>80</ItemPrice>
      <UnitOfMeasurePrice>8</UnitOfMeasurePrice>
      <AllowDiscount>0</AllowDiscount>
      <itemStatus>1</itemStatus>
      <LastUpdateDate />
      <LastUpdateTime />
    </Product>
    <Product>
      <PriceUpdateDate>2020/05/03 06:47</PriceUpdateDate>
      <ItemCode>554914</ItemCode>
      <ItemType>0</ItemType>
      <ItemName>גבינה צפתית רכה 5% מעדנייה גד</ItemName>
      <ManufactureName>מחלבות גד שיווק 1992 בעמ</ManufactureName>
      <ManufactureCountry />
      <ManufactureItemDescription />
      <UnitQty>ק"ג</UnitQty>
      <Quantity>1000</Quantity>
      <UnitMeasure>גרם</UnitMeasure>
      <BisWeighted>1</BisWeighted>
      <QtyInPackage>1</QtyInPackage>
      <ItemPrice>60</ItemPrice>
      <UnitOfMeasurePrice>6</UnitOfMeasurePrice>
      <AllowDiscount>0</AllowDiscount>
      <itemStatus>1</itemStatus>
      <LastUpdateDate />
      <LastUpdateTime />
    </Product>
    <Product>
      <PriceUpdateDate>2019/10/27 11:59</PriceUpdateDate>
      <ItemCode>554969</ItemCode>
      <ItemType>0</ItemType>
      <ItemName>שמנות 30% בטעמים מעדנייה גד</ItemName>
      <ManufactureName>מחלבות גד שיווק 1992 בעמ</ManufactureName>
      <ManufactureCountry />
      <ManufactureItemDescription />
      <UnitQty>ק"ג</UnitQty>
      <Quantity>1000</Quantity>
      <UnitMeasure>גרם</UnitMeasure>
      <BisWeighted>1</BisWeighted>
      <QtyInPackage>1</QtyInPackage>
      <ItemPrice>45</ItemPrice>
      <UnitOfMeasurePrice>4.50</UnitOfMeasurePrice>
      <AllowDiscount>0</AllowDiscount>
      <itemStatus>1</itemStatus>
      <LastUpdateDate />
      <LastUpdateTime />
    </Product>
    <Product>
      <PriceUpdateDate>2019/12/29 11:53</PriceUpdateDate>
      <ItemCode>554990</ItemCode>
      <ItemType>0</ItemType>
      <ItemName>מוצרלה במים גד מעדניה</ItemName>
      <ManufactureName>מחלבות גד שיווק 1992 בעמ</ManufactureName>
      <ManufactureCountry />
      <ManufactureItemDescription />
      <UnitQty>ק"ג</UnitQty>
      <Quantity>1000</Quantity>
      <UnitMeasure>גרם</UnitMeasure>
      <BisWeighted>1</BisWeighted>
      <QtyInPackage>1</QtyInPackage>
      <ItemPrice>92</ItemPrice>
      <UnitOfMeasurePrice>9.20</UnitOfMeasurePrice>
      <AllowDiscount>0</AllowDiscount>
      <itemStatus>1</itemStatus>
      <LastUpdateDate />
      <LastUpdateTime />
    </Product>
    <Product>
      <PriceUpdateDate>2019/11/13 15:45</PriceUpdateDate>
      <ItemCode>560915</ItemCode>
      <ItemType>0</ItemType>
      <ItemName>דג דניס טרי נקי</ItemName>
      <ManufactureName>מאסטרפוד בעמ</ManufactureName>
      <ManufactureCountry />
      <ManufactureItemDescription />
      <UnitQty>ק"ג</UnitQty>
      <Quantity>1</Quantity>
      <UnitMeasure />
      <BisWeighted>1</BisWeighted>
      <QtyInPackage>1</QtyInPackage>
      <ItemPrice>59.90</ItemPrice>
      <UnitOfMeasurePrice>59.90</UnitOfMeasurePrice>
      <AllowDiscount>1</AllowDiscount>
      <itemStatus>1</itemStatus>
      <LastUpdateDate />
      <LastUpdateTime />
    </Product>
    <Product>
      <PriceUpdateDate>2019/03/31 13:26</PriceUpdateDate>
      <ItemCode>560946</ItemCode>
      <ItemType>0</ItemType>
      <ItemName>דג קרפיון מצונן נקי</ItemName>
      <ManufactureName>מאסטרפוד בעמ</ManufactureName>
      <ManufactureCountry />
      <ManufactureItemDescription />
      <UnitQty>ק"ג</UnitQty>
      <Quantity>1</Quantity>
      <UnitMeasure />
      <BisWeighted>1</BisWeighted>
      <QtyInPackage>1</QtyInPackage>
      <ItemPrice>32.90</ItemPrice>
      <UnitOfMeasurePrice>32.90</UnitOfMeasurePrice>
      <AllowDiscount>0</AllowDiscount>
      <itemStatus>1</itemStatus>
      <LastUpdateDate />
      <LastUpdateTime />
    </Product>
    <Product>
      <PriceUpdateDate>2019/12/22 11:05</PriceUpdateDate>
      <ItemCode>571515</ItemCode>
      <ItemType>0</ItemType>
      <ItemName>פילה סלמון נורבגי שלם -טרי</ItemName>
      <ManufactureName>מאסטרפוד בעמ</ManufactureName>
      <ManufactureCountry />
      <ManufactureItemDescription />
      <UnitQty>ק"ג</UnitQty>
      <Quantity>1000</Quantity>
      <UnitMeasure>גרם</UnitMeasure>
      <BisWeighted>1</BisWeighted>
      <QtyInPackage>1</QtyInPackage>
      <ItemPrice>99</ItemPrice>
      <UnitOfMeasurePrice>9.90</UnitOfMeasurePrice>
      <AllowDiscount>1</AllowDiscount>
      <itemStatus>1</itemStatus>
      <LastUpdateDate />
      <LastUpdateTime />
    </Product>
    <Product>
      <PriceUpdateDate>2020/03/17 07:33</PriceUpdateDate>
      <ItemCode>611136</ItemCode>
      <ItemType>0</ItemType>
      <ItemName>כבד עוף קפוא</ItemName>
      <ManufactureName>קורניש חן (1987) בעמ</ManufactureName>
      <ManufactureCountry />
      <ManufactureItemDescription />
      <UnitQty>ק"ג</UnitQty>
      <Quantity>1000</Quantity>
      <UnitMeasure>גרם</UnitMeasure>
      <BisWeighted>1</BisWeighted>
      <QtyInPackage>1</QtyInPackage>
      <ItemPrice>14.90</ItemPrice>
      <UnitOfMeasurePrice>1.49</UnitOfMeasurePrice>
      <AllowDiscount>0</AllowDiscount>
      <itemStatus>1</itemStatus>
      <LastUpdateDate />
      <LastUpdateTime />
    </Product>
    <Product>
      <PriceUpdateDate>2017/01/01 09:34</PriceUpdateDate>
      <ItemCode>631035</ItemCode>
      <ItemType>0</ItemType>
      <ItemName>כבד עוף עטרה</ItemName>
      <ManufactureName>נטו מלינדה סחר - עטרה</ManufactureName>
      <ManufactureCountry />
      <ManufactureItemDescription />
      <UnitQty>ק"ג</UnitQty>
      <Quantity>1000</Quantity>
      <UnitMeasure>גרם</UnitMeasure>
      <BisWeighted>1</BisWeighted>
      <QtyInPackage>1</QtyInPackage>
      <ItemPrice>35.90</ItemPrice>
      <UnitOfMeasurePrice>3.59</UnitOfMeasurePrice>
      <AllowDiscount>0</AllowDiscount>
      <itemStatus>1</itemStatus>
      <LastUpdateDate />
      <LastUpdateTime />
    </Product>
    <Product>
      <PriceUpdateDate>2016/10/30 09:10</PriceUpdateDate>
      <ItemCode>632209</ItemCode>
      <ItemType>0</ItemType>
      <ItemName>חזה עוף-עטרה</ItemName>
      <ManufactureName>נטו מלינדה סחר - עטרה</ManufactureName>
      <ManufactureCountry />
      <ManufactureItemDescription />
      <UnitQty>ק"ג</UnitQty>
      <Quantity>1000</Quantity>
      <UnitMeasure>גרם</UnitMeasure>
      <BisWeighted>1</BisWeighted>
      <QtyInPackage>1</QtyInPackage>
      <ItemPrice>31.90</ItemPrice>
      <UnitOfMeasurePrice>3.19</UnitOfMeasurePrice>
      <AllowDiscount>0</AllowDiscount>
      <itemStatus>1</itemStatus>
      <LastUpdateDate />
      <LastUpdateTime />
    </Product>
    <Product>
      <PriceUpdateDate>2016/10/30 09:10</PriceUpdateDate>
      <ItemCode>7290001209547</ItemCode>
      <ItemType>1</ItemType>
      <ItemName>כרעיים-עטרה</ItemName>
      <ManufactureName>נטו מלינדה סחר - עטרה</ManufactureName>
      <ManufactureCountry />
      <ManufactureItemDescription />
      <UnitQty>ק"ג</UnitQty>
      <Quantity>1000</Quantity>
      <UnitMeasure>גרם</UnitMeasure>
      <BisWeighted>1</BisWeighted>
      <QtyInPackage>1</QtyInPackage>
      <ItemPrice>31.90</ItemPrice>
      <UnitOfMeasurePrice>3.19</UnitOfMeasurePrice>
      <AllowDiscount>0</AllowDiscount>
      <itemStatus>1</itemStatus>
      <LastUpdateDate />
      <LastUpdateTime />
    </Product>
    <Product>
      <PriceUpdateDate>2016/10/30 09:10</PriceUpdateDate>
      <ItemCode>632599</ItemCode>
      <ItemType>0</ItemType>
      <ItemName>ירכיים עוף-עטרה</ItemName>
      <ManufactureName>נטו מלינדה סחר - עטרה</ManufactureName>
      <ManufactureCountry />
      <ManufactureItemDescription />
      <UnitQty>ק"ג</UnitQty>
      <Quantity>1000</Quantity>
      <UnitMeasure>גרם</UnitMeasure>
      <BisWeighted>1</BisWeighted>
      <QtyInPackage>1</QtyInPackage>
      <ItemPrice>31.90</ItemPrice>
      <UnitOfMeasurePrice>3.19</UnitOfMeasurePrice>
      <AllowDiscount>0</AllowDiscount>
      <itemStatus>1</itemStatus>
      <LastUpdateDate />
      <LastUpdateTime />
    </Product>
    <Product>
      <PriceUpdateDate>2014/07/17 12:35</PriceUpdateDate>
      <ItemCode>632698</ItemCode>
      <ItemType>0</ItemType>
      <ItemName>שוקיים עוף-עטרה</ItemName>
      <ManufactureName>נטו מלינדה סחר - עטרה</ManufactureName>
      <ManufactureCountry />
      <ManufactureItemDescription />
      <UnitQty>ק"ג</UnitQty>
      <Quantity>1000</Quantity>
      <UnitMeasure>גרם</UnitMeasure>
      <BisWeighted>1</BisWeighted>
      <QtyInPackage>1</QtyInPackage>
      <ItemPrice>34.90</ItemPrice>
      <UnitOfMeasurePrice>3.49</UnitOfMeasurePrice>
      <AllowDiscount>0</AllowDiscount>
      <itemStatus>1</itemStatus>
      <LastUpdateDate />
      <LastUpdateTime />
    </Product>
    <Product>
      <PriceUpdateDate>2019/08/01 11:14</PriceUpdateDate>
      <ItemCode>633800</ItemCode>
      <ItemType>0</ItemType>
      <ItemName>כנפיים עוף-עטרה</ItemName>
      <ManufactureName>נטו מלינדה סחר - עטרה</ManufactureName>
      <ManufactureCountry />
      <ManufactureItemDescription />
      <UnitQty>ק"ג</UnitQty>
      <Quantity>1000</Quantity>
      <UnitMeasure>גרם</UnitMeasure>
      <BisWeighted>1</BisWeighted>
      <QtyInPackage>1</QtyInPackage>
      <ItemPrice>17.90</ItemPrice>
      <UnitOfMeasurePrice>1.79</UnitOfMeasurePrice>
      <AllowDiscount>1</AllowDiscount>
      <itemStatus>1</itemStatus>
      <LastUpdateDate />
      <LastUpdateTime />
    </Product>
    <Product>
      <PriceUpdateDate>2020/03/17 06:42</PriceUpdateDate>
      <ItemCode>7290000652542</ItemCode>
      <ItemType>1</ItemType>
      <ItemName>פילה אמנון 5-7 100% דג - תנובה</ItemName>
      <ManufactureName>תנובה קפואים</ManufactureName>
      <ManufactureCountry />
      <ManufactureItemDescription />
      <UnitQty>ק"ג</UnitQty>
      <Quantity>1000</Quantity>
      <UnitMeasure>גרם</UnitMeasure>
      <BisWeighted>1</BisWeighted>
      <QtyInPackage>1</QtyInPackage>
      <ItemPrice>29.90</ItemPrice>
      <UnitOfMeasurePrice>2.99</UnitOfMeasurePrice>
      <AllowDiscount>1</AllowDiscount>
      <itemStatus>1</itemStatus>
      <LastUpdateDate />
      <LastUpdateTime />
    </Product>
    <Product>
      <PriceUpdateDate>2019/07/01 15:55</PriceUpdateDate>
      <ItemCode>653877</ItemCode>
      <ItemType>0</ItemType>
      <ItemName>פילס תרד בנוז`ור</ItemName>
      <ManufactureName>קבוצת אסם סחר שות. מוגבלת</ManufactureName>
      <ManufactureCountry />
      <ManufactureItemDescription />
      <UnitQty>ק"ג</UnitQty>
      <Quantity>0</Quantity>
      <UnitMeasure>גרם</UnitMeasure>
      <BisWeighted>1</BisWeighted>
      <QtyInPackage>1</QtyInPackage>
      <ItemPrice>39</ItemPrice>
      <UnitOfMeasurePrice>39</UnitOfMeasurePrice>
      <AllowDiscount>0</AllowDiscount>
      <itemStatus>1</itemStatus>
      <LastUpdateDate />
      <LastUpdateTime />
    </Product>
    <Product>
      <PriceUpdateDate>2017/10/30 10:23</PriceUpdateDate>
      <ItemCode>654447</ItemCode>
      <ItemType>0</ItemType>
      <ItemName>מחפוד שווארמה הודו נקבה טרי ארוז</ItemName>
      <ManufactureName>תנובה קפואים</ManufactureName>
      <ManufactureCountry />
      <ManufactureItemDescription />
      <UnitQty>ק"ג</UnitQty>
      <Quantity>1</Quantity>
      <UnitMeasure />
      <BisWeighted>1</BisWeighted>
      <QtyInPackage>1</QtyInPackage>
      <ItemPrice>69.90</ItemPrice>
      <UnitOfMeasurePrice>69.90</UnitOfMeasurePrice>
      <AllowDiscount>0</AllowDiscount>
      <itemStatus>1</itemStatus>
      <LastUpdateDate />
      <LastUpdateTime />
    </Product>
    <Product>
      <PriceUpdateDate>2020/03/19 06:43</PriceUpdateDate>
      <ItemCode>654935</ItemCode>
      <ItemType>0</ItemType>
      <ItemName>שיפודי פרגיות קפוא</ItemName>
      <ManufactureName>קורניש חן (1987) בעמ</ManufactureName>
      <ManufactureCountry />
      <ManufactureItemDescription />
      <UnitQty>ק"ג</UnitQty>
      <Quantity>1000</Quantity>
      <UnitMeasure>גרם</UnitMeasure>
      <BisWeighted>1</BisWeighted>
      <QtyInPackage>1</QtyInPackage>
      <ItemPrice>54.90</ItemPrice>
      <UnitOfMeasurePrice>5.49</UnitOfMeasurePrice>
      <AllowDiscount>1</AllowDiscount>
      <itemStatus>1</itemStatus>
      <LastUpdateDate />
      <LastUpdateTime />
    </Product>
    <Product>
      <PriceUpdateDate>2019/10/06 12:36</PriceUpdateDate>
      <ItemCode>656991</ItemCode>
      <ItemType>0</ItemType>
      <ItemName>בשר ראש קפוא</ItemName>
      <ManufactureName>תנובה קפואים</ManufactureName>
      <ManufactureCountry />
      <ManufactureItemDescription />
      <UnitQty>ק"ג</UnitQty>
      <Quantity>1000</Quantity>
      <UnitMeasure>גרם</UnitMeasure>
      <BisWeighted>1</BisWeighted>
      <QtyInPackage>1</QtyInPackage>
      <ItemPrice>69.90</ItemPrice>
      <UnitOfMeasurePrice>6.99</UnitOfMeasurePrice>
      <AllowDiscount>0</AllowDiscount>
      <itemStatus>1</itemStatus>
      <LastUpdateDate />
      <LastUpdateTime />
    </Product>
    <Product>
      <PriceUpdateDate>2020/01/19 12:25</PriceUpdateDate>
      <ItemCode>659312</ItemCode>
      <ItemType>0</ItemType>
      <ItemName>פילה סלמון תנובה קפוא בוואקום</ItemName>
      <ManufactureName>תנובה קפואים</ManufactureName>
      <ManufactureCountry />
      <ManufactureItemDescription />
      <UnitQty>ק"ג</UnitQty>
      <Quantity>1000</Quantity>
      <UnitMeasure>גרם</UnitMeasure>
      <BisWeighted>1</BisWeighted>
      <QtyInPackage>1</QtyInPackage>
      <ItemPrice>64.90</ItemPrice>
      <UnitOfMeasurePrice>6.49</UnitOfMeasurePrice>
      <AllowDiscount>0</AllowDiscount>
      <itemStatus>1</itemStatus>
      <LastUpdateDate />
      <LastUpdateTime />
    </Product>
    <Product>
      <PriceUpdateDate>2018/04/25 13:34</PriceUpdateDate>
      <ItemCode>684123</ItemCode>
      <ItemType>0</ItemType>
      <ItemName>כתף טרי חלק ללא עצם</ItemName>
      <ManufactureName>אדום אדום - תנובה בקר</ManufactureName>
      <ManufactureCountry />
      <ManufactureItemDescription />
      <UnitQty>ק"ג</UnitQty>
      <Quantity>1</Quantity>
      <UnitMeasure />
      <BisWeighted>1</BisWeighted>
      <QtyInPackage>1</QtyInPackage>
      <ItemPrice>79.90</ItemPrice>
      <UnitOfMeasurePrice>79.90</UnitOfMeasurePrice>
      <AllowDiscount>1</AllowDiscount>
      <itemStatus>1</itemStatus>
      <LastUpdateDate />
      <LastUpdateTime />
    </Product>
    <Product>
      <PriceUpdateDate>2019/07/28 10:58</PriceUpdateDate>
      <ItemCode>753218</ItemCode>
      <ItemType>0</ItemType>
      <ItemName>חצי בגט</ItemName>
      <ManufactureName>מאפיית קציר חיטים בעמ</ManufactureName>
      <ManufactureCountry />
      <ManufactureItemDescription />
      <UnitQty>יח`</UnitQty>
      <Quantity>1</Quantity>
      <UnitMeasure />
      <BisWeighted>0</BisWeighted>
      <QtyInPackage>1</QtyInPackage>
      <ItemPrice>3.90</ItemPrice>
      <UnitOfMeasurePrice>3.90</UnitOfMeasurePrice>
      <AllowDiscount>0</AllowDiscount>
      <itemStatus>1</itemStatus>
      <LastUpdateDate />
      <LastUpdateTime />
    </Product>
    <Product>
      <PriceUpdateDate>2019/07/28 10:58</PriceUpdateDate>
      <ItemCode>787879</ItemCode>
      <ItemType>0</ItemType>
      <ItemName>7ב...לחמניות מאפית</ItemName>
      <ManufactureName>קבוצת אסם סחר שות. מוגבלת</ManufactureName>
      <ManufactureCountry />
      <ManufactureItemDescription />
      <UnitQty>יח`</UnitQty>
      <Quantity>1</Quantity>
      <UnitMeasure />
      <BisWeighted>0</BisWeighted>
      <QtyInPackage>1</QtyInPackage>
      <ItemPrice>10.90</ItemPrice>
      <UnitOfMeasurePrice>10.90</UnitOfMeasurePrice>
      <AllowDiscount>0</AllowDiscount>
      <itemStatus>1</itemStatus>
      <LastUpdateDate />
      <LastUpdateTime />
    </Product>
    <Product>
      <PriceUpdateDate>2020/05/03 06:43</PriceUpdateDate>
      <ItemCode>820859</ItemCode>
      <ItemType>0</ItemType>
      <ItemName>סטייק עין קפוא פריגומרק מוביל</ItemName>
      <ManufactureName>מאסטרפוד בעמ</ManufactureName>
      <ManufactureCountry />
      <ManufactureItemDescription />
      <UnitQty>ק"ג</UnitQty>
      <Quantity>0</Quantity>
      <UnitMeasure>גרם</UnitMeasure>
      <BisWeighted>1</BisWeighted>
      <QtyInPackage>1</QtyInPackage>
      <ItemPrice>49.90</ItemPrice>
      <UnitOfMeasurePrice>49.90</UnitOfMeasurePrice>
      <AllowDiscount>0</AllowDiscount>
      <itemStatus>1</itemStatus>
      <LastUpdateDate />
      <LastUpdateTime />
    </Product>
    <Product>
      <PriceUpdateDate>2020/02/11 11:29</PriceUpdateDate>
      <ItemCode>7290011530839</ItemCode>
      <ItemType>1</ItemType>
      <ItemName>אצבעות  קשתית(אנטריקוט) קפוא</ItemName>
      <ManufactureName>בלדי בעמ</ManufactureName>
      <ManufactureCountry />
      <ManufactureItemDescription />
      <UnitQty>ק"ג</UnitQty>
      <Quantity>1</Quantity>
      <UnitMeasure />
      <BisWeighted>1</BisWeighted>
      <QtyInPackage>1</QtyInPackage>
      <ItemPrice>49.90</ItemPrice>
      <UnitOfMeasurePrice>49.90</UnitOfMeasurePrice>
      <AllowDiscount>0</AllowDiscount>
      <itemStatus>1</itemStatus>
      <LastUpdateDate />
      <LastUpdateTime />
    </Product>
    <Product>
      <PriceUpdateDate>2020/03/01 07:27</PriceUpdateDate>
      <ItemCode>821016</ItemCode>
      <ItemType>0</ItemType>
      <ItemName>שוק אווז קפוא ארוז</ItemName>
      <ManufactureName>בלדי בעמ</ManufactureName>
      <ManufactureCountry />
      <ManufactureItemDescription />
      <UnitQty>ק"ג</UnitQty>
      <Quantity>1</Quantity>
      <UnitMeasure />
      <BisWeighted>1</BisWeighted>
      <QtyInPackage>1</QtyInPackage>
      <ItemPrice>44.90</ItemPrice>
      <UnitOfMeasurePrice>44.90</UnitOfMeasurePrice>
      <AllowDiscount>1</AllowDiscount>
      <itemStatus>1</itemStatus>
      <LastUpdateDate />
      <LastUpdateTime />
    </Product>
    <Product>
      <PriceUpdateDate>2015/09/24 15:44</PriceUpdateDate>
      <ItemCode>907970</ItemCode>
      <ItemType>0</ItemType>
      <ItemName>פסטרמה כפרית טירת צבי</ItemName>
      <ManufactureName>תנובה קפואים</ManufactureName>
      <ManufactureCountry />
      <ManufactureItemDescription />
      <UnitQty>ק"ג</UnitQty>
      <Quantity>1000</Quantity>
      <UnitMeasure>גרם</UnitMeasure>
      <BisWeighted>1</BisWeighted>
      <QtyInPackage>1</QtyInPackage>
      <ItemPrice>53</ItemPrice>
      <UnitOfMeasurePrice>5.30</UnitOfMeasurePrice>
      <AllowDiscount>0</AllowDiscount>
      <itemStatus>1</itemStatus>
      <LastUpdateDate />
      <LastUpdateTime />
    </Product>
    <Product>
      <PriceUpdateDate>2020/04/30 16:26</PriceUpdateDate>
      <ItemCode>986708</ItemCode>
      <ItemType>0</ItemType>
      <ItemName>ענבים אדומים ארוז</ItemName>
      <ManufactureName>פירות אביב בעמ</ManufactureName>
      <ManufactureCountry />
      <ManufactureItemDescription />
      <UnitQty>יח`</UnitQty>
      <Quantity>1</Quantity>
      <UnitMeasure />
      <BisWeighted>0</BisWeighted>
      <QtyInPackage>1</QtyInPackage>
      <ItemPrice>12.90</ItemPrice>
      <UnitOfMeasurePrice>12.90</UnitOfMeasurePrice>
      <AllowDiscount>1</AllowDiscount>
      <itemStatus>1</itemStatus>
      <LastUpdateDate />
      <LastUpdateTime />
    </Product>
    <Product>
      <PriceUpdateDate>2016/07/04 10:08</PriceUpdateDate>
      <ItemCode>1121023</ItemCode>
      <ItemType>0</ItemType>
      <ItemName>פסטרמה של פעם יחיעם</ItemName>
      <ManufactureName>מעדני יחיעם (1993) בעמ</ManufactureName>
      <ManufactureCountry />
      <ManufactureItemDescription />
      <UnitQty>ק"ג</UnitQty>
      <Quantity>1000</Quantity>
      <UnitMeasure>גרם</UnitMeasure>
      <BisWeighted>1</BisWeighted>
      <QtyInPackage>1</QtyInPackage>
      <ItemPrice>79</ItemPrice>
      <UnitOfMeasurePrice>7.90</UnitOfMeasurePrice>
      <AllowDiscount>1</AllowDiscount>
      <itemStatus>1</itemStatus>
      <LastUpdateDate />
      <LastUpdateTime />
    </Product>
    <Product>
      <PriceUpdateDate>2019/02/28 17:34</PriceUpdateDate>
      <ItemCode>1133798</ItemCode>
      <ItemType>0</ItemType>
      <ItemName>פילה נסיכת הנילוס ללא עור</ItemName>
      <ManufactureName>בלדי בעמ</ManufactureName>
      <ManufactureCountry />
      <ManufactureItemDescription />
      <UnitQty>ק"ג</UnitQty>
      <Quantity>1</Quantity>
      <UnitMeasure />
      <BisWeighted>1</BisWeighted>
      <QtyInPackage>1</QtyInPackage>
      <ItemPrice>29.90</ItemPrice>
      <UnitOfMeasurePrice>29.90</UnitOfMeasurePrice>
      <AllowDiscount>0</AllowDiscount>
      <itemStatus>1</itemStatus>
      <LastUpdateDate />
      <LastUpdateTime />
    </Product>
    <Product>
      <PriceUpdateDate>2014/05/07 11:10</PriceUpdateDate>
      <ItemCode>1209158</ItemCode>
      <ItemType>0</ItemType>
      <ItemName>שניצל עוף פרוס-עטרה </ItemName>
      <ManufactureName>נטו מלינדה סחר - עטרה</ManufactureName>
      <ManufactureCountry />
      <ManufactureItemDescription />
      <UnitQty>ק"ג</UnitQty>
      <Quantity>1000</Quantity>
      <UnitMeasure>גרם</UnitMeasure>
      <BisWeighted>1</BisWeighted>
      <QtyInPackage>1</QtyInPackage>
      <ItemPrice>34.90</ItemPrice>
      <UnitOfMeasurePrice>3.49</UnitOfMeasurePrice>
      <AllowDiscount>0</AllowDiscount>
      <itemStatus>1</itemStatus>
      <LastUpdateDate />
      <LastUpdateTime />
    </Product>
    <Product>
      <PriceUpdateDate>2019/05/07 16:24</PriceUpdateDate>
      <ItemCode>1230331</ItemCode>
      <ItemType>0</ItemType>
      <ItemName>כאמל בוקס</ItemName>
      <ManufactureName>גלוברנדס בעמ - שיווק סיגריות</ManufactureName>
      <ManufactureCountry />
      <ManufactureItemDescription />
      <UnitQty>יח`</UnitQty>
      <Quantity>1</Quantity>
      <UnitMeasure />
      <BisWeighted>0</BisWeighted>
      <QtyInPackage>1</QtyInPackage>
      <ItemPrice>28.50</ItemPrice>
      <UnitOfMeasurePrice>28.50</UnitOfMeasurePrice>
      <AllowDiscount>0</AllowDiscount>
      <itemStatus>1</itemStatus>
      <LastUpdateDate />
      <LastUpdateTime />
    </Product>
    <Product>
      <PriceUpdateDate>2018/12/05 08:22</PriceUpdateDate>
      <ItemCode>1231932</ItemCode>
      <ItemType>0</ItemType>
      <ItemName>וינסטון כחול בוקס</ItemName>
      <ManufactureName>גלוברנדס בעמ - שיווק סיגריות</ManufactureName>
      <ManufactureCountry />
      <ManufactureItemDescription />
      <UnitQty>יח`</UnitQty>
      <Quantity>1</Quantity>
      <UnitMeasure />
      <BisWeighted>0</BisWeighted>
      <QtyInPackage>1</QtyInPackage>
      <ItemPrice>30.50</ItemPrice>
      <UnitOfMeasurePrice>30.50</UnitOfMeasurePrice>
      <AllowDiscount>0</AllowDiscount>
      <itemStatus>1</itemStatus>
      <LastUpdateDate />
      <LastUpdateTime />
    </Product>
    <Product>
      <PriceUpdateDate>2018/12/05 08:22</PriceUpdateDate>
      <ItemCode>1235938</ItemCode>
      <ItemType>0</ItemType>
      <ItemName>וינסטון כחול ארוך</ItemName>
      <ManufactureName>גלוברנדס בעמ - שיווק סיגריות</ManufactureName>
      <ManufactureCountry />
      <ManufactureItemDescription />
      <UnitQty>יח`</UnitQty>
      <Quantity>1</Quantity>
      <UnitMeasure />
      <BisWeighted>0</BisWeighted>
      <QtyInPackage>1</QtyInPackage>
      <ItemPrice>30.50</ItemPrice>
      <UnitOfMeasurePrice>30.50</UnitOfMeasurePrice>
      <AllowDiscount>0</AllowDiscount>
      <itemStatus>1</itemStatus>
      <LastUpdateDate />
      <LastUpdateTime />
    </Product>
    <Product>
      <PriceUpdateDate>2012/07/10 10:27</PriceUpdateDate>
      <ItemCode>1249319</ItemCode>
      <ItemType>0</ItemType>
      <ItemName>בשר מס` 3 חזה חלק מהדרין</ItemName>
      <ManufactureName>מאסטרפוד בעמ</ManufactureName>
      <ManufactureCountry />
      <ManufactureItemDescription />
      <UnitQty>ק"ג</UnitQty>
      <Quantity>1</Quantity>
      <UnitMeasure />
      <BisWeighted>1</BisWeighted>
      <QtyInPackage>1</QtyInPackage>
      <ItemPrice>29.99</ItemPrice>
      <UnitOfMeasurePrice>29.99</UnitOfMeasurePrice>
      <AllowDiscount>0</AllowDiscount>
      <itemStatus>1</itemStatus>
      <LastUpdateDate />
      <LastUpdateTime />
    </Product>
    <Product>
      <PriceUpdateDate>2019/02/10 08:56</PriceUpdateDate>
      <ItemCode>1319161</ItemCode>
      <ItemType>0</ItemType>
      <ItemName>בשר מס` 3 חזה</ItemName>
      <ManufactureName>בלדי בעמ</ManufactureName>
      <ManufactureCountry />
      <ManufactureItemDescription />
      <UnitQty>ק"ג</UnitQty>
      <Quantity>1000</Quantity>
      <UnitMeasure>גרם</UnitMeasure>
      <BisWeighted>1</BisWeighted>
      <QtyInPackage>1</QtyInPackage>
      <ItemPrice>29.90</ItemPrice>
      <UnitOfMeasurePrice>2.99</UnitOfMeasurePrice>
      <AllowDiscount>0</AllowDiscount>
      <itemStatus>1</itemStatus>
      <LastUpdateDate />
      <LastUpdateTime />
    </Product>
    <Product>
      <PriceUpdateDate>2019/12/26 12:20</PriceUpdateDate>
      <ItemCode>1322888</ItemCode>
      <ItemType>0</ItemType>
      <ItemName>פילה בקר חלק מוביל</ItemName>
      <ManufactureName>בלדי בעמ</ManufactureName>
      <ManufactureCountry />
      <ManufactureItemDescription />
      <UnitQty>ק"ג</UnitQty>
      <Quantity>1</Quantity>
      <UnitMeasure>גרם</UnitMeasure>
      <BisWeighted>1</BisWeighted>
      <QtyInPackage>1</QtyInPackage>
      <ItemPrice>99</ItemPrice>
      <UnitOfMeasurePrice>9900</UnitOfMeasurePrice>
      <AllowDiscount>0</AllowDiscount>
      <itemStatus>1</itemStatus>
      <LastUpdateDate />
      <LastUpdateTime />
    </Product>
    <Product>
      <PriceUpdateDate>2018/02/22 10:37</PriceUpdateDate>
      <ItemCode>1436356</ItemCode>
      <ItemType>0</ItemType>
      <ItemName>סטייק סלמון נורבגי וואקום</ItemName>
      <ManufactureName>בלדי בעמ</ManufactureName>
      <ManufactureCountry />
      <ManufactureItemDescription />
      <UnitQty>ק"ג</UnitQty>
      <Quantity>0</Quantity>
      <UnitMeasure>ק"ג</UnitMeasure>
      <BisWeighted>1</BisWeighted>
      <QtyInPackage>1</QtyInPackage>
      <ItemPrice>49.90</ItemPrice>
      <UnitOfMeasurePrice>49.90</UnitOfMeasurePrice>
      <AllowDiscount>0</AllowDiscount>
      <itemStatus>1</itemStatus>
      <LastUpdateDate />
      <LastUpdateTime />
    </Product>
    <Product>
      <PriceUpdateDate>2019/12/24 13:12</PriceUpdateDate>
      <ItemCode>1484074</ItemCode>
      <ItemType>0</ItemType>
      <ItemName>צלעות בשר מס 2 אנש הרב יורקוביץ</ItemName>
      <ManufactureName>בלדי בעמ</ManufactureName>
      <ManufactureCountry />
      <ManufactureItemDescription />
      <UnitQty>ק"ג</UnitQty>
      <Quantity>1</Quantity>
      <UnitMeasure />
      <BisWeighted>1</BisWeighted>
      <QtyInPackage>1</QtyInPackage>
      <ItemPrice>29.90</ItemPrice>
      <UnitOfMeasurePrice>29.90</UnitOfMeasurePrice>
      <AllowDiscount>0</AllowDiscount>
      <itemStatus>1</itemStatus>
      <LastUpdateDate />
      <LastUpdateTime />
    </Product>
    <Product>
      <PriceUpdateDate>2020/02/18 07:03</PriceUpdateDate>
      <ItemCode>1516065</ItemCode>
      <ItemType>0</ItemType>
      <ItemName>חזה עוף פרוס דק דק טרי ארוז</ItemName>
      <ManufactureName>קורניש חן (1987) בעמ</ManufactureName>
      <ManufactureCountry />
      <ManufactureItemDescription />
      <UnitQty>ק"ג</UnitQty>
      <Quantity>1</Quantity>
      <UnitMeasure />
      <BisWeighted>1</BisWeighted>
      <QtyInPackage>1</QtyInPackage>
      <ItemPrice>42.90</ItemPrice>
      <UnitOfMeasurePrice>42.90</UnitOfMeasurePrice>
      <AllowDiscount>1</AllowDiscount>
      <itemStatus>1</itemStatus>
      <LastUpdateDate />
      <LastUpdateTime />
    </Product>
    <Product>
      <PriceUpdateDate>2016/07/13 08:44</PriceUpdateDate>
      <ItemCode>1710289</ItemCode>
      <ItemType>0</ItemType>
      <ItemName>דג מקרל ארוז</ItemName>
      <ManufactureName>בלדי בעמ</ManufactureName>
      <ManufactureCountry />
      <ManufactureItemDescription />
      <UnitQty>ק"ג</UnitQty>
      <Quantity>1</Quantity>
      <UnitMeasure />
      <BisWeighted>1</BisWeighted>
      <QtyInPackage>1</QtyInPackage>
      <ItemPrice>19.90</ItemPrice>
      <UnitOfMeasurePrice>19.90</UnitOfMeasurePrice>
      <AllowDiscount>0</AllowDiscount>
      <itemStatus>1</itemStatus>
      <LastUpdateDate />
      <LastUpdateTime />
    </Product>
    <Product>
      <PriceUpdateDate>2019/12/15 15:59</PriceUpdateDate>
      <ItemCode>1875957</ItemCode>
      <ItemType>0</ItemType>
      <ItemName>כנפיים פרימיום טרי ארוז</ItemName>
      <ManufactureName>עוף עוז שיווק בעמ</ManufactureName>
      <ManufactureCountry />
      <ManufactureItemDescription />
      <UnitQty>ק"ג</UnitQty>
      <Quantity>1</Quantity>
      <UnitMeasure />
      <BisWeighted>1</BisWeighted>
      <QtyInPackage>1</QtyInPackage>
      <ItemPrice>11.90</ItemPrice>
      <UnitOfMeasurePrice>11.90</UnitOfMeasurePrice>
      <AllowDiscount>0</AllowDiscount>
      <itemStatus>1</itemStatus>
      <LastUpdateDate />
      <LastUpdateTime />
    </Product>
    <Product>
      <PriceUpdateDate>2019/12/15 15:59</PriceUpdateDate>
      <ItemCode>1875964</ItemCode>
      <ItemType>0</ItemType>
      <ItemName>כרעיים עוף פרימיום טרי ארוז</ItemName>
      <ManufactureName>עוף עוז שיווק בעמ</ManufactureName>
      <ManufactureCountry />
      <ManufactureItemDescription />
      <UnitQty>ק"ג</UnitQty>
      <Quantity>1</Quantity>
      <UnitMeasure />
      <BisWeighted>1</BisWeighted>
      <QtyInPackage>1</QtyInPackage>
      <ItemPrice>29.90</ItemPrice>
      <UnitOfMeasurePrice>29.90</UnitOfMeasurePrice>
      <AllowDiscount>0</AllowDiscount>
      <itemStatus>1</itemStatus>
      <LastUpdateDate />
      <LastUpdateTime />
    </Product>
    <Product>
      <PriceUpdateDate>2019/12/15 15:59</PriceUpdateDate>
      <ItemCode>1875988</ItemCode>
      <ItemType>0</ItemType>
      <ItemName>פרגית פרימיום טרי ארוז</ItemName>
      <ManufactureName>עוף עוז שיווק בעמ</ManufactureName>
      <ManufactureCountry />
      <ManufactureItemDescription />
      <UnitQty>ק"ג</UnitQty>
      <Quantity>1</Quantity>
      <UnitMeasure />
      <BisWeighted>1</BisWeighted>
      <QtyInPackage>1</QtyInPackage>
      <ItemPrice>59.90</ItemPrice>
      <UnitOfMeasurePrice>59.90</UnitOfMeasurePrice>
      <AllowDiscount>0</AllowDiscount>
      <itemStatus>1</itemStatus>
      <LastUpdateDate />
      <LastUpdateTime />
    </Product>
    <Product>
      <PriceUpdateDate>2017/03/27 07:53</PriceUpdateDate>
      <ItemCode>1989364</ItemCode>
      <ItemType>0</ItemType>
      <ItemName>מקרל פרוס בשמן מעדניה</ItemName>
      <ManufactureName>סלטי שמיר 2006 בעמ</ManufactureName>
      <ManufactureCountry />
      <ManufactureItemDescription />
      <UnitQty>ק"ג</UnitQty>
      <Quantity>1000</Quantity>
      <UnitMeasure>גרם</UnitMeasure>
      <BisWeighted>1</BisWeighted>
      <QtyInPackage>1</QtyInPackage>
      <ItemPrice>89</ItemPrice>
      <UnitOfMeasurePrice>8.90</UnitOfMeasurePrice>
      <AllowDiscount>0</AllowDiscount>
      <itemStatus>1</itemStatus>
      <LastUpdateDate />
      <LastUpdateTime />
    </Product>
    <Product>
      <PriceUpdateDate>2016/03/28 08:30</PriceUpdateDate>
      <ItemCode>1989388</ItemCode>
      <ItemType>0</ItemType>
      <ItemName>מעדן מטיאס הולנדי מעדניה</ItemName>
      <ManufactureName>סלטי שמיר 2006 בעמ</ManufactureName>
      <ManufactureCountry />
      <ManufactureItemDescription />
      <UnitQty>ק"ג</UnitQty>
      <Quantity>1000</Quantity>
      <UnitMeasure>גרם</UnitMeasure>
      <BisWeighted>1</BisWeighted>
      <QtyInPackage>1</QtyInPackage>
      <ItemPrice>39</ItemPrice>
      <UnitOfMeasurePrice>3.90</UnitOfMeasurePrice>
      <AllowDiscount>0</AllowDiscount>
      <itemStatus>1</itemStatus>
      <LastUpdateDate />
      <LastUpdateTime />
    </Product>
    <Product>
      <PriceUpdateDate>2014/06/02 15:08</PriceUpdateDate>
      <ItemCode>2013037</ItemCode>
      <ItemType>0</ItemType>
      <ItemName>פסטרמה פרגיות זוגלובק על לבנים 2% שומן ז</ItemName>
      <ManufactureName>זוגלובק שיווק בעמ</ManufactureName>
      <ManufactureCountry />
      <ManufactureItemDescription />
      <UnitQty>ק"ג</UnitQty>
      <Quantity>1000</Quantity>
      <UnitMeasure>גרם</UnitMeasure>
      <BisWeighted>1</BisWeighted>
      <QtyInPackage>1</QtyInPackage>
      <ItemPrice>79</ItemPrice>
      <UnitOfMeasurePrice>7.90</UnitOfMeasurePrice>
      <AllowDiscount>1</AllowDiscount>
      <itemStatus>1</itemStatus>
      <LastUpdateDate />
      <LastUpdateTime />
    </Product>
    <Product>
      <PriceUpdateDate>2014/06/02 15:08</PriceUpdateDate>
      <ItemCode>2013174</ItemCode>
      <ItemType>0</ItemType>
      <ItemName>פסטרמה של פעם זוגלובק</ItemName>
      <ManufactureName>זוגלובק שיווק בעמ</ManufactureName>
      <ManufactureCountry />
      <ManufactureItemDescription />
      <UnitQty>ק"ג</UnitQty>
      <Quantity>1000</Quantity>
      <UnitMeasure>גרם</UnitMeasure>
      <BisWeighted>1</BisWeighted>
      <QtyInPackage>1</QtyInPackage>
      <ItemPrice>79</ItemPrice>
      <UnitOfMeasurePrice>7.90</UnitOfMeasurePrice>
      <AllowDiscount>1</AllowDiscount>
      <itemStatus>1</itemStatus>
      <LastUpdateDate />
      <LastUpdateTime />
    </Product>
    <Product>
      <PriceUpdateDate>2018/12/09 11:30</PriceUpdateDate>
      <ItemCode>2013990</ItemCode>
      <ItemType>0</ItemType>
      <ItemName>קונפי אווז והודו ריינהולד`ס מעדנייה-זו </ItemName>
      <ManufactureName>זוגלובק שיווק בעמ</ManufactureName>
      <ManufactureCountry />
      <ManufactureItemDescription />
      <UnitQty>ק"ג</UnitQty>
      <Quantity>1000</Quantity>
      <UnitMeasure>גרם</UnitMeasure>
      <BisWeighted>1</BisWeighted>
      <QtyInPackage>1</QtyInPackage>
      <ItemPrice>195</ItemPrice>
      <UnitOfMeasurePrice>19.50</UnitOfMeasurePrice>
      <AllowDiscount>0</AllowDiscount>
      <itemStatus>1</itemStatus>
      <LastUpdateDate />
      <LastUpdateTime />
    </Product>
    <Product>
      <PriceUpdateDate>2017/11/02 09:31</PriceUpdateDate>
      <ItemCode>2105305</ItemCode>
      <ItemType>0</ItemType>
      <ItemName>צוואר מס 10 מחפוד</ItemName>
      <ManufactureName>עוף ירושלים שיווק בעמ</ManufactureName>
      <ManufactureCountry />
      <ManufactureItemDescription />
      <UnitQty>ק"ג</UnitQty>
      <Quantity>1000</Quantity>
      <UnitMeasure>גרם</UnitMeasure>
      <BisWeighted>1</BisWeighted>
      <QtyInPackage>1</QtyInPackage>
      <ItemPrice>45</ItemPrice>
      <UnitOfMeasurePrice>4.50</UnitOfMeasurePrice>
      <AllowDiscount>0</AllowDiscount>
      <itemStatus>1</itemStatus>
      <LastUpdateDate />
      <LastUpdateTime />
    </Product>
    <Product>
      <PriceUpdateDate>2019/01/06 15:31</PriceUpdateDate>
      <ItemCode>2105367</ItemCode>
      <ItemType>0</ItemType>
      <ItemName>אנטריקוט עגל מעובד מופשר מחפוד אנגוס</ItemName>
      <ManufactureName>עוף ירושלים שיווק בעמ</ManufactureName>
      <ManufactureCountry />
      <ManufactureItemDescription />
      <UnitQty>ק"ג</UnitQty>
      <Quantity>1</Quantity>
      <UnitMeasure>ק"ג</UnitMeasure>
      <BisWeighted>1</BisWeighted>
      <QtyInPackage>1</QtyInPackage>
      <ItemPrice>99</ItemPrice>
      <UnitOfMeasurePrice>99</UnitOfMeasurePrice>
      <AllowDiscount>1</AllowDiscount>
      <itemStatus>1</itemStatus>
      <LastUpdateDate />
      <LastUpdateTime />
    </Product>
    <Product>
      <PriceUpdateDate>2019/08/04 12:59</PriceUpdateDate>
      <ItemCode>2129899</ItemCode>
      <ItemType>0</ItemType>
      <ItemName>סטייק עין טרי יבוא חלק  צרפתי/ פולני</ItemName>
      <ManufactureName>נטו בשרים</ManufactureName>
      <ManufactureCountry />
      <ManufactureItemDescription />
      <UnitQty>ק"ג</UnitQty>
      <Quantity>0</Quantity>
      <UnitMeasure>גרם</UnitMeasure>
      <BisWeighted>1</BisWeighted>
      <QtyInPackage>1</QtyInPackage>
      <ItemPrice>119.90</ItemPrice>
      <UnitOfMeasurePrice>119.90</UnitOfMeasurePrice>
      <AllowDiscount>1</AllowDiscount>
      <itemStatus>1</itemStatus>
      <LastUpdateDate />
      <LastUpdateTime />
    </Product>
    <Product>
      <PriceUpdateDate>2017/02/24 07:43</PriceUpdateDate>
      <ItemCode>2129905</ItemCode>
      <ItemType>0</ItemType>
      <ItemName>צלעות טרי יבוא חלק  צרפתי/ פולני</ItemName>
      <ManufactureName>נטו בשרים</ManufactureName>
      <ManufactureCountry />
      <ManufactureItemDescription />
      <UnitQty>ק"ג</UnitQty>
      <Quantity>0</Quantity>
      <UnitMeasure>גרם</UnitMeasure>
      <BisWeighted>1</BisWeighted>
      <QtyInPackage>1</QtyInPackage>
      <ItemPrice>49.90</ItemPrice>
      <UnitOfMeasurePrice>49.90</UnitOfMeasurePrice>
      <AllowDiscount>1</AllowDiscount>
      <itemStatus>1</itemStatus>
      <LastUpdateDate />
      <LastUpdateTime />
    </Product>
    <Product>
      <PriceUpdateDate>2019/08/04 12:59</PriceUpdateDate>
      <ItemCode>2129929</ItemCode>
      <ItemType>0</ItemType>
      <ItemName>כתף טרי יבוא חלק  צרפתי/ פולני</ItemName>
      <ManufactureName>נטו בשרים</ManufactureName>
      <ManufactureCountry />
      <ManufactureItemDescription />
      <UnitQty>ק"ג</UnitQty>
      <Quantity>0</Quantity>
      <UnitMeasure>גרם</UnitMeasure>
      <BisWeighted>1</BisWeighted>
      <QtyInPackage>1</QtyInPackage>
      <ItemPrice>49.90</ItemPrice>
      <UnitOfMeasurePrice>49.90</UnitOfMeasurePrice>
      <AllowDiscount>1</AllowDiscount>
      <itemStatus>1</itemStatus>
      <LastUpdateDate />
      <LastUpdateTime />
    </Product>
    <Product>
      <PriceUpdateDate>2019/08/04 12:59</PriceUpdateDate>
      <ItemCode>2129936</ItemCode>
      <ItemType>0</ItemType>
      <ItemName>צלי כתף טרי יבוא חלק  צרפתי/ פולני</ItemName>
      <ManufactureName>נטו בשרים</ManufactureName>
      <ManufactureCountry />
      <ManufactureItemDescription />
      <UnitQty>ק"ג</UnitQty>
      <Quantity>0</Quantity>
      <UnitMeasure>גרם</UnitMeasure>
      <BisWeighted>1</BisWeighted>
      <QtyInPackage>1</QtyInPackage>
      <ItemPrice>69.90</ItemPrice>
      <UnitOfMeasurePrice>69.90</UnitOfMeasurePrice>
      <AllowDiscount>1</AllowDiscount>
      <itemStatus>1</itemStatus>
      <LastUpdateDate />
      <LastUpdateTime />
    </Product>
    <Product>
      <PriceUpdateDate>2019/08/04 12:59</PriceUpdateDate>
      <ItemCode>2129943</ItemCode>
      <ItemType>0</ItemType>
      <ItemName>פילה מדומה טרי יבוא חלק צרפתי / פולני</ItemName>
      <ManufactureName>נטו בשרים</ManufactureName>
      <ManufactureCountry />
      <ManufactureItemDescription />
      <UnitQty>ק"ג</UnitQty>
      <Quantity>100</Quantity>
      <UnitMeasure>גרם</UnitMeasure>
      <BisWeighted>1</BisWeighted>
      <QtyInPackage>1</QtyInPackage>
      <ItemPrice>59.90</ItemPrice>
      <UnitOfMeasurePrice>59.90</UnitOfMeasurePrice>
      <AllowDiscount>1</AllowDiscount>
      <itemStatus>1</itemStatus>
      <LastUpdateDate />
      <LastUpdateTime />
    </Product>
    <Product>
      <PriceUpdateDate>2020/02/05 21:42</PriceUpdateDate>
      <ItemCode>2129950</ItemCode>
      <ItemType>0</ItemType>
      <ItemName>טחון טרי חלק יבוא עטרה מכסה הצ</ItemName>
      <ManufactureName>נטו בשרים</ManufactureName>
      <ManufactureCountry />
      <ManufactureItemDescription />
      <UnitQty>ק"ג</UnitQty>
      <Quantity>1</Quantity>
      <UnitMeasure />
      <BisWeighted>1</BisWeighted>
      <QtyInPackage>1</QtyInPackage>
      <ItemPrice>47.90</ItemPrice>
      <UnitOfMeasurePrice>47.90</UnitOfMeasurePrice>
      <AllowDiscount>1</AllowDiscount>
      <itemStatus>1</itemStatus>
      <LastUpdateDate />
      <LastUpdateTime />
    </Product>
    <Product>
      <PriceUpdateDate>2019/08/04 12:59</PriceUpdateDate>
      <ItemCode>2129967</ItemCode>
      <ItemType>0</ItemType>
      <ItemName>שריר טרי יבוא חלק  פולני/ צרפתי</ItemName>
      <ManufactureName>נטו בשרים</ManufactureName>
      <ManufactureCountry />
      <ManufactureItemDescription />
      <UnitQty>ק"ג</UnitQty>
      <Quantity>0</Quantity>
      <UnitMeasure>גרם</UnitMeasure>
      <BisWeighted>1</BisWeighted>
      <QtyInPackage>1</QtyInPackage>
      <ItemPrice>54.90</ItemPrice>
      <UnitOfMeasurePrice>54.90</UnitOfMeasurePrice>
      <AllowDiscount>1</AllowDiscount>
      <itemStatus>1</itemStatus>
      <LastUpdateDate />
      <LastUpdateTime />
    </Product>
    <Product>
      <PriceUpdateDate>2019/08/04 12:59</PriceUpdateDate>
      <ItemCode>2129981</ItemCode>
      <ItemType>0</ItemType>
      <ItemName>צוואר טרי יבוא חלק  צרפתי/ פולני</ItemName>
      <ManufactureName>נטו בשרים</ManufactureName>
      <ManufactureCountry />
      <ManufactureItemDescription />
      <UnitQty>ק"ג</UnitQty>
      <Quantity>0</Quantity>
      <UnitMeasure>גרם</UnitMeasure>
      <BisWeighted>1</BisWeighted>
      <QtyInPackage>1</QtyInPackage>
      <ItemPrice>39.90</ItemPrice>
      <UnitOfMeasurePrice>39.90</UnitOfMeasurePrice>
      <AllowDiscount>1</AllowDiscount>
      <itemStatus>1</itemStatus>
      <LastUpdateDate />
      <LastUpdateTime />
    </Product>
    <Product>
      <PriceUpdateDate>2020/03/16 13:03</PriceUpdateDate>
      <ItemCode>2206019</ItemCode>
      <ItemType>0</ItemType>
      <ItemName>כרעיים עוף טרי ארוז</ItemName>
      <ManufactureName>טל הל יסכה בעמ</ManufactureName>
      <ManufactureCountry />
      <ManufactureItemDescription />
      <UnitQty>ק"ג</UnitQty>
      <Quantity>1</Quantity>
      <UnitMeasure />
      <BisWeighted>1</BisWeighted>
      <QtyInPackage>1</QtyInPackage>
      <ItemPrice>26.90</ItemPrice>
      <UnitOfMeasurePrice>26.90</UnitOfMeasurePrice>
      <AllowDiscount>1</AllowDiscount>
      <itemStatus>1</itemStatus>
      <LastUpdateDate />
      <LastUpdateTime />
    </Product>
    <Product>
      <PriceUpdateDate>2020/03/16 13:03</PriceUpdateDate>
      <ItemCode>2206026</ItemCode>
      <ItemType>0</ItemType>
      <ItemName>ירך עוף טרי ארוז</ItemName>
      <ManufactureName>עוף עוז שיווק בעמ</ManufactureName>
      <ManufactureCountry />
      <ManufactureItemDescription />
      <UnitQty>ק"ג</UnitQty>
      <Quantity>1</Quantity>
      <UnitMeasure />
      <BisWeighted>1</BisWeighted>
      <QtyInPackage>1</QtyInPackage>
      <ItemPrice>26.90</ItemPrice>
      <UnitOfMeasurePrice>26.90</UnitOfMeasurePrice>
      <AllowDiscount>1</AllowDiscount>
      <itemStatus>1</itemStatus>
      <LastUpdateDate />
      <LastUpdateTime />
    </Product>
    <Product>
      <PriceUpdateDate>2020/02/18 07:03</PriceUpdateDate>
      <ItemCode>2206033</ItemCode>
      <ItemType>0</ItemType>
      <ItemName>שוקיים עוף טרי ארוז</ItemName>
      <ManufactureName>עוף עוז שיווק בעמ</ManufactureName>
      <ManufactureCountry />
      <ManufactureItemDescription />
      <UnitQty>ק"ג</UnitQty>
      <Quantity>1</Quantity>
      <UnitMeasure />
      <BisWeighted>1</BisWeighted>
      <QtyInPackage>1</QtyInPackage>
      <ItemPrice>26.90</ItemPrice>
      <UnitOfMeasurePrice>26.90</UnitOfMeasurePrice>
      <AllowDiscount>0</AllowDiscount>
      <itemStatus>1</itemStatus>
      <LastUpdateDate />
      <LastUpdateTime />
    </Product>
    <Product>
      <PriceUpdateDate>2020/03/15 11:51</PriceUpdateDate>
      <ItemCode>2206040</ItemCode>
      <ItemType>0</ItemType>
      <ItemName>כנפיים עוף טרי ארוז</ItemName>
      <ManufactureName>עוף עוז שיווק בעמ</ManufactureName>
      <ManufactureCountry />
      <ManufactureItemDescription />
      <UnitQty>ק"ג</UnitQty>
      <Quantity>1</Quantity>
      <UnitMeasure />
      <BisWeighted>1</BisWeighted>
      <QtyInPackage>1</QtyInPackage>
      <ItemPrice>11.90</ItemPrice>
      <UnitOfMeasurePrice>11.90</UnitOfMeasurePrice>
      <AllowDiscount>1</AllowDiscount>
      <itemStatus>1</itemStatus>
      <LastUpdateDate />
      <LastUpdateTime />
    </Product>
    <Product>
      <PriceUpdateDate>2020/03/16 13:03</PriceUpdateDate>
      <ItemCode>2206057</ItemCode>
      <ItemType>0</ItemType>
      <ItemName>חזה עוף טרי שלם ארוז</ItemName>
      <ManufactureName>עוף עוז שיווק בעמ</ManufactureName>
      <ManufactureCountry />
      <ManufactureItemDescription />
      <UnitQty>ק"ג</UnitQty>
      <Quantity>1</Quantity>
      <UnitMeasure />
      <BisWeighted>1</BisWeighted>
      <QtyInPackage>1</QtyInPackage>
      <ItemPrice>36.90</ItemPrice>
      <UnitOfMeasurePrice>36.90</UnitOfMeasurePrice>
      <AllowDiscount>1</AllowDiscount>
      <itemStatus>1</itemStatus>
      <LastUpdateDate />
      <LastUpdateTime />
    </Product>
    <Product>
      <PriceUpdateDate>2020/02/18 07:03</PriceUpdateDate>
      <ItemCode>2206064</ItemCode>
      <ItemType>0</ItemType>
      <ItemName>חזה עוף פרוס טרי ארוז שניצל</ItemName>
      <ManufactureName>עוף עוז שיווק בעמ</ManufactureName>
      <ManufactureCountry />
      <ManufactureItemDescription />
      <UnitQty>ק"ג</UnitQty>
      <Quantity>1</Quantity>
      <UnitMeasure />
      <BisWeighted>1</BisWeighted>
      <QtyInPackage>1</QtyInPackage>
      <ItemPrice>39.90</ItemPrice>
      <UnitOfMeasurePrice>39.90</UnitOfMeasurePrice>
      <AllowDiscount>1</AllowDiscount>
      <itemStatus>1</itemStatus>
      <LastUpdateDate />
      <LastUpdateTime />
    </Product>
    <Product>
      <PriceUpdateDate>2019/11/13 15:43</PriceUpdateDate>
      <ItemCode>2206101</ItemCode>
      <ItemType>0</ItemType>
      <ItemName>סטייק פרגית ללא עור</ItemName>
      <ManufactureName>טל הל יסכה בעמ</ManufactureName>
      <ManufactureCountry />
      <ManufactureItemDescription />
      <UnitQty>ק"ג</UnitQty>
      <Quantity>1</Quantity>
      <UnitMeasure />
      <BisWeighted>1</BisWeighted>
      <QtyInPackage>1</QtyInPackage>
      <ItemPrice>44.90</ItemPrice>
      <UnitOfMeasurePrice>44.90</UnitOfMeasurePrice>
      <AllowDiscount>0</AllowDiscount>
      <itemStatus>1</itemStatus>
      <LastUpdateDate />
      <LastUpdateTime />
    </Product>
    <Product>
      <PriceUpdateDate>2020/03/15 11:51</PriceUpdateDate>
      <ItemCode>2206118</ItemCode>
      <ItemType>0</ItemType>
      <ItemName>כבד עוף לצליה טרי ארוז</ItemName>
      <ManufactureName>עוף עוז שיווק בעמ</ManufactureName>
      <ManufactureCountry />
      <ManufactureItemDescription />
      <UnitQty>ק"ג</UnitQty>
      <Quantity>1</Quantity>
      <UnitMeasure />
      <BisWeighted>1</BisWeighted>
      <QtyInPackage>1</QtyInPackage>
      <ItemPrice>23.90</ItemPrice>
      <UnitOfMeasurePrice>23.90</UnitOfMeasurePrice>
      <AllowDiscount>0</AllowDiscount>
      <itemStatus>1</itemStatus>
      <LastUpdateDate />
      <LastUpdateTime />
    </Product>
    <Product>
      <PriceUpdateDate>2020/03/15 11:51</PriceUpdateDate>
      <ItemCode>2206125</ItemCode>
      <ItemType>0</ItemType>
      <ItemName>לבבות עוף טרי ארוז</ItemName>
      <ManufactureName>עוף עוז שיווק בעמ</ManufactureName>
      <ManufactureCountry />
      <ManufactureItemDescription />
      <UnitQty>ק"ג</UnitQty>
      <Quantity>1</Quantity>
      <UnitMeasure />
      <BisWeighted>1</BisWeighted>
      <QtyInPackage>1</QtyInPackage>
      <ItemPrice>29.90</ItemPrice>
      <UnitOfMeasurePrice>29.90</UnitOfMeasurePrice>
      <AllowDiscount>0</AllowDiscount>
      <itemStatus>1</itemStatus>
      <LastUpdateDate />
      <LastUpdateTime />
    </Product>
    <Product>
      <PriceUpdateDate>2016/09/21 17:07</PriceUpdateDate>
      <ItemCode>2206149</ItemCode>
      <ItemType>0</ItemType>
      <ItemName>טחול עוף טרי ארוז</ItemName>
      <ManufactureName>עוף עוז שיווק בעמ</ManufactureName>
      <ManufactureCountry />
      <ManufactureItemDescription />
      <UnitQty>ק"ג</UnitQty>
      <Quantity>1</Quantity>
      <UnitMeasure />
      <BisWeighted>1</BisWeighted>
      <QtyInPackage>1</QtyInPackage>
      <ItemPrice>59.90</ItemPrice>
      <UnitOfMeasurePrice>59.90</UnitOfMeasurePrice>
      <AllowDiscount>0</AllowDiscount>
      <itemStatus>1</itemStatus>
      <LastUpdateDate />
      <LastUpdateTime />
    </Product>
    <Product>
      <PriceUpdateDate>2020/03/15 08:39</PriceUpdateDate>
      <ItemCode>2206385</ItemCode>
      <ItemType>0</ItemType>
      <ItemName>גרון הודו נקבה טרי ארוז</ItemName>
      <ManufactureName>עוף עוז שיווק בעמ</ManufactureName>
      <ManufactureCountry />
      <ManufactureItemDescription />
      <UnitQty>ק"ג</UnitQty>
      <Quantity>1</Quantity>
      <UnitMeasure />
      <BisWeighted>1</BisWeighted>
      <QtyInPackage>1</QtyInPackage>
      <ItemPrice>27.90</ItemPrice>
      <UnitOfMeasurePrice>27.90</UnitOfMeasurePrice>
      <AllowDiscount>0</AllowDiscount>
      <itemStatus>1</itemStatus>
      <LastUpdateDate />
      <LastUpdateTime />
    </Product>
    <Product>
      <PriceUpdateDate>2019/04/15 12:04</PriceUpdateDate>
      <ItemCode>2206408</ItemCode>
      <ItemType>0</ItemType>
      <ItemName>חזה הודו נקבה טרי ארוז מוביל</ItemName>
      <ManufactureName>עוף עוז שיווק בעמ</ManufactureName>
      <ManufactureCountry />
      <ManufactureItemDescription />
      <UnitQty>ק"ג</UnitQty>
      <Quantity>1</Quantity>
      <UnitMeasure />
      <BisWeighted>1</BisWeighted>
      <QtyInPackage>1</QtyInPackage>
      <ItemPrice>27.90</ItemPrice>
      <UnitOfMeasurePrice>27.90</UnitOfMeasurePrice>
      <AllowDiscount>0</AllowDiscount>
      <itemStatus>1</itemStatus>
      <LastUpdateDate />
      <LastUpdateTime />
    </Product>
    <Product>
      <PriceUpdateDate>2019/02/19 11:05</PriceUpdateDate>
      <ItemCode>2206415</ItemCode>
      <ItemType>0</ItemType>
      <ItemName>שוקיים הודו נקבה טרי ארוז מוביל</ItemName>
      <ManufactureName>עוף עוז שיווק בעמ</ManufactureName>
      <ManufactureCountry />
      <ManufactureItemDescription />
      <UnitQty>ק"ג</UnitQty>
      <Quantity>1</Quantity>
      <UnitMeasure />
      <BisWeighted>1</BisWeighted>
      <QtyInPackage>1</QtyInPackage>
      <ItemPrice>24.90</ItemPrice>
      <UnitOfMeasurePrice>24.90</UnitOfMeasurePrice>
      <AllowDiscount>0</AllowDiscount>
      <itemStatus>1</itemStatus>
      <LastUpdateDate />
      <LastUpdateTime />
    </Product>
    <Product>
      <PriceUpdateDate>2018/01/14 14:35</PriceUpdateDate>
      <ItemCode>2206422</ItemCode>
      <ItemType>0</ItemType>
      <ItemName>כנפיים הודו נקבה טרי ארוז מוביל</ItemName>
      <ManufactureName>עוף עוז שיווק בעמ</ManufactureName>
      <ManufactureCountry />
      <ManufactureItemDescription />
      <UnitQty>ק"ג</UnitQty>
      <Quantity>1</Quantity>
      <UnitMeasure />
      <BisWeighted>1</BisWeighted>
      <QtyInPackage>1</QtyInPackage>
      <ItemPrice>19.90</ItemPrice>
      <UnitOfMeasurePrice>19.90</UnitOfMeasurePrice>
      <AllowDiscount>0</AllowDiscount>
      <itemStatus>1</itemStatus>
      <LastUpdateDate />
      <LastUpdateTime />
    </Product>
    <Product>
      <PriceUpdateDate>2017/04/25 14:52</PriceUpdateDate>
      <ItemCode>2206446</ItemCode>
      <ItemType>0</ItemType>
      <ItemName>שוק מפורק טרי ארוז מוביל הודו</ItemName>
      <ManufactureName>עוף עוז שיווק בעמ</ManufactureName>
      <ManufactureCountry />
      <ManufactureItemDescription />
      <UnitQty>ק"ג</UnitQty>
      <Quantity>1</Quantity>
      <UnitMeasure />
      <BisWeighted>1</BisWeighted>
      <QtyInPackage>1</QtyInPackage>
      <ItemPrice>39.90</ItemPrice>
      <UnitOfMeasurePrice>39.90</UnitOfMeasurePrice>
      <AllowDiscount>0</AllowDiscount>
      <itemStatus>1</itemStatus>
      <LastUpdateDate />
      <LastUpdateTime />
    </Product>
    <Product>
      <PriceUpdateDate>2020/03/15 08:39</PriceUpdateDate>
      <ItemCode>2206484</ItemCode>
      <ItemType>0</ItemType>
      <ItemName>שווארמה הודו נקבה טרי ארוז מוביל</ItemName>
      <ManufactureName>עוף עוז שיווק בעמ</ManufactureName>
      <ManufactureCountry />
      <ManufactureItemDescription />
      <UnitQty>ק"ג</UnitQty>
      <Quantity>1</Quantity>
      <UnitMeasure />
      <BisWeighted>1</BisWeighted>
      <QtyInPackage>1</QtyInPackage>
      <ItemPrice>59.90</ItemPrice>
      <UnitOfMeasurePrice>59.90</UnitOfMeasurePrice>
      <AllowDiscount>0</AllowDiscount>
      <itemStatus>1</itemStatus>
      <LastUpdateDate />
      <LastUpdateTime />
    </Product>
    <Product>
      <PriceUpdateDate>2019/02/19 11:05</PriceUpdateDate>
      <ItemCode>2206514</ItemCode>
      <ItemType>0</ItemType>
      <ItemName>נתחי חזה הודו טרי ארוז מוביל</ItemName>
      <ManufactureName>עוף עוז שיווק בעמ</ManufactureName>
      <ManufactureCountry />
      <ManufactureItemDescription />
      <UnitQty>ק"ג</UnitQty>
      <Quantity>1</Quantity>
      <UnitMeasure />
      <BisWeighted>1</BisWeighted>
      <QtyInPackage>1</QtyInPackage>
      <ItemPrice>24.90</ItemPrice>
      <UnitOfMeasurePrice>24.90</UnitOfMeasurePrice>
      <AllowDiscount>0</AllowDiscount>
      <itemStatus>1</itemStatus>
      <LastUpdateDate />
      <LastUpdateTime />
    </Product>
    <Product>
      <PriceUpdateDate>2020/03/16 13:03</PriceUpdateDate>
      <ItemCode>2209071</ItemCode>
      <ItemType>0</ItemType>
      <ItemName>פילה עוף טרי ארוז</ItemName>
      <ManufactureName>עוף עוז שיווק בעמ</ManufactureName>
      <ManufactureCountry />
      <ManufactureItemDescription />
      <UnitQty>ק"ג</UnitQty>
      <Quantity>1</Quantity>
      <UnitMeasure />
      <BisWeighted>1</BisWeighted>
      <QtyInPackage>1</QtyInPackage>
      <ItemPrice>36.90</ItemPrice>
      <UnitOfMeasurePrice>36.90</UnitOfMeasurePrice>
      <AllowDiscount>0</AllowDiscount>
      <itemStatus>1</itemStatus>
      <LastUpdateDate />
      <LastUpdateTime />
    </Product>
    <Product>
      <PriceUpdateDate>2017/10/30 10:26</PriceUpdateDate>
      <ItemCode>2225935</ItemCode>
      <ItemType>0</ItemType>
      <ItemName>מחפוד הודו אדום טרי ארוז</ItemName>
      <ManufactureName>תנובה קפואים</ManufactureName>
      <ManufactureCountry />
      <ManufactureItemDescription />
      <UnitQty>ק"ג</UnitQty>
      <Quantity>1</Quantity>
      <UnitMeasure />
      <BisWeighted>1</BisWeighted>
      <QtyInPackage>1</QtyInPackage>
      <ItemPrice>39.90</ItemPrice>
      <UnitOfMeasurePrice>39.90</UnitOfMeasurePrice>
      <AllowDiscount>0</AllowDiscount>
      <itemStatus>1</itemStatus>
      <LastUpdateDate />
      <LastUpdateTime />
    </Product>
    <Product>
      <PriceUpdateDate>2020/05/03 06:45</PriceUpdateDate>
      <ItemCode>2300878</ItemCode>
      <ItemType>0</ItemType>
      <ItemName>גבינת צדר אנגלית במשקל</ItemName>
      <ManufactureName>נטו מלינדה סחר בעמ</ManufactureName>
      <ManufactureCountry />
      <ManufactureItemDescription />
      <UnitQty>ק"ג</UnitQty>
      <Quantity>1000</Quantity>
      <UnitMeasure>גרם</UnitMeasure>
      <BisWeighted>1</BisWeighted>
      <QtyInPackage>1</QtyInPackage>
      <ItemPrice>104</ItemPrice>
      <UnitOfMeasurePrice>10.40</UnitOfMeasurePrice>
      <AllowDiscount>0</AllowDiscount>
      <itemStatus>1</itemStatus>
      <LastUpdateDate />
      <LastUpdateTime />
    </Product>
    <Product>
      <PriceUpdateDate>2020/05/03 06:45</PriceUpdateDate>
      <ItemCode>2300885</ItemCode>
      <ItemType>0</ItemType>
      <ItemName>גבינת צ`דר אנגלי כתום משקל</ItemName>
      <ManufactureName>נטו מלינדה סחר בעמ</ManufactureName>
      <ManufactureCountry />
      <ManufactureItemDescription />
      <UnitQty>ק"ג</UnitQty>
      <Quantity>1000</Quantity>
      <UnitMeasure>גרם</UnitMeasure>
      <BisWeighted>1</BisWeighted>
      <QtyInPackage>1</QtyInPackage>
      <ItemPrice>120</ItemPrice>
      <UnitOfMeasurePrice>12</UnitOfMeasurePrice>
      <AllowDiscount>0</AllowDiscount>
      <itemStatus>1</itemStatus>
      <LastUpdateDate />
      <LastUpdateTime />
    </Product>
    <Product>
      <PriceUpdateDate>2019/08/04 12:59</PriceUpdateDate>
      <ItemCode>2336594</ItemCode>
      <ItemType>0</ItemType>
      <ItemName>חזה עגל טרי יבוא חלק  צרפת/ פולין</ItemName>
      <ManufactureName>נטו בשרים</ManufactureName>
      <ManufactureCountry />
      <ManufactureItemDescription />
      <UnitQty>ק"ג</UnitQty>
      <Quantity>0</Quantity>
      <UnitMeasure>גרם</UnitMeasure>
      <BisWeighted>1</BisWeighted>
      <QtyInPackage>1</QtyInPackage>
      <ItemPrice>39.90</ItemPrice>
      <UnitOfMeasurePrice>39.90</UnitOfMeasurePrice>
      <AllowDiscount>1</AllowDiscount>
      <itemStatus>1</itemStatus>
      <LastUpdateDate />
      <LastUpdateTime />
    </Product>
    <Product>
      <PriceUpdateDate>2020/03/01 07:25</PriceUpdateDate>
      <ItemCode>2345060</ItemCode>
      <ItemType>0</ItemType>
      <ItemName>מאסדם הולנדי אמיתי חצי גלגל</ItemName>
      <ManufactureName>נטו מלינדה סחר בעמ</ManufactureName>
      <ManufactureCountry />
      <ManufactureItemDescription />
      <UnitQty>ק"ג</UnitQty>
      <Quantity>1</Quantity>
      <UnitMeasure>ק"ג</UnitMeasure>
      <BisWeighted>1</BisWeighted>
      <QtyInPackage>1</QtyInPackage>
      <ItemPrice>70</ItemPrice>
      <UnitOfMeasurePrice>70</UnitOfMeasurePrice>
      <AllowDiscount>0</AllowDiscount>
      <itemStatus>1</itemStatus>
      <LastUpdateDate />
      <LastUpdateTime />
    </Product>
    <Product>
      <PriceUpdateDate>2020/05/03 06:41</PriceUpdateDate>
      <ItemCode>2370017</ItemCode>
      <ItemType>0</ItemType>
      <ItemName>גבינת גאודה בתוספת תערובת בזיליקום ושום</ItemName>
      <ManufactureName>ג.וילי-פוד אינטרנשיונל בעמ</ManufactureName>
      <ManufactureCountry />
      <ManufactureItemDescription />
      <UnitQty>ק"ג</UnitQty>
      <Quantity>1000</Quantity>
      <UnitMeasure>גרם</UnitMeasure>
      <BisWeighted>1</BisWeighted>
      <QtyInPackage>1</QtyInPackage>
      <ItemPrice>80</ItemPrice>
      <UnitOfMeasurePrice>8</UnitOfMeasurePrice>
      <AllowDiscount>0</AllowDiscount>
      <itemStatus>1</itemStatus>
      <LastUpdateDate />
      <LastUpdateTime />
    </Product>
    <Product>
      <PriceUpdateDate>2020/05/03 06:41</PriceUpdateDate>
      <ItemCode>2370130</ItemCode>
      <ItemType>0</ItemType>
      <ItemName>גבינת ברי צרפתית מעדנייה וילי פוד</ItemName>
      <ManufactureName>ג.וילי-פוד אינטרנשיונל בעמ</ManufactureName>
      <ManufactureCountry />
      <ManufactureItemDescription />
      <UnitQty>ק"ג</UnitQty>
      <Quantity>1000</Quantity>
      <UnitMeasure>גרם</UnitMeasure>
      <BisWeighted>1</BisWeighted>
      <QtyInPackage>1</QtyInPackage>
      <ItemPrice>69</ItemPrice>
      <UnitOfMeasurePrice>6.90</UnitOfMeasurePrice>
      <AllowDiscount>0</AllowDiscount>
      <itemStatus>1</itemStatus>
      <LastUpdateDate />
      <LastUpdateTime />
    </Product>
    <Product>
      <PriceUpdateDate>2020/05/03 06:41</PriceUpdateDate>
      <ItemCode>2370246</ItemCode>
      <ItemType>0</ItemType>
      <ItemName>גבינת גרנה פנדו מעדנייה-וילי  פוד</ItemName>
      <ManufactureName>ג.וילי-פוד אינטרנשיונל בעמ</ManufactureName>
      <ManufactureCountry />
      <ManufactureItemDescription />
      <UnitQty>ק"ג</UnitQty>
      <Quantity>1000</Quantity>
      <UnitMeasure>גרם</UnitMeasure>
      <BisWeighted>1</BisWeighted>
      <QtyInPackage>1</QtyInPackage>
      <ItemPrice>80</ItemPrice>
      <UnitOfMeasurePrice>8</UnitOfMeasurePrice>
      <AllowDiscount>0</AllowDiscount>
      <itemStatus>1</itemStatus>
      <LastUpdateDate />
      <LastUpdateTime />
    </Product>
    <Product>
      <PriceUpdateDate>2020/03/01 07:25</PriceUpdateDate>
      <ItemCode>2370284</ItemCode>
      <ItemType>0</ItemType>
      <ItemName>גבינת קשקבל חצי קשה 31% שומן וילי פוד</ItemName>
      <ManufactureName>ג.וילי-פוד אינטרנשיונל בעמ</ManufactureName>
      <ManufactureCountry />
      <ManufactureItemDescription />
      <UnitQty>ק"ג</UnitQty>
      <Quantity>1000</Quantity>
      <UnitMeasure>גרם</UnitMeasure>
      <BisWeighted>1</BisWeighted>
      <QtyInPackage>1</QtyInPackage>
      <ItemPrice>110</ItemPrice>
      <UnitOfMeasurePrice>11</UnitOfMeasurePrice>
      <AllowDiscount>0</AllowDiscount>
      <itemStatus>1</itemStatus>
      <LastUpdateDate />
      <LastUpdateTime />
    </Product>
    <Product>
      <PriceUpdateDate>2020/05/01 06:22</PriceUpdateDate>
      <ItemCode>2370468</ItemCode>
      <ItemType>0</ItemType>
      <ItemName>גאודה סטייל גלגל מעדנייה-וילי  פוד</ItemName>
      <ManufactureName>ג.וילי-פוד אינטרנשיונל בעמ</ManufactureName>
      <ManufactureCountry />
      <ManufactureItemDescription />
      <UnitQty>ק"ג</UnitQty>
      <Quantity>1000</Quantity>
      <UnitMeasure>גרם</UnitMeasure>
      <BisWeighted>1</BisWeighted>
      <QtyInPackage>1</QtyInPackage>
      <ItemPrice>42</ItemPrice>
      <UnitOfMeasurePrice>4.20</UnitOfMeasurePrice>
      <AllowDiscount>0</AllowDiscount>
      <itemStatus>1</itemStatus>
      <LastUpdateDate />
      <LastUpdateTime />
    </Product>
    <Product>
      <PriceUpdateDate>2015/05/27 12:39</PriceUpdateDate>
      <ItemCode>2371571</ItemCode>
      <ItemType>0</ItemType>
      <ItemName>פסטרמה פרגיות טירת צבי</ItemName>
      <ManufactureName>תנובה קפואים</ManufactureName>
      <ManufactureCountry />
      <ManufactureItemDescription />
      <UnitQty>ק"ג</UnitQty>
      <Quantity>1000</Quantity>
      <UnitMeasure>גרם</UnitMeasure>
      <BisWeighted>1</BisWeighted>
      <QtyInPackage>1</QtyInPackage>
      <ItemPrice>80</ItemPrice>
      <UnitOfMeasurePrice>8</UnitOfMeasurePrice>
      <AllowDiscount>1</AllowDiscount>
      <itemStatus>1</itemStatus>
      <LastUpdateDate />
      <LastUpdateTime />
    </Product>
    <Product>
      <PriceUpdateDate>2018/10/10 11:10</PriceUpdateDate>
      <ItemCode>2385127</ItemCode>
      <ItemType>0</ItemType>
      <ItemName>לאבנה שמן זית מעדנייה גד</ItemName>
      <ManufactureName>מחלבות גד שיווק 1992 בעמ</ManufactureName>
      <ManufactureCountry />
      <ManufactureItemDescription />
      <UnitQty>ק"ג</UnitQty>
      <Quantity>1000</Quantity>
      <UnitMeasure>גרם</UnitMeasure>
      <BisWeighted>1</BisWeighted>
      <QtyInPackage>1</QtyInPackage>
      <ItemPrice>41</ItemPrice>
      <UnitOfMeasurePrice>4.10</UnitOfMeasurePrice>
      <AllowDiscount>0</AllowDiscount>
      <itemStatus>1</itemStatus>
      <LastUpdateDate />
      <LastUpdateTime />
    </Product>
    <Product>
      <PriceUpdateDate>2018/10/10 11:10</PriceUpdateDate>
      <ItemCode>2385264</ItemCode>
      <ItemType>0</ItemType>
      <ItemName>פטה בלקנית 16% גד מעדנייה</ItemName>
      <ManufactureName>מחלבות גד שיווק 1992 בעמ</ManufactureName>
      <ManufactureCountry />
      <ManufactureItemDescription />
      <UnitQty>ק"ג</UnitQty>
      <Quantity>1000</Quantity>
      <UnitMeasure>גרם</UnitMeasure>
      <BisWeighted>1</BisWeighted>
      <QtyInPackage>1</QtyInPackage>
      <ItemPrice>35</ItemPrice>
      <UnitOfMeasurePrice>3.50</UnitOfMeasurePrice>
      <AllowDiscount>0</AllowDiscount>
      <itemStatus>1</itemStatus>
      <LastUpdateDate />
      <LastUpdateTime />
    </Product>
    <Product>
      <PriceUpdateDate>2018/11/04 11:56</PriceUpdateDate>
      <ItemCode>2385622</ItemCode>
      <ItemType>0</ItemType>
      <ItemName>ריקוטה</ItemName>
      <ManufactureName>מחלבות גד שיווק 1992 בעמ</ManufactureName>
      <ManufactureCountry />
      <ManufactureItemDescription />
      <UnitQty>ק"ג</UnitQty>
      <Quantity>1000</Quantity>
      <UnitMeasure>גרם</UnitMeasure>
      <BisWeighted>1</BisWeighted>
      <QtyInPackage>1</QtyInPackage>
      <ItemPrice>57</ItemPrice>
      <UnitOfMeasurePrice>5.70</UnitOfMeasurePrice>
      <AllowDiscount>0</AllowDiscount>
      <itemStatus>1</itemStatus>
      <LastUpdateDate />
      <LastUpdateTime />
    </Product>
    <Product>
      <PriceUpdateDate>2020/02/26 08:06</PriceUpdateDate>
      <ItemCode>2461005</ItemCode>
      <ItemType>0</ItemType>
      <ItemName>בשר ראש קפוא מוביל ח</ItemName>
      <ManufactureName>אדום גרופ למזון שיווק והפצה בע</ManufactureName>
      <ManufactureCountry />
      <ManufactureItemDescription />
      <UnitQty>ק"ג</UnitQty>
      <Quantity>1000</Quantity>
      <UnitMeasure>גרם</UnitMeasure>
      <BisWeighted>1</BisWeighted>
      <QtyInPackage>1</QtyInPackage>
      <ItemPrice>69.90</ItemPrice>
      <UnitOfMeasurePrice>6.99</UnitOfMeasurePrice>
      <AllowDiscount>0</AllowDiscount>
      <itemStatus>1</itemStatus>
      <LastUpdateDate />
      <LastUpdateTime />
    </Product>
    <Product>
      <PriceUpdateDate>2019/12/22 13:22</PriceUpdateDate>
      <ItemCode>2461494</ItemCode>
      <ItemType>0</ItemType>
      <ItemName>טונה שלם פס גוש 4-8</ItemName>
      <ManufactureName>ג. עופר ייצור ושיווק בשר בעמ</ManufactureName>
      <ManufactureCountry />
      <ManufactureItemDescription />
      <UnitQty>ק"ג</UnitQty>
      <Quantity>1000</Quantity>
      <UnitMeasure>גרם</UnitMeasure>
      <BisWeighted>1</BisWeighted>
      <QtyInPackage>1</QtyInPackage>
      <ItemPrice>34.90</ItemPrice>
      <UnitOfMeasurePrice>3.49</UnitOfMeasurePrice>
      <AllowDiscount>0</AllowDiscount>
      <itemStatus>1</itemStatus>
      <LastUpdateDate />
      <LastUpdateTime />
    </Product>
    <Product>
      <PriceUpdateDate>2019/04/07 10:08</PriceUpdateDate>
      <ItemCode>2502203</ItemCode>
      <ItemType>0</ItemType>
      <ItemName>בורקס גבינה/תפו`</ItemName>
      <ManufactureName>קבוצת אסם סחר שות. מוגבלת</ManufactureName>
      <ManufactureCountry />
      <ManufactureItemDescription />
      <UnitQty>ק"ג</UnitQty>
      <Quantity>1000</Quantity>
      <UnitMeasure>גרם</UnitMeasure>
      <BisWeighted>1</BisWeighted>
      <QtyInPackage>1</QtyInPackage>
      <ItemPrice>26</ItemPrice>
      <UnitOfMeasurePrice>2.60</UnitOfMeasurePrice>
      <AllowDiscount>0</AllowDiscount>
      <itemStatus>1</itemStatus>
      <LastUpdateDate />
      <LastUpdateTime />
    </Product>
    <Product>
      <PriceUpdateDate>2018/04/25 13:34</PriceUpdateDate>
      <ItemCode>2519225</ItemCode>
      <ItemType>0</ItemType>
      <ItemName>ריאות עגל טרי חלק</ItemName>
      <ManufactureName>אדום אדום - תנובה בקר</ManufactureName>
      <ManufactureCountry />
      <ManufactureItemDescription />
      <UnitQty>ק"ג</UnitQty>
      <Quantity>1000</Quantity>
      <UnitMeasure>גרם</UnitMeasure>
      <BisWeighted>1</BisWeighted>
      <QtyInPackage>1</QtyInPackage>
      <ItemPrice>24.90</ItemPrice>
      <UnitOfMeasurePrice>2.49</UnitOfMeasurePrice>
      <AllowDiscount>1</AllowDiscount>
      <itemStatus>1</itemStatus>
      <LastUpdateDate />
      <LastUpdateTime />
    </Product>
    <Product>
      <PriceUpdateDate>2013/12/19 08:16</PriceUpdateDate>
      <ItemCode>2519409</ItemCode>
      <ItemType>0</ItemType>
      <ItemName>צוואר / צלעות ללא עצם חלק טרי</ItemName>
      <ManufactureName>אדום אדום - תנובה בקר</ManufactureName>
      <ManufactureCountry />
      <ManufactureItemDescription />
      <UnitQty>ק"ג</UnitQty>
      <Quantity>1</Quantity>
      <UnitMeasure />
      <BisWeighted>1</BisWeighted>
      <QtyInPackage>1</QtyInPackage>
      <ItemPrice>79.90</ItemPrice>
      <UnitOfMeasurePrice>79.90</UnitOfMeasurePrice>
      <AllowDiscount>1</AllowDiscount>
      <itemStatus>1</itemStatus>
      <LastUpdateDate />
      <LastUpdateTime />
    </Product>
    <Product>
      <PriceUpdateDate>2017/10/22 08:07</PriceUpdateDate>
      <ItemCode>2519461</ItemCode>
      <ItemType>0</ItemType>
      <ItemName>אסאדו טרי חלק</ItemName>
      <ManufactureName>אדום אדום - תנובה בקר</ManufactureName>
      <ManufactureCountry />
      <ManufactureItemDescription />
      <UnitQty>ק"ג</UnitQty>
      <Quantity>0</Quantity>
      <UnitMeasure>ק"ג</UnitMeasure>
      <BisWeighted>1</BisWeighted>
      <QtyInPackage>1</QtyInPackage>
      <ItemPrice>49.90</ItemPrice>
      <UnitOfMeasurePrice>49.90</UnitOfMeasurePrice>
      <AllowDiscount>1</AllowDiscount>
      <itemStatus>1</itemStatus>
      <LastUpdateDate />
      <LastUpdateTime />
    </Product>
    <Product>
      <PriceUpdateDate>2020/02/26 08:06</PriceUpdateDate>
      <ItemCode>2519539</ItemCode>
      <ItemType>0</ItemType>
      <ItemName>בשר ראש טרי חלק מ</ItemName>
      <ManufactureName>אדום גרופ למזון שיווק והפצה בע</ManufactureName>
      <ManufactureCountry />
      <ManufactureItemDescription />
      <UnitQty>ק"ג</UnitQty>
      <Quantity>1</Quantity>
      <UnitMeasure />
      <BisWeighted>1</BisWeighted>
      <QtyInPackage>1</QtyInPackage>
      <ItemPrice>69.90</ItemPrice>
      <UnitOfMeasurePrice>69.90</UnitOfMeasurePrice>
      <AllowDiscount>1</AllowDiscount>
      <itemStatus>1</itemStatus>
      <LastUpdateDate />
      <LastUpdateTime />
    </Product>
    <Product>
      <PriceUpdateDate>2017/03/07 08:40</PriceUpdateDate>
      <ItemCode>2519546</ItemCode>
      <ItemType>0</ItemType>
      <ItemName>אנטריקוט עגל טרי חלק ללא עצם סטייק</ItemName>
      <ManufactureName>אדום אדום - תנובה בקר</ManufactureName>
      <ManufactureCountry />
      <ManufactureItemDescription />
      <UnitQty>ק"ג</UnitQty>
      <Quantity>1</Quantity>
      <UnitMeasure>ק"ג</UnitMeasure>
      <BisWeighted>1</BisWeighted>
      <QtyInPackage>1</QtyInPackage>
      <ItemPrice>138</ItemPrice>
      <UnitOfMeasurePrice>138</UnitOfMeasurePrice>
      <AllowDiscount>1</AllowDiscount>
      <itemStatus>1</itemStatus>
      <LastUpdateDate />
      <LastUpdateTime />
    </Product>
    <Product>
      <PriceUpdateDate>2016/02/01 10:17</PriceUpdateDate>
      <ItemCode>2519607</ItemCode>
      <ItemType>0</ItemType>
      <ItemName>קיט נתחים לקצב טחון חלק</ItemName>
      <ManufactureName>אדום אדום - תנובה בקר</ManufactureName>
      <ManufactureCountry />
      <ManufactureItemDescription />
      <UnitQty>ק"ג</UnitQty>
      <Quantity>1</Quantity>
      <UnitMeasure />
      <BisWeighted>1</BisWeighted>
      <QtyInPackage>1</QtyInPackage>
      <ItemPrice>49.90</ItemPrice>
      <UnitOfMeasurePrice>49.90</UnitOfMeasurePrice>
      <AllowDiscount>1</AllowDiscount>
      <itemStatus>1</itemStatus>
      <LastUpdateDate />
      <LastUpdateTime />
    </Product>
    <Product>
      <PriceUpdateDate>2018/04/25 13:34</PriceUpdateDate>
      <ItemCode>2519768</ItemCode>
      <ItemType>0</ItemType>
      <ItemName>לב עגל טרי חלק</ItemName>
      <ManufactureName>אדום אדום - תנובה בקר</ManufactureName>
      <ManufactureCountry />
      <ManufactureItemDescription />
      <UnitQty>ק"ג</UnitQty>
      <Quantity>1</Quantity>
      <UnitMeasure>ק"ג</UnitMeasure>
      <BisWeighted>1</BisWeighted>
      <QtyInPackage>1</QtyInPackage>
      <ItemPrice>24.90</ItemPrice>
      <UnitOfMeasurePrice>24.90</UnitOfMeasurePrice>
      <AllowDiscount>1</AllowDiscount>
      <itemStatus>1</itemStatus>
      <LastUpdateDate />
      <LastUpdateTime />
    </Product>
    <Product>
      <PriceUpdateDate>2018/07/08 17:42</PriceUpdateDate>
      <ItemCode>2596745</ItemCode>
      <ItemType>0</ItemType>
      <ItemName>פילה סול פוטית</ItemName>
      <ManufactureName>בשר לכל חיים פסקוביץ ובניו בעמ</ManufactureName>
      <ManufactureCountry />
      <ManufactureItemDescription />
      <UnitQty>ק"ג</UnitQty>
      <Quantity>1000</Quantity>
      <UnitMeasure>גרם</UnitMeasure>
      <BisWeighted>1</BisWeighted>
      <QtyInPackage>1</QtyInPackage>
      <ItemPrice>26.90</ItemPrice>
      <UnitOfMeasurePrice>2.69</UnitOfMeasurePrice>
      <AllowDiscount>0</AllowDiscount>
      <itemStatus>1</itemStatus>
      <LastUpdateDate />
      <LastUpdateTime />
    </Product>
    <Product>
      <PriceUpdateDate>2019/09/04 09:15</PriceUpdateDate>
      <ItemCode>2621508</ItemCode>
      <ItemType>0</ItemType>
      <ItemName>פילה בקר חלק</ItemName>
      <ManufactureName>בלדי בעמ</ManufactureName>
      <ManufactureCountry />
      <ManufactureItemDescription />
      <UnitQty>ק"ג</UnitQty>
      <Quantity>1</Quantity>
      <UnitMeasure>גרם</UnitMeasure>
      <BisWeighted>1</BisWeighted>
      <QtyInPackage>1</QtyInPackage>
      <ItemPrice>99</ItemPrice>
      <UnitOfMeasurePrice>9900</UnitOfMeasurePrice>
      <AllowDiscount>0</AllowDiscount>
      <itemStatus>1</itemStatus>
      <LastUpdateDate />
      <LastUpdateTime />
    </Product>
    <Product>
      <PriceUpdateDate>2017/05/21 12:02</PriceUpdateDate>
      <ItemCode>2621539</ItemCode>
      <ItemType>0</ItemType>
      <ItemName>בשר לשון בלדי בדץ מוצפי</ItemName>
      <ManufactureName>בלדי בעמ</ManufactureName>
      <ManufactureCountry />
      <ManufactureItemDescription />
      <UnitQty>ק"ג</UnitQty>
      <Quantity>1000</Quantity>
      <UnitMeasure>גרם</UnitMeasure>
      <BisWeighted>1</BisWeighted>
      <QtyInPackage>1</QtyInPackage>
      <ItemPrice>59.90</ItemPrice>
      <UnitOfMeasurePrice>5.99</UnitOfMeasurePrice>
      <AllowDiscount>0</AllowDiscount>
      <itemStatus>1</itemStatus>
      <LastUpdateDate />
      <LastUpdateTime />
    </Product>
    <Product>
      <PriceUpdateDate>2020/02/24 07:05</PriceUpdateDate>
      <ItemCode>2627203</ItemCode>
      <ItemType>0</ItemType>
      <ItemName>מוח בקר קפוא מוכשר מוביל</ItemName>
      <ManufactureName>אדום גרופ למזון שיווק והפצה בע</ManufactureName>
      <ManufactureCountry />
      <ManufactureItemDescription />
      <UnitQty>ק"ג</UnitQty>
      <Quantity>100</Quantity>
      <UnitMeasure>גרם</UnitMeasure>
      <BisWeighted>1</BisWeighted>
      <QtyInPackage>1</QtyInPackage>
      <ItemPrice>139</ItemPrice>
      <UnitOfMeasurePrice>139</UnitOfMeasurePrice>
      <AllowDiscount>1</AllowDiscount>
      <itemStatus>1</itemStatus>
      <LastUpdateDate />
      <LastUpdateTime />
    </Product>
    <Product>
      <PriceUpdateDate>2017/09/26 07:27</PriceUpdateDate>
      <ItemCode>2757320</ItemCode>
      <ItemType>0</ItemType>
      <ItemName>סטייק אנטריקוט חלק מעובד מופשר</ItemName>
      <ManufactureName>נטו בשרים</ManufactureName>
      <ManufactureCountry />
      <ManufactureItemDescription />
      <UnitQty>ק"ג</UnitQty>
      <Quantity>1</Quantity>
      <UnitMeasure />
      <BisWeighted>1</BisWeighted>
      <QtyInPackage>1</QtyInPackage>
      <ItemPrice>79.90</ItemPrice>
      <UnitOfMeasurePrice>79.90</UnitOfMeasurePrice>
      <AllowDiscount>1</AllowDiscount>
      <itemStatus>1</itemStatus>
      <LastUpdateDate />
      <LastUpdateTime />
    </Product>
    <Product>
      <PriceUpdateDate>2019/04/14 14:25</PriceUpdateDate>
      <ItemCode>2812522</ItemCode>
      <ItemType>0</ItemType>
      <ItemName>פרלמנט נייט ארוך חפיסה) (20</ItemName>
      <ManufactureName>פיליפ מוריס בעמ</ManufactureName>
      <ManufactureCountry />
      <ManufactureItemDescription />
      <UnitQty>יח`</UnitQty>
      <Quantity>1</Quantity>
      <UnitMeasure />
      <BisWeighted>0</BisWeighted>
      <QtyInPackage>1</QtyInPackage>
      <ItemPrice>38</ItemPrice>
      <UnitOfMeasurePrice>38</UnitOfMeasurePrice>
      <AllowDiscount>0</AllowDiscount>
      <itemStatus>1</itemStatus>
      <LastUpdateDate />
      <LastUpdateTime />
    </Product>
    <Product>
      <PriceUpdateDate>2019/04/14 14:25</PriceUpdateDate>
      <ItemCode>2814928</ItemCode>
      <ItemType>0</ItemType>
      <ItemName>פרלמנט קצר בודד</ItemName>
      <ManufactureName>פיליפ מוריס בעמ</ManufactureName>
      <ManufactureCountry />
      <ManufactureItemDescription />
      <UnitQty>יח`</UnitQty>
      <Quantity>1</Quantity>
      <UnitMeasure />
      <BisWeighted>0</BisWeighted>
      <QtyInPackage>1</QtyInPackage>
      <ItemPrice>38</ItemPrice>
      <UnitOfMeasurePrice>38</UnitOfMeasurePrice>
      <AllowDiscount>0</AllowDiscount>
      <itemStatus>1</itemStatus>
      <LastUpdateDate />
      <LastUpdateTime />
    </Product>
    <Product>
      <PriceUpdateDate>2019/07/29 15:13</PriceUpdateDate>
      <ItemCode>2833525</ItemCode>
      <ItemType>0</ItemType>
      <ItemName>מרלבורו רד חפיסה) (20</ItemName>
      <ManufactureName>פיליפ מוריס בעמ</ManufactureName>
      <ManufactureCountry />
      <ManufactureItemDescription />
      <UnitQty>יח`</UnitQty>
      <Quantity>1</Quantity>
      <UnitMeasure />
      <BisWeighted>0</BisWeighted>
      <QtyInPackage>1</QtyInPackage>
      <ItemPrice>32</ItemPrice>
      <UnitOfMeasurePrice>32</UnitOfMeasurePrice>
      <AllowDiscount>0</AllowDiscount>
      <itemStatus>1</itemStatus>
      <LastUpdateDate />
      <LastUpdateTime />
    </Product>
    <Product>
      <PriceUpdateDate>2019/12/22 13:22</PriceUpdateDate>
      <ItemCode>2859819</ItemCode>
      <ItemType>0</ItemType>
      <ItemName>פילה טונה גוש 1-2 קג</ItemName>
      <ManufactureName>בלדי בעמ</ManufactureName>
      <ManufactureCountry />
      <ManufactureItemDescription />
      <UnitQty>ק"ג</UnitQty>
      <Quantity>1000</Quantity>
      <UnitMeasure>גרם</UnitMeasure>
      <BisWeighted>1</BisWeighted>
      <QtyInPackage>1</QtyInPackage>
      <ItemPrice>34.90</ItemPrice>
      <UnitOfMeasurePrice>3.49</UnitOfMeasurePrice>
      <AllowDiscount>0</AllowDiscount>
      <itemStatus>1</itemStatus>
      <LastUpdateDate />
      <LastUpdateTime />
    </Product>
    <Product>
      <PriceUpdateDate>2019/07/29 15:13</PriceUpdateDate>
      <ItemCode>2881920</ItemCode>
      <ItemType>0</ItemType>
      <ItemName>מרלבורו גולד 100 חפיסה) (20</ItemName>
      <ManufactureName>פיליפ מוריס בעמ</ManufactureName>
      <ManufactureCountry />
      <ManufactureItemDescription />
      <UnitQty>יח`</UnitQty>
      <Quantity>1</Quantity>
      <UnitMeasure />
      <BisWeighted>0</BisWeighted>
      <QtyInPackage>1</QtyInPackage>
      <ItemPrice>32</ItemPrice>
      <UnitOfMeasurePrice>32</UnitOfMeasurePrice>
      <AllowDiscount>0</AllowDiscount>
      <itemStatus>1</itemStatus>
      <LastUpdateDate />
      <LastUpdateTime />
    </Product>
    <Product>
      <PriceUpdateDate>2019/07/29 15:13</PriceUpdateDate>
      <ItemCode>2886925</ItemCode>
      <ItemType>0</ItemType>
      <ItemName>מרלבורו גולד חפיסה) (20</ItemName>
      <ManufactureName>פיליפ מוריס בעמ</ManufactureName>
      <ManufactureCountry />
      <ManufactureItemDescription />
      <UnitQty>יח`</UnitQty>
      <Quantity>1</Quantity>
      <UnitMeasure />
      <BisWeighted>0</BisWeighted>
      <QtyInPackage>1</QtyInPackage>
      <ItemPrice>32</ItemPrice>
      <UnitOfMeasurePrice>32</UnitOfMeasurePrice>
      <AllowDiscount>0</AllowDiscount>
      <itemStatus>1</itemStatus>
      <LastUpdateDate />
      <LastUpdateTime />
    </Product>
    <Product>
      <PriceUpdateDate>2015/05/27 12:39</PriceUpdateDate>
      <ItemCode>7290002900313</ItemCode>
      <ItemType>1</ItemType>
      <ItemName>פסטרמה ספרדית טירת צבי</ItemName>
      <ManufactureName>תנובה קפואים</ManufactureName>
      <ManufactureCountry />
      <ManufactureItemDescription />
      <UnitQty>ק"ג</UnitQty>
      <Quantity>1000</Quantity>
      <UnitMeasure>גרם</UnitMeasure>
      <BisWeighted>1</BisWeighted>
      <QtyInPackage>1</QtyInPackage>
      <ItemPrice>80</ItemPrice>
      <UnitOfMeasurePrice>8</UnitOfMeasurePrice>
      <AllowDiscount>1</AllowDiscount>
      <itemStatus>1</itemStatus>
      <LastUpdateDate />
      <LastUpdateTime />
    </Product>
    <Product>
      <PriceUpdateDate>2014/01/14 08:19</PriceUpdateDate>
      <ItemCode>2900320</ItemCode>
      <ItemType>0</ItemType>
      <ItemName>קצוות פריסה נקניק טירת צבי</ItemName>
      <ManufactureName>תנובה קפואים</ManufactureName>
      <ManufactureCountry />
      <ManufactureItemDescription />
      <UnitQty>ק"ג</UnitQty>
      <Quantity>1000</Quantity>
      <UnitMeasure>גרם</UnitMeasure>
      <BisWeighted>1</BisWeighted>
      <QtyInPackage>1</QtyInPackage>
      <ItemPrice>15</ItemPrice>
      <UnitOfMeasurePrice>1.50</UnitOfMeasurePrice>
      <AllowDiscount>0</AllowDiscount>
      <itemStatus>1</itemStatus>
      <LastUpdateDate />
      <LastUpdateTime />
    </Product>
    <Product>
      <PriceUpdateDate>2020/01/12 12:29</PriceUpdateDate>
      <ItemCode>2919612</ItemCode>
      <ItemType>0</ItemType>
      <ItemName>אסאדו עגל קפוא מס 99 בעדני גלם מובי</ItemName>
      <ManufactureName>בלדי בעמ</ManufactureName>
      <ManufactureCountry />
      <ManufactureItemDescription />
      <UnitQty>ק"ג</UnitQty>
      <Quantity>1</Quantity>
      <UnitMeasure />
      <BisWeighted>1</BisWeighted>
      <QtyInPackage>1</QtyInPackage>
      <ItemPrice>39.90</ItemPrice>
      <UnitOfMeasurePrice>39.90</UnitOfMeasurePrice>
      <AllowDiscount>0</AllowDiscount>
      <itemStatus>1</itemStatus>
      <LastUpdateDate />
      <LastUpdateTime />
    </Product>
    <Product>
      <PriceUpdateDate>2020/05/03 06:45</PriceUpdateDate>
      <ItemCode>2929130</ItemCode>
      <ItemType>0</ItemType>
      <ItemName>דנאבלו גבינה+עובש משקל</ItemName>
      <ManufactureName>נטו מלינדה סחר בעמ</ManufactureName>
      <ManufactureCountry />
      <ManufactureItemDescription />
      <UnitQty>ק"ג</UnitQty>
      <Quantity>1000</Quantity>
      <UnitMeasure>גרם</UnitMeasure>
      <BisWeighted>1</BisWeighted>
      <QtyInPackage>1</QtyInPackage>
      <ItemPrice>110</ItemPrice>
      <UnitOfMeasurePrice>11</UnitOfMeasurePrice>
      <AllowDiscount>0</AllowDiscount>
      <itemStatus>1</itemStatus>
      <LastUpdateDate />
      <LastUpdateTime />
    </Product>
    <Product>
      <PriceUpdateDate>2019/09/09 11:13</PriceUpdateDate>
      <ItemCode>2930808</ItemCode>
      <ItemType>0</ItemType>
      <ItemName>רבע כבש עטרה קפוא</ItemName>
      <ManufactureName>נטו בשרים</ManufactureName>
      <ManufactureCountry />
      <ManufactureItemDescription />
      <UnitQty>ק"ג</UnitQty>
      <Quantity>1000</Quantity>
      <UnitMeasure>גרם</UnitMeasure>
      <BisWeighted>1</BisWeighted>
      <QtyInPackage>1</QtyInPackage>
      <ItemPrice>69.90</ItemPrice>
      <UnitOfMeasurePrice>6.99</UnitOfMeasurePrice>
      <AllowDiscount>0</AllowDiscount>
      <itemStatus>1</itemStatus>
      <LastUpdateDate />
      <LastUpdateTime />
    </Product>
    <Product>
      <PriceUpdateDate>2019/08/01 11:14</PriceUpdateDate>
      <ItemCode>2939498</ItemCode>
      <ItemType>0</ItemType>
      <ItemName>מס 8 שריר עטרה לא מעובד</ItemName>
      <ManufactureName>נטו מלינדה סחר - עטרה</ManufactureName>
      <ManufactureCountry />
      <ManufactureItemDescription />
      <UnitQty>ק"ג</UnitQty>
      <Quantity>1000</Quantity>
      <UnitMeasure>גרם</UnitMeasure>
      <BisWeighted>1</BisWeighted>
      <QtyInPackage>1</QtyInPackage>
      <ItemPrice>52.90</ItemPrice>
      <UnitOfMeasurePrice>5.29</UnitOfMeasurePrice>
      <AllowDiscount>0</AllowDiscount>
      <itemStatus>1</itemStatus>
      <LastUpdateDate />
      <LastUpdateTime />
    </Product>
    <Product>
      <PriceUpdateDate>2020/01/12 12:29</PriceUpdateDate>
      <ItemCode>2996170</ItemCode>
      <ItemType>0</ItemType>
      <ItemName>סינטה קפוא רבנות</ItemName>
      <ManufactureName>עוף ירושלים שיווק בעמ</ManufactureName>
      <ManufactureCountry />
      <ManufactureItemDescription />
      <UnitQty>ק"ג</UnitQty>
      <Quantity>1</Quantity>
      <UnitMeasure />
      <BisWeighted>1</BisWeighted>
      <QtyInPackage>1</QtyInPackage>
      <ItemPrice>39.90</ItemPrice>
      <UnitOfMeasurePrice>39.90</UnitOfMeasurePrice>
      <AllowDiscount>1</AllowDiscount>
      <itemStatus>1</itemStatus>
      <LastUpdateDate />
      <LastUpdateTime />
    </Product>
    <Product>
      <PriceUpdateDate>2020/04/02 07:02</PriceUpdateDate>
      <ItemCode>2996378</ItemCode>
      <ItemType>0</ItemType>
      <ItemName>אסאדו בקר מוכשר קפוא</ItemName>
      <ManufactureName>עוף ירושלים שיווק בעמ</ManufactureName>
      <ManufactureCountry />
      <ManufactureItemDescription />
      <UnitQty>ק"ג</UnitQty>
      <Quantity>1</Quantity>
      <UnitMeasure>ק"ג</UnitMeasure>
      <BisWeighted>1</BisWeighted>
      <QtyInPackage>1</QtyInPackage>
      <ItemPrice>33.90</ItemPrice>
      <UnitOfMeasurePrice>33.90</UnitOfMeasurePrice>
      <AllowDiscount>0</AllowDiscount>
      <itemStatus>1</itemStatus>
      <LastUpdateDate />
      <LastUpdateTime />
    </Product>
    <Product>
      <PriceUpdateDate>2020/03/24 12:49</PriceUpdateDate>
      <ItemCode>3001316</ItemCode>
      <ItemType>0</ItemType>
      <ItemName>פילה אילתית סיני וואקום.</ItemName>
      <ManufactureName>ישראל פלדמן בעמ</ManufactureName>
      <ManufactureCountry />
      <ManufactureItemDescription />
      <UnitQty>ק"ג</UnitQty>
      <Quantity>0</Quantity>
      <UnitMeasure>גרם</UnitMeasure>
      <BisWeighted>1</BisWeighted>
      <QtyInPackage>1</QtyInPackage>
      <ItemPrice>29.90</ItemPrice>
      <UnitOfMeasurePrice>29.90</UnitOfMeasurePrice>
      <AllowDiscount>0</AllowDiscount>
      <itemStatus>1</itemStatus>
      <LastUpdateDate />
      <LastUpdateTime />
    </Product>
    <Product>
      <PriceUpdateDate>2019/04/10 09:20</PriceUpdateDate>
      <ItemCode>3001620</ItemCode>
      <ItemType>0</ItemType>
      <ItemName>בשר מס` 2 צלעות</ItemName>
      <ManufactureName>בלדי בעמ</ManufactureName>
      <ManufactureCountry />
      <ManufactureItemDescription />
      <UnitQty>ק"ג</UnitQty>
      <Quantity>1000</Quantity>
      <UnitMeasure>גרם</UnitMeasure>
      <BisWeighted>1</BisWeighted>
      <QtyInPackage>1</QtyInPackage>
      <ItemPrice>29.90</ItemPrice>
      <UnitOfMeasurePrice>2.99</UnitOfMeasurePrice>
      <AllowDiscount>0</AllowDiscount>
      <itemStatus>1</itemStatus>
      <LastUpdateDate />
      <LastUpdateTime />
    </Product>
    <Product>
      <PriceUpdateDate>2019/12/15 12:35</PriceUpdateDate>
      <ItemCode>3163847</ItemCode>
      <ItemType>0</ItemType>
      <ItemName>בשר מס` 4 כתף בקר</ItemName>
      <ManufactureName>מאסטרפוד בעמ</ManufactureName>
      <ManufactureCountry />
      <ManufactureItemDescription />
      <UnitQty>ק"ג</UnitQty>
      <Quantity>1</Quantity>
      <UnitMeasure>ק"ג</UnitMeasure>
      <BisWeighted>1</BisWeighted>
      <QtyInPackage>1</QtyInPackage>
      <ItemPrice>34.90</ItemPrice>
      <UnitOfMeasurePrice>34.90</UnitOfMeasurePrice>
      <AllowDiscount>0</AllowDiscount>
      <itemStatus>1</itemStatus>
      <LastUpdateDate />
      <LastUpdateTime />
    </Product>
    <Product>
      <PriceUpdateDate>2019/06/27 16:19</PriceUpdateDate>
      <ItemCode>3187140</ItemCode>
      <ItemType>0</ItemType>
      <ItemName>סינטה מעובד מופשר מוכשר</ItemName>
      <ManufactureName>עוף ירושלים שיווק בעמ</ManufactureName>
      <ManufactureCountry />
      <ManufactureItemDescription />
      <UnitQty>ק"ג</UnitQty>
      <Quantity>1</Quantity>
      <UnitMeasure />
      <BisWeighted>1</BisWeighted>
      <QtyInPackage>1</QtyInPackage>
      <ItemPrice>69.90</ItemPrice>
      <UnitOfMeasurePrice>69.90</UnitOfMeasurePrice>
      <AllowDiscount>1</AllowDiscount>
      <itemStatus>1</itemStatus>
      <LastUpdateDate />
      <LastUpdateTime />
    </Product>
    <Product>
      <PriceUpdateDate>2019/04/14 14:21</PriceUpdateDate>
      <ItemCode>3211138</ItemCode>
      <ItemType>0</ItemType>
      <ItemName>תפזורת 190</ItemName>
      <ManufactureName>א.מ.ס.ש ניהול והשקעות בעמ-קונס</ManufactureName>
      <ManufactureCountry />
      <ManufactureItemDescription />
      <UnitQty>ק"ג</UnitQty>
      <Quantity>1</Quantity>
      <UnitMeasure />
      <BisWeighted>1</BisWeighted>
      <QtyInPackage>1</QtyInPackage>
      <ItemPrice>190</ItemPrice>
      <UnitOfMeasurePrice>190</UnitOfMeasurePrice>
      <AllowDiscount>0</AllowDiscount>
      <itemStatus>1</itemStatus>
      <LastUpdateDate />
      <LastUpdateTime />
    </Product>
    <Product>
      <PriceUpdateDate>2016/11/24 08:10</PriceUpdateDate>
      <ItemCode>3414406</ItemCode>
      <ItemType>0</ItemType>
      <ItemName>נטיפי אפייה חמאת בוטנים ריסז (283 גרם)</ItemName>
      <ManufactureName>ליימן שליסל בעמ</ManufactureName>
      <ManufactureCountry />
      <ManufactureItemDescription />
      <UnitQty>יח`</UnitQty>
      <Quantity>283</Quantity>
      <UnitMeasure>גרם</UnitMeasure>
      <BisWeighted>0</BisWeighted>
      <QtyInPackage>1</QtyInPackage>
      <ItemPrice>14.90</ItemPrice>
      <UnitOfMeasurePrice>5.27</UnitOfMeasurePrice>
      <AllowDiscount>1</AllowDiscount>
      <itemStatus>1</itemStatus>
      <LastUpdateDate />
      <LastUpdateTime />
    </Product>
    <Product>
      <PriceUpdateDate>2014/05/29 16:08</PriceUpdateDate>
      <ItemCode>3444009</ItemCode>
      <ItemType>0</ItemType>
      <ItemName>חטיף שוקולד חלב עם חמאת בוטנים הרשי 42 ג</ItemName>
      <ManufactureName>ליימן שליסל בעמ</ManufactureName>
      <ManufactureCountry />
      <ManufactureItemDescription />
      <UnitQty>יח`</UnitQty>
      <Quantity>1</Quantity>
      <UnitMeasure />
      <BisWeighted>0</BisWeighted>
      <QtyInPackage>1</QtyInPackage>
      <ItemPrice>3.90</ItemPrice>
      <UnitOfMeasurePrice>3.90</UnitOfMeasurePrice>
      <AllowDiscount>1</AllowDiscount>
      <itemStatus>1</itemStatus>
      <LastUpdateDate />
      <LastUpdateTime />
    </Product>
    <Product>
      <PriceUpdateDate>2019/07/29 15:14</PriceUpdateDate>
      <ItemCode>3561193</ItemCode>
      <ItemType>0</ItemType>
      <ItemName>בייבי חליות בונז`ור</ItemName>
      <ManufactureName>קבוצת אסם סחר שות. מוגבלת</ManufactureName>
      <ManufactureCountry />
      <ManufactureItemDescription />
      <UnitQty>יח`</UnitQty>
      <Quantity>70</Quantity>
      <UnitMeasure>גרם</UnitMeasure>
      <BisWeighted>0</BisWeighted>
      <QtyInPackage>1</QtyInPackage>
      <ItemPrice>2.90</ItemPrice>
      <UnitOfMeasurePrice>4.14</UnitOfMeasurePrice>
      <AllowDiscount>0</AllowDiscount>
      <itemStatus>1</itemStatus>
      <LastUpdateDate />
      <LastUpdateTime />
    </Product>
    <Product>
      <PriceUpdateDate>2016/01/12 08:18</PriceUpdateDate>
      <ItemCode>3578085</ItemCode>
      <ItemType>0</ItemType>
      <ItemName>גבינת מוצרלה %21</ItemName>
      <ManufactureName>ג.וילי-פוד אינטרנשיונל בעמ</ManufactureName>
      <ManufactureCountry />
      <ManufactureItemDescription />
      <UnitQty>ק"ג</UnitQty>
      <Quantity>1000</Quantity>
      <UnitMeasure>גרם</UnitMeasure>
      <BisWeighted>1</BisWeighted>
      <QtyInPackage>1</QtyInPackage>
      <ItemPrice>52</ItemPrice>
      <UnitOfMeasurePrice>5.20</UnitOfMeasurePrice>
      <AllowDiscount>0</AllowDiscount>
      <itemStatus>1</itemStatus>
      <LastUpdateDate />
      <LastUpdateTime />
    </Product>
    <Product>
      <PriceUpdateDate>2020/01/05 11:29</PriceUpdateDate>
      <ItemCode>3598892</ItemCode>
      <ItemType>0</ItemType>
      <ItemName>שומן אווז ארוז 300 גר`</ItemName>
      <ManufactureName>בלדי בעמ</ManufactureName>
      <ManufactureCountry />
      <ManufactureItemDescription />
      <UnitQty>יח`</UnitQty>
      <Quantity>300</Quantity>
      <UnitMeasure>גרם</UnitMeasure>
      <BisWeighted>0</BisWeighted>
      <QtyInPackage>1</QtyInPackage>
      <ItemPrice>13.90</ItemPrice>
      <UnitOfMeasurePrice>4.63</UnitOfMeasurePrice>
      <AllowDiscount>0</AllowDiscount>
      <itemStatus>1</itemStatus>
      <LastUpdateDate />
      <LastUpdateTime />
    </Product>
    <Product>
      <PriceUpdateDate>2018/06/20 15:15</PriceUpdateDate>
      <ItemCode>3632367</ItemCode>
      <ItemType>0</ItemType>
      <ItemName>פילה ברבוניה</ItemName>
      <ManufactureName>ישראל פלדמן בעמ</ManufactureName>
      <ManufactureCountry />
      <ManufactureItemDescription />
      <UnitQty>יח`</UnitQty>
      <Quantity>500</Quantity>
      <UnitMeasure>גרם</UnitMeasure>
      <BisWeighted>0</BisWeighted>
      <QtyInPackage>1</QtyInPackage>
      <ItemPrice>24.90</ItemPrice>
      <UnitOfMeasurePrice>4.98</UnitOfMeasurePrice>
      <AllowDiscount>0</AllowDiscount>
      <itemStatus>1</itemStatus>
      <LastUpdateDate />
      <LastUpdateTime />
    </Product>
    <Product>
      <PriceUpdateDate>2016/03/28 08:30</PriceUpdateDate>
      <ItemCode>3648207</ItemCode>
      <ItemType>0</ItemType>
      <ItemName>מטיאס הולנדי בשמן</ItemName>
      <ManufactureName>סלטי שמיר 2006 בעמ</ManufactureName>
      <ManufactureCountry />
      <ManufactureItemDescription />
      <UnitQty>ק"ג</UnitQty>
      <Quantity>1000</Quantity>
      <UnitMeasure>גרם</UnitMeasure>
      <BisWeighted>1</BisWeighted>
      <QtyInPackage>1</QtyInPackage>
      <ItemPrice>39</ItemPrice>
      <UnitOfMeasurePrice>3.90</UnitOfMeasurePrice>
      <AllowDiscount>0</AllowDiscount>
      <itemStatus>1</itemStatus>
      <LastUpdateDate />
      <LastUpdateTime />
    </Product>
    <Product>
      <PriceUpdateDate>2020/01/12 12:26</PriceUpdateDate>
      <ItemCode>3648306</ItemCode>
      <ItemType>0</ItemType>
      <ItemName>מקרל מעושן מעדנייה סלטי שמיר</ItemName>
      <ManufactureName>סלטי שמיר 2006 בעמ</ManufactureName>
      <ManufactureCountry />
      <ManufactureItemDescription />
      <UnitQty>ק"ג</UnitQty>
      <Quantity>1000</Quantity>
      <UnitMeasure>גרם</UnitMeasure>
      <BisWeighted>1</BisWeighted>
      <QtyInPackage>1</QtyInPackage>
      <ItemPrice>75</ItemPrice>
      <UnitOfMeasurePrice>7.50</UnitOfMeasurePrice>
      <AllowDiscount>0</AllowDiscount>
      <itemStatus>1</itemStatus>
      <LastUpdateDate />
      <LastUpdateTime />
    </Product>
    <Product>
      <PriceUpdateDate>2019/04/07 10:08</PriceUpdateDate>
      <ItemCode>3703418</ItemCode>
      <ItemType>0</ItemType>
      <ItemName>גביניות בונז`ור</ItemName>
      <ManufactureName>קבוצת אסם סחר שות. מוגבלת</ManufactureName>
      <ManufactureCountry />
      <ManufactureItemDescription />
      <UnitQty>ק"ג</UnitQty>
      <Quantity>1000</Quantity>
      <UnitMeasure>גרם</UnitMeasure>
      <BisWeighted>1</BisWeighted>
      <QtyInPackage>1</QtyInPackage>
      <ItemPrice>33</ItemPrice>
      <UnitOfMeasurePrice>3.30</UnitOfMeasurePrice>
      <AllowDiscount>0</AllowDiscount>
      <itemStatus>1</itemStatus>
      <LastUpdateDate />
      <LastUpdateTime />
    </Product>
    <Product>
      <PriceUpdateDate>2019/12/12 22:19</PriceUpdateDate>
      <ItemCode>3714942</ItemCode>
      <ItemType>0</ItemType>
      <ItemName>כבד קפוא פרוס מוכשר מעובד בקר מוביל</ItemName>
      <ManufactureName>ציון שמכה ובניו בעמ</ManufactureName>
      <ManufactureCountry />
      <ManufactureItemDescription />
      <UnitQty>ק"ג</UnitQty>
      <Quantity>0</Quantity>
      <UnitMeasure>גרם</UnitMeasure>
      <BisWeighted>1</BisWeighted>
      <QtyInPackage>1</QtyInPackage>
      <ItemPrice>19.90</ItemPrice>
      <UnitOfMeasurePrice>19.90</UnitOfMeasurePrice>
      <AllowDiscount>0</AllowDiscount>
      <itemStatus>1</itemStatus>
      <LastUpdateDate />
      <LastUpdateTime />
    </Product>
    <Product>
      <PriceUpdateDate>2017/10/26 08:36</PriceUpdateDate>
      <ItemCode>4043108</ItemCode>
      <ItemType>0</ItemType>
      <ItemName>מ@מס שוקו 89 גר`</ItemName>
      <ManufactureName>מרס ריגלי ישראל בעמ</ManufactureName>
      <ManufactureCountry />
      <ManufactureItemDescription />
      <UnitQty>יח`</UnitQty>
      <Quantity>89</Quantity>
      <UnitMeasure>גרם</UnitMeasure>
      <BisWeighted>0</BisWeighted>
      <QtyInPackage>1</QtyInPackage>
      <ItemPrice>5.90</ItemPrice>
      <UnitOfMeasurePrice>6.63</UnitOfMeasurePrice>
      <AllowDiscount>0</AllowDiscount>
      <itemStatus>1</itemStatus>
      <LastUpdateDate />
      <LastUpdateTime />
    </Product>
    <Product>
      <PriceUpdateDate>2020/05/03 06:47</PriceUpdateDate>
      <ItemCode>4068424</ItemCode>
      <ItemType>0</ItemType>
      <ItemName>גאודה בקר משולש מעדנייה גד</ItemName>
      <ManufactureName>מחלבות גד שיווק 1992 בעמ</ManufactureName>
      <ManufactureCountry />
      <ManufactureItemDescription />
      <UnitQty>ק"ג</UnitQty>
      <Quantity>1000</Quantity>
      <UnitMeasure>גרם</UnitMeasure>
      <BisWeighted>1</BisWeighted>
      <QtyInPackage>1</QtyInPackage>
      <ItemPrice>108</ItemPrice>
      <UnitOfMeasurePrice>10.80</UnitOfMeasurePrice>
      <AllowDiscount>0</AllowDiscount>
      <itemStatus>1</itemStatus>
      <LastUpdateDate />
      <LastUpdateTime />
    </Product>
    <Product>
      <PriceUpdateDate>2020/05/03 06:47</PriceUpdateDate>
      <ItemCode>4068585</ItemCode>
      <ItemType>0</ItemType>
      <ItemName>גאודה עיזים משולש מעדנייה גד</ItemName>
      <ManufactureName>מחלבות גד שיווק 1992 בעמ</ManufactureName>
      <ManufactureCountry />
      <ManufactureItemDescription />
      <UnitQty>ק"ג</UnitQty>
      <Quantity>1000</Quantity>
      <UnitMeasure>גרם</UnitMeasure>
      <BisWeighted>1</BisWeighted>
      <QtyInPackage>1</QtyInPackage>
      <ItemPrice>132</ItemPrice>
      <UnitOfMeasurePrice>13.20</UnitOfMeasurePrice>
      <AllowDiscount>0</AllowDiscount>
      <itemStatus>1</itemStatus>
      <LastUpdateDate />
      <LastUpdateTime />
    </Product>
    <Product>
      <PriceUpdateDate>2018/08/13 09:32</PriceUpdateDate>
      <ItemCode>4122607</ItemCode>
      <ItemType>0</ItemType>
      <ItemName>עמק לייט 9% חריץ מעדניה צהובה</ItemName>
      <ManufactureName>תנובה - חלב</ManufactureName>
      <ManufactureCountry />
      <ManufactureItemDescription />
      <UnitQty>ק"ג</UnitQty>
      <Quantity>1000</Quantity>
      <UnitMeasure>גרם</UnitMeasure>
      <BisWeighted>1</BisWeighted>
      <QtyInPackage>1</QtyInPackage>
      <ItemPrice>75</ItemPrice>
      <UnitOfMeasurePrice>7.50</UnitOfMeasurePrice>
      <AllowDiscount>0</AllowDiscount>
      <itemStatus>1</itemStatus>
      <LastUpdateDate />
      <LastUpdateTime />
    </Product>
    <Product>
      <PriceUpdateDate>2019/03/03 14:10</PriceUpdateDate>
      <ItemCode>4129569</ItemCode>
      <ItemType>0</ItemType>
      <ItemName>שמנות 25% תנובה</ItemName>
      <ManufactureName>תנובה - חלב</ManufactureName>
      <ManufactureCountry />
      <ManufactureItemDescription />
      <UnitQty>ק"ג</UnitQty>
      <Quantity>1000</Quantity>
      <UnitMeasure>גרם</UnitMeasure>
      <BisWeighted>1</BisWeighted>
      <QtyInPackage>1</QtyInPackage>
      <ItemPrice>41</ItemPrice>
      <UnitOfMeasurePrice>4.10</UnitOfMeasurePrice>
      <AllowDiscount>0</AllowDiscount>
      <itemStatus>1</itemStatus>
      <LastUpdateDate />
      <LastUpdateTime />
    </Product>
    <Product>
      <PriceUpdateDate>2019/03/03 14:10</PriceUpdateDate>
      <ItemCode>4129576</ItemCode>
      <ItemType>0</ItemType>
      <ItemName>שמנות 25% תנובה</ItemName>
      <ManufactureName>תנובה - חלב</ManufactureName>
      <ManufactureCountry />
      <ManufactureItemDescription />
      <UnitQty>ק"ג</UnitQty>
      <Quantity>1000</Quantity>
      <UnitMeasure>גרם</UnitMeasure>
      <BisWeighted>1</BisWeighted>
      <QtyInPackage>1</QtyInPackage>
      <ItemPrice>41</ItemPrice>
      <UnitOfMeasurePrice>4.10</UnitOfMeasurePrice>
      <AllowDiscount>0</AllowDiscount>
      <itemStatus>1</itemStatus>
      <LastUpdateDate />
      <LastUpdateTime />
    </Product>
    <Product>
      <PriceUpdateDate>2019/03/03 14:10</PriceUpdateDate>
      <ItemCode>4129903</ItemCode>
      <ItemType>0</ItemType>
      <ItemName>נפוליאון 25%</ItemName>
      <ManufactureName>תנובה - חלב</ManufactureName>
      <ManufactureCountry />
      <ManufactureItemDescription />
      <UnitQty>ק"ג</UnitQty>
      <Quantity>1000</Quantity>
      <UnitMeasure>גרם</UnitMeasure>
      <BisWeighted>1</BisWeighted>
      <QtyInPackage>1</QtyInPackage>
      <ItemPrice>41</ItemPrice>
      <UnitOfMeasurePrice>4.10</UnitOfMeasurePrice>
      <AllowDiscount>0</AllowDiscount>
      <itemStatus>1</itemStatus>
      <LastUpdateDate />
      <LastUpdateTime />
    </Product>
    <Product>
      <PriceUpdateDate>2019/06/10 13:31</PriceUpdateDate>
      <ItemCode>4135324</ItemCode>
      <ItemType>0</ItemType>
      <ItemName>פיראוס בולגרית 5% מעודנת</ItemName>
      <ManufactureName>תנובה - חלב</ManufactureName>
      <ManufactureCountry />
      <ManufactureItemDescription />
      <UnitQty>ק"ג</UnitQty>
      <Quantity>1000</Quantity>
      <UnitMeasure>גרם</UnitMeasure>
      <BisWeighted>1</BisWeighted>
      <QtyInPackage>1</QtyInPackage>
      <ItemPrice>43</ItemPrice>
      <UnitOfMeasurePrice>4.30</UnitOfMeasurePrice>
      <AllowDiscount>0</AllowDiscount>
      <itemStatus>1</itemStatus>
      <LastUpdateDate />
      <LastUpdateTime />
    </Product>
    <Product>
      <PriceUpdateDate>2019/06/10 13:31</PriceUpdateDate>
      <ItemCode>4136291</ItemCode>
      <ItemType>0</ItemType>
      <ItemName>צפתית/מעודנת 5%</ItemName>
      <ManufactureName>תנובה - חלב</ManufactureName>
      <ManufactureCountry />
      <ManufactureItemDescription />
      <UnitQty>ק"ג</UnitQty>
      <Quantity>1000</Quantity>
      <UnitMeasure>גרם</UnitMeasure>
      <BisWeighted>1</BisWeighted>
      <QtyInPackage>1</QtyInPackage>
      <ItemPrice>51</ItemPrice>
      <UnitOfMeasurePrice>5.10</UnitOfMeasurePrice>
      <AllowDiscount>0</AllowDiscount>
      <itemStatus>1</itemStatus>
      <LastUpdateDate />
      <LastUpdateTime />
    </Product>
    <Product>
      <PriceUpdateDate>2018/08/13 09:32</PriceUpdateDate>
      <ItemCode>4136833</ItemCode>
      <ItemType>0</ItemType>
      <ItemName>בולגרית %16למעדניה</ItemName>
      <ManufactureName>תנובה - חלב</ManufactureName>
      <ManufactureCountry />
      <ManufactureItemDescription />
      <UnitQty>ק"ג</UnitQty>
      <Quantity>1000</Quantity>
      <UnitMeasure>גרם</UnitMeasure>
      <BisWeighted>1</BisWeighted>
      <QtyInPackage>1</QtyInPackage>
      <ItemPrice>58</ItemPrice>
      <UnitOfMeasurePrice>5.80</UnitOfMeasurePrice>
      <AllowDiscount>0</AllowDiscount>
      <itemStatus>1</itemStatus>
      <LastUpdateDate />
      <LastUpdateTime />
    </Product>
    <Product>
      <PriceUpdateDate>2020/02/24 07:05</PriceUpdateDate>
      <ItemCode>4193324</ItemCode>
      <ItemType>0</ItemType>
      <ItemName>כתף כבש קפוא חלק</ItemName>
      <ManufactureName>אדום גרופ למזון שיווק והפצה בע</ManufactureName>
      <ManufactureCountry />
      <ManufactureItemDescription />
      <UnitQty>ק"ג</UnitQty>
      <Quantity>1</Quantity>
      <UnitMeasure />
      <BisWeighted>1</BisWeighted>
      <QtyInPackage>1</QtyInPackage>
      <ItemPrice>59.90</ItemPrice>
      <UnitOfMeasurePrice>59.90</UnitOfMeasurePrice>
      <AllowDiscount>1</AllowDiscount>
      <itemStatus>1</itemStatus>
      <LastUpdateDate />
      <LastUpdateTime />
    </Product>
    <Product>
      <PriceUpdateDate>2018/12/23 11:06</PriceUpdateDate>
      <ItemCode>4194062</ItemCode>
      <ItemType>0</ItemType>
      <ItemName>מחפוד פרגיות עוף טרי</ItemName>
      <ManufactureName>תנובה קפואים</ManufactureName>
      <ManufactureCountry />
      <ManufactureItemDescription />
      <UnitQty>ק"ג</UnitQty>
      <Quantity>1</Quantity>
      <UnitMeasure />
      <BisWeighted>1</BisWeighted>
      <QtyInPackage>1</QtyInPackage>
      <ItemPrice>64.90</ItemPrice>
      <UnitOfMeasurePrice>64.90</UnitOfMeasurePrice>
      <AllowDiscount>0</AllowDiscount>
      <itemStatus>1</itemStatus>
      <LastUpdateDate />
      <LastUpdateTime />
    </Product>
    <Product>
      <PriceUpdateDate>2015/09/06 09:35</PriceUpdateDate>
      <ItemCode>4194185</ItemCode>
      <ItemType>0</ItemType>
      <ItemName>מחפוד-עוף קפוא מס 2</ItemName>
      <ManufactureName>עוף ירושלים שיווק בעמ</ManufactureName>
      <ManufactureCountry />
      <ManufactureItemDescription />
      <UnitQty>ק"ג</UnitQty>
      <Quantity>1000</Quantity>
      <UnitMeasure>גרם</UnitMeasure>
      <BisWeighted>1</BisWeighted>
      <QtyInPackage>1</QtyInPackage>
      <ItemPrice>22.90</ItemPrice>
      <UnitOfMeasurePrice>2.29</UnitOfMeasurePrice>
      <AllowDiscount>0</AllowDiscount>
      <itemStatus>1</itemStatus>
      <LastUpdateDate />
      <LastUpdateTime />
    </Product>
    <Product>
      <PriceUpdateDate>2019/08/01 11:14</PriceUpdateDate>
      <ItemCode>4194208</ItemCode>
      <ItemType>0</ItemType>
      <ItemName>מחפוד-כרעיים קפוא</ItemName>
      <ManufactureName>עוף ירושלים שיווק בעמ</ManufactureName>
      <ManufactureCountry />
      <ManufactureItemDescription />
      <UnitQty>ק"ג</UnitQty>
      <Quantity>1</Quantity>
      <UnitMeasure>ק"ג</UnitMeasure>
      <BisWeighted>1</BisWeighted>
      <QtyInPackage>1</QtyInPackage>
      <ItemPrice>33.90</ItemPrice>
      <UnitOfMeasurePrice>33.90</UnitOfMeasurePrice>
      <AllowDiscount>1</AllowDiscount>
      <itemStatus>1</itemStatus>
      <LastUpdateDate />
      <LastUpdateTime />
    </Product>
    <Product>
      <PriceUpdateDate>2020/03/22 14:35</PriceUpdateDate>
      <ItemCode>4194253</ItemCode>
      <ItemType>0</ItemType>
      <ItemName>מחפוד-כנפיים עוף קפוא</ItemName>
      <ManufactureName>עוף ירושלים שיווק בעמ</ManufactureName>
      <ManufactureCountry />
      <ManufactureItemDescription />
      <UnitQty>ק"ג</UnitQty>
      <Quantity>1000</Quantity>
      <UnitMeasure>גרם</UnitMeasure>
      <BisWeighted>1</BisWeighted>
      <QtyInPackage>1</QtyInPackage>
      <ItemPrice>18.90</ItemPrice>
      <UnitOfMeasurePrice>1.89</UnitOfMeasurePrice>
      <AllowDiscount>1</AllowDiscount>
      <itemStatus>1</itemStatus>
      <LastUpdateDate />
      <LastUpdateTime />
    </Product>
    <Product>
      <PriceUpdateDate>2020/03/22 14:35</PriceUpdateDate>
      <ItemCode>4194260</ItemCode>
      <ItemType>0</ItemType>
      <ItemName>מחפוד-שוקיים עוף קפוא</ItemName>
      <ManufactureName>עוף ירושלים שיווק בעמ</ManufactureName>
      <ManufactureCountry />
      <ManufactureItemDescription />
      <UnitQty>ק"ג</UnitQty>
      <Quantity>1000</Quantity>
      <UnitMeasure>גרם</UnitMeasure>
      <BisWeighted>1</BisWeighted>
      <QtyInPackage>1</QtyInPackage>
      <ItemPrice>36.90</ItemPrice>
      <UnitOfMeasurePrice>3.69</UnitOfMeasurePrice>
      <AllowDiscount>1</AllowDiscount>
      <itemStatus>1</itemStatus>
      <LastUpdateDate />
      <LastUpdateTime />
    </Product>
    <Product>
      <PriceUpdateDate>2015/09/06 09:35</PriceUpdateDate>
      <ItemCode>4194277</ItemCode>
      <ItemType>0</ItemType>
      <ItemName>ירכיים עוף קפוא-מחפוד</ItemName>
      <ManufactureName>עוף ירושלים שיווק בעמ</ManufactureName>
      <ManufactureCountry />
      <ManufactureItemDescription />
      <UnitQty>ק"ג</UnitQty>
      <Quantity>1000</Quantity>
      <UnitMeasure>גרם</UnitMeasure>
      <BisWeighted>1</BisWeighted>
      <QtyInPackage>1</QtyInPackage>
      <ItemPrice>33.90</ItemPrice>
      <UnitOfMeasurePrice>3.39</UnitOfMeasurePrice>
      <AllowDiscount>0</AllowDiscount>
      <itemStatus>1</itemStatus>
      <LastUpdateDate />
      <LastUpdateTime />
    </Product>
    <Product>
      <PriceUpdateDate>2018/12/23 11:06</PriceUpdateDate>
      <ItemCode>4194529</ItemCode>
      <ItemType>0</ItemType>
      <ItemName>מחפוד עוף טרי ארוז</ItemName>
      <ManufactureName>קורניש חן (1987) בעמ</ManufactureName>
      <ManufactureCountry />
      <ManufactureItemDescription />
      <UnitQty>ק"ג</UnitQty>
      <Quantity>1</Quantity>
      <UnitMeasure />
      <BisWeighted>1</BisWeighted>
      <QtyInPackage>1</QtyInPackage>
      <ItemPrice>22.90</ItemPrice>
      <UnitOfMeasurePrice>22.90</UnitOfMeasurePrice>
      <AllowDiscount>0</AllowDiscount>
      <itemStatus>1</itemStatus>
      <LastUpdateDate />
      <LastUpdateTime />
    </Product>
    <Product>
      <PriceUpdateDate>2020/03/22 14:38</PriceUpdateDate>
      <ItemCode>4194536</ItemCode>
      <ItemType>0</ItemType>
      <ItemName>מחפוד חזה עוף טרי ארוז</ItemName>
      <ManufactureName>קורניש חן (1987) בעמ</ManufactureName>
      <ManufactureCountry />
      <ManufactureItemDescription />
      <UnitQty>ק"ג</UnitQty>
      <Quantity>1</Quantity>
      <UnitMeasure />
      <BisWeighted>1</BisWeighted>
      <QtyInPackage>1</QtyInPackage>
      <ItemPrice>33.90</ItemPrice>
      <UnitOfMeasurePrice>33.90</UnitOfMeasurePrice>
      <AllowDiscount>1</AllowDiscount>
      <itemStatus>1</itemStatus>
      <LastUpdateDate />
      <LastUpdateTime />
    </Product>
    <Product>
      <PriceUpdateDate>2020/03/22 14:38</PriceUpdateDate>
      <ItemCode>4194543</ItemCode>
      <ItemType>0</ItemType>
      <ItemName>מחפוד כרעיים עוף טרי ארוז</ItemName>
      <ManufactureName>קורניש חן (1987) בעמ</ManufactureName>
      <ManufactureCountry />
      <ManufactureItemDescription />
      <UnitQty>ק"ג</UnitQty>
      <Quantity>1</Quantity>
      <UnitMeasure />
      <BisWeighted>1</BisWeighted>
      <QtyInPackage>1</QtyInPackage>
      <ItemPrice>33.90</ItemPrice>
      <UnitOfMeasurePrice>33.90</UnitOfMeasurePrice>
      <AllowDiscount>1</AllowDiscount>
      <itemStatus>1</itemStatus>
      <LastUpdateDate />
      <LastUpdateTime />
    </Product>
    <Product>
      <PriceUpdateDate>2018/06/04 09:54</PriceUpdateDate>
      <ItemCode>4194550</ItemCode>
      <ItemType>0</ItemType>
      <ItemName>מחפוד כנפיים עוף טרי ארוז</ItemName>
      <ManufactureName>קורניש חן (1987) בעמ</ManufactureName>
      <ManufactureCountry />
      <ManufactureItemDescription />
      <UnitQty>ק"ג</UnitQty>
      <Quantity>1</Quantity>
      <UnitMeasure />
      <BisWeighted>1</BisWeighted>
      <QtyInPackage>1</QtyInPackage>
      <ItemPrice>15.90</ItemPrice>
      <UnitOfMeasurePrice>15.90</UnitOfMeasurePrice>
      <AllowDiscount>0</AllowDiscount>
      <itemStatus>1</itemStatus>
      <LastUpdateDate />
      <LastUpdateTime />
    </Product>
    <Product>
      <PriceUpdateDate>2020/03/22 14:49</PriceUpdateDate>
      <ItemCode>4194567</ItemCode>
      <ItemType>0</ItemType>
      <ItemName>מחפוד ירכיים עוף טרי ארוז</ItemName>
      <ManufactureName>תנובה קפואים</ManufactureName>
      <ManufactureCountry />
      <ManufactureItemDescription />
      <UnitQty>ק"ג</UnitQty>
      <Quantity>1</Quantity>
      <UnitMeasure />
      <BisWeighted>1</BisWeighted>
      <QtyInPackage>1</QtyInPackage>
      <ItemPrice>33.90</ItemPrice>
      <UnitOfMeasurePrice>33.90</UnitOfMeasurePrice>
      <AllowDiscount>1</AllowDiscount>
      <itemStatus>1</itemStatus>
      <LastUpdateDate />
      <LastUpdateTime />
    </Product>
    <Product>
      <PriceUpdateDate>2020/03/22 14:38</PriceUpdateDate>
      <ItemCode>4194574</ItemCode>
      <ItemType>0</ItemType>
      <ItemName>מחפוד שוקיים עוף טרי ארוז</ItemName>
      <ManufactureName>קורניש חן (1987) בעמ</ManufactureName>
      <ManufactureCountry />
      <ManufactureItemDescription />
      <UnitQty>ק"ג</UnitQty>
      <Quantity>1</Quantity>
      <UnitMeasure />
      <BisWeighted>1</BisWeighted>
      <QtyInPackage>1</QtyInPackage>
      <ItemPrice>34.90</ItemPrice>
      <UnitOfMeasurePrice>34.90</UnitOfMeasurePrice>
      <AllowDiscount>0</AllowDiscount>
      <itemStatus>1</itemStatus>
      <LastUpdateDate />
      <LastUpdateTime />
    </Product>
    <Product>
      <PriceUpdateDate>2018/12/23 11:06</PriceUpdateDate>
      <ItemCode>4194598</ItemCode>
      <ItemType>0</ItemType>
      <ItemName>מחפוד כבד עוף טרי ארוז</ItemName>
      <ManufactureName>קורניש חן (1987) בעמ</ManufactureName>
      <ManufactureCountry />
      <ManufactureItemDescription />
      <UnitQty>ק"ג</UnitQty>
      <Quantity>1</Quantity>
      <UnitMeasure />
      <BisWeighted>1</BisWeighted>
      <QtyInPackage>1</QtyInPackage>
      <ItemPrice>34.90</ItemPrice>
      <UnitOfMeasurePrice>34.90</UnitOfMeasurePrice>
      <AllowDiscount>0</AllowDiscount>
      <itemStatus>1</itemStatus>
      <LastUpdateDate />
      <LastUpdateTime />
    </Product>
    <Product>
      <PriceUpdateDate>2019/05/02 16:36</PriceUpdateDate>
      <ItemCode>4194604</ItemCode>
      <ItemType>0</ItemType>
      <ItemName>מחפוד לבבות עוף טרי ארוז</ItemName>
      <ManufactureName>קורניש חן (1987) בעמ</ManufactureName>
      <ManufactureCountry />
      <ManufactureItemDescription />
      <UnitQty>ק"ג</UnitQty>
      <Quantity>1</Quantity>
      <UnitMeasure />
      <BisWeighted>1</BisWeighted>
      <QtyInPackage>1</QtyInPackage>
      <ItemPrice>33.90</ItemPrice>
      <UnitOfMeasurePrice>33.90</UnitOfMeasurePrice>
      <AllowDiscount>0</AllowDiscount>
      <itemStatus>1</itemStatus>
      <LastUpdateDate />
      <LastUpdateTime />
    </Product>
    <Product>
      <PriceUpdateDate>2020/03/22 14:35</PriceUpdateDate>
      <ItemCode>4194697</ItemCode>
      <ItemType>0</ItemType>
      <ItemName>כנפיים חצוי קפוא ארוז מחפוד עוף ירושלי</ItemName>
      <ManufactureName>עוף ירושלים שיווק בעמ</ManufactureName>
      <ManufactureCountry />
      <ManufactureItemDescription />
      <UnitQty>ק"ג</UnitQty>
      <Quantity>1000</Quantity>
      <UnitMeasure>גרם</UnitMeasure>
      <BisWeighted>0</BisWeighted>
      <QtyInPackage>1</QtyInPackage>
      <ItemPrice>12.90</ItemPrice>
      <UnitOfMeasurePrice>1.29</UnitOfMeasurePrice>
      <AllowDiscount>1</AllowDiscount>
      <itemStatus>1</itemStatus>
      <LastUpdateDate />
      <LastUpdateTime />
    </Product>
    <Product>
      <PriceUpdateDate>2020/05/03 06:45</PriceUpdateDate>
      <ItemCode>4229740</ItemCode>
      <ItemType>0</ItemType>
      <ItemName>סגנון פטה</ItemName>
      <ManufactureName>נטו מלינדה סחר בעמ</ManufactureName>
      <ManufactureCountry />
      <ManufactureItemDescription />
      <UnitQty>ק"ג</UnitQty>
      <Quantity>1000</Quantity>
      <UnitMeasure>גרם</UnitMeasure>
      <BisWeighted>1</BisWeighted>
      <QtyInPackage>1</QtyInPackage>
      <ItemPrice>30</ItemPrice>
      <UnitOfMeasurePrice>3</UnitOfMeasurePrice>
      <AllowDiscount>0</AllowDiscount>
      <itemStatus>1</itemStatus>
      <LastUpdateDate />
      <LastUpdateTime />
    </Product>
    <Product>
      <PriceUpdateDate>2019/08/01 11:14</PriceUpdateDate>
      <ItemCode>4263041</ItemCode>
      <ItemType>0</ItemType>
      <ItemName>גולש עגל מעובד עטרה לפי משקל (500 גרם)</ItemName>
      <ManufactureName>נטו מלינדה סחר - עטרה</ManufactureName>
      <ManufactureCountry />
      <ManufactureItemDescription />
      <UnitQty>ק"ג</UnitQty>
      <Quantity>500</Quantity>
      <UnitMeasure>גרם</UnitMeasure>
      <BisWeighted>1</BisWeighted>
      <QtyInPackage>1</QtyInPackage>
      <ItemPrice>51.90</ItemPrice>
      <UnitOfMeasurePrice>10.38</UnitOfMeasurePrice>
      <AllowDiscount>0</AllowDiscount>
      <itemStatus>1</itemStatus>
      <LastUpdateDate />
      <LastUpdateTime />
    </Product>
    <Product>
      <PriceUpdateDate>2017/03/01 08:06</PriceUpdateDate>
      <ItemCode>4263799</ItemCode>
      <ItemType>0</ItemType>
      <ItemName>בשר מס 5 עטרה</ItemName>
      <ManufactureName>נטו מלינדה סחר - עטרה</ManufactureName>
      <ManufactureCountry />
      <ManufactureItemDescription />
      <UnitQty>ק"ג</UnitQty>
      <Quantity>1000</Quantity>
      <UnitMeasure>גרם</UnitMeasure>
      <BisWeighted>1</BisWeighted>
      <QtyInPackage>1</QtyInPackage>
      <ItemPrice>79.90</ItemPrice>
      <UnitOfMeasurePrice>7.99</UnitOfMeasurePrice>
      <AllowDiscount>0</AllowDiscount>
      <itemStatus>1</itemStatus>
      <LastUpdateDate />
      <LastUpdateTime />
    </Product>
    <Product>
      <PriceUpdateDate>2015/01/18 12:37</PriceUpdateDate>
      <ItemCode>7290004324605</ItemCode>
      <ItemType>1</ItemType>
      <ItemName>מון בלאן רוקפור 120 גר`</ItemName>
      <ManufactureName>נטו מלינדה סחר בעמ</ManufactureName>
      <ManufactureCountry />
      <ManufactureItemDescription />
      <UnitQty>יח`</UnitQty>
      <Quantity>120</Quantity>
      <UnitMeasure>גרם</UnitMeasure>
      <BisWeighted>0</BisWeighted>
      <QtyInPackage>1</QtyInPackage>
      <ItemPrice>13.90</ItemPrice>
      <UnitOfMeasurePrice>11.58</UnitOfMeasurePrice>
      <AllowDiscount>1</AllowDiscount>
      <itemStatus>1</itemStatus>
      <LastUpdateDate />
      <LastUpdateTime />
    </Product>
    <Product>
      <PriceUpdateDate>2020/04/17 06:13</PriceUpdateDate>
      <ItemCode>4456122</ItemCode>
      <ItemType>0</ItemType>
      <ItemName>צלעות כבש(קארה  ) קפוא טלה</ItemName>
      <ManufactureName>בלדי בעמ</ManufactureName>
      <ManufactureCountry />
      <ManufactureItemDescription />
      <UnitQty>ק"ג</UnitQty>
      <Quantity>100</Quantity>
      <UnitMeasure>גרם</UnitMeasure>
      <BisWeighted>1</BisWeighted>
      <QtyInPackage>1</QtyInPackage>
      <ItemPrice>118</ItemPrice>
      <UnitOfMeasurePrice>118</UnitOfMeasurePrice>
      <AllowDiscount>0</AllowDiscount>
      <itemStatus>1</itemStatus>
      <LastUpdateDate />
      <LastUpdateTime />
    </Product>
    <Product>
      <PriceUpdateDate>2018/05/29 11:10</PriceUpdateDate>
      <ItemCode>4649159</ItemCode>
      <ItemType>0</ItemType>
      <ItemName>בשר  מס`5 צלי כתף</ItemName>
      <ManufactureName>לוי שמואל ובניו בעמ</ManufactureName>
      <ManufactureCountry />
      <ManufactureItemDescription />
      <UnitQty>ק"ג</UnitQty>
      <Quantity>1000</Quantity>
      <UnitMeasure>גרם</UnitMeasure>
      <BisWeighted>1</BisWeighted>
      <QtyInPackage>1</QtyInPackage>
      <ItemPrice>49.90</ItemPrice>
      <UnitOfMeasurePrice>4.99</UnitOfMeasurePrice>
      <AllowDiscount>0</AllowDiscount>
      <itemStatus>1</itemStatus>
      <LastUpdateDate />
      <LastUpdateTime />
    </Product>
    <Product>
      <PriceUpdateDate>2019/09/08 12:35</PriceUpdateDate>
      <ItemCode>4859831</ItemCode>
      <ItemType>0</ItemType>
      <ItemName>חזה עוף קפוא</ItemName>
      <ManufactureName>קורניש חן (1987) בעמ</ManufactureName>
      <ManufactureCountry />
      <ManufactureItemDescription />
      <UnitQty>ק"ג</UnitQty>
      <Quantity>1000</Quantity>
      <UnitMeasure>גרם</UnitMeasure>
      <BisWeighted>1</BisWeighted>
      <QtyInPackage>1</QtyInPackage>
      <ItemPrice>32.90</ItemPrice>
      <UnitOfMeasurePrice>3.29</UnitOfMeasurePrice>
      <AllowDiscount>0</AllowDiscount>
      <itemStatus>1</itemStatus>
      <LastUpdateDate />
      <LastUpdateTime />
    </Product>
    <Product>
      <PriceUpdateDate>2020/03/17 07:33</PriceUpdateDate>
      <ItemCode>4859954</ItemCode>
      <ItemType>0</ItemType>
      <ItemName>כנפיים עוף קפוא מוביל</ItemName>
      <ManufactureName>קורניש חן (1987) בעמ</ManufactureName>
      <ManufactureCountry />
      <ManufactureItemDescription />
      <UnitQty>ק"ג</UnitQty>
      <Quantity>1000</Quantity>
      <UnitMeasure>גרם</UnitMeasure>
      <BisWeighted>1</BisWeighted>
      <QtyInPackage>1</QtyInPackage>
      <ItemPrice>9.90</ItemPrice>
      <UnitOfMeasurePrice>0.99</UnitOfMeasurePrice>
      <AllowDiscount>0</AllowDiscount>
      <itemStatus>1</itemStatus>
      <LastUpdateDate />
      <LastUpdateTime />
    </Product>
    <Product>
      <PriceUpdateDate>2019/06/27 16:19</PriceUpdateDate>
      <ItemCode>4934422</ItemCode>
      <ItemType>0</ItemType>
      <ItemName>אנטריקוט עגל מעובד מופשר</ItemName>
      <ManufactureName>עוף ירושלים שיווק בעמ</ManufactureName>
      <ManufactureCountry />
      <ManufactureItemDescription />
      <UnitQty>ק"ג</UnitQty>
      <Quantity>1</Quantity>
      <UnitMeasure>ק"ג</UnitMeasure>
      <BisWeighted>1</BisWeighted>
      <QtyInPackage>1</QtyInPackage>
      <ItemPrice>69.90</ItemPrice>
      <UnitOfMeasurePrice>69.90</UnitOfMeasurePrice>
      <AllowDiscount>1</AllowDiscount>
      <itemStatus>1</itemStatus>
      <LastUpdateDate />
      <LastUpdateTime />
    </Product>
    <Product>
      <PriceUpdateDate>2020/05/03 06:45</PriceUpdateDate>
      <ItemCode>7290004982355</ItemCode>
      <ItemType>1</ItemType>
      <ItemName>צ`דר  טריפל- מעדנייה</ItemName>
      <ManufactureName>נטו מלינדה סחר בעמ</ManufactureName>
      <ManufactureCountry />
      <ManufactureItemDescription />
      <UnitQty>ק"ג</UnitQty>
      <Quantity>1000</Quantity>
      <UnitMeasure>גרם</UnitMeasure>
      <BisWeighted>1</BisWeighted>
      <QtyInPackage>1</QtyInPackage>
      <ItemPrice>119</ItemPrice>
      <UnitOfMeasurePrice>11.90</UnitOfMeasurePrice>
      <AllowDiscount>0</AllowDiscount>
      <itemStatus>1</itemStatus>
      <LastUpdateDate />
      <LastUpdateTime />
    </Product>
    <Product>
      <PriceUpdateDate>2019/08/11 12:01</PriceUpdateDate>
      <ItemCode>2900005041198</ItemCode>
      <ItemType>1</ItemType>
      <ItemName>קבב ביתי קפוא מעדני הטלה (1 קג)</ItemName>
      <ManufactureName>נטו מלינדה סחר בעמ</ManufactureName>
      <ManufactureCountry />
      <ManufactureItemDescription />
      <UnitQty>יח`</UnitQty>
      <Quantity>1</Quantity>
      <UnitMeasure>ק"ג</UnitMeasure>
      <BisWeighted>0</BisWeighted>
      <QtyInPackage>1</QtyInPackage>
      <ItemPrice>45.90</ItemPrice>
      <UnitOfMeasurePrice>45.90</UnitOfMeasurePrice>
      <AllowDiscount>0</AllowDiscount>
      <itemStatus>1</itemStatus>
      <LastUpdateDate />
      <LastUpdateTime />
    </Product>
    <Product>
      <PriceUpdateDate>2020/03/08 06:52</PriceUpdateDate>
      <ItemCode>5230059</ItemCode>
      <ItemType>0</ItemType>
      <ItemName>`צלחת מרק לבנה 25 יח פאלאס</ItemName>
      <ManufactureName>פאלאס תעשיות נטו (2014) בעמ</ManufactureName>
      <ManufactureCountry />
      <ManufactureItemDescription />
      <UnitQty>יח`</UnitQty>
      <Quantity>1</Quantity>
      <UnitMeasure />
      <BisWeighted>0</BisWeighted>
      <QtyInPackage>1</QtyInPackage>
      <ItemPrice>4.90</ItemPrice>
      <UnitOfMeasurePrice>4.90</UnitOfMeasurePrice>
      <AllowDiscount>1</AllowDiscount>
      <itemStatus>1</itemStatus>
      <LastUpdateDate />
      <LastUpdateTime />
    </Product>
    <Product>
      <PriceUpdateDate>2019/03/10 13:35</PriceUpdateDate>
      <ItemCode>5358005</ItemCode>
      <ItemType>0</ItemType>
      <ItemName>נסיכת הנילוס שלם.</ItemName>
      <ManufactureName>בשר לכל חיים פסקוביץ ובניו בעמ</ManufactureName>
      <ManufactureCountry />
      <ManufactureItemDescription />
      <UnitQty>ק"ג</UnitQty>
      <Quantity>1000</Quantity>
      <UnitMeasure>גרם</UnitMeasure>
      <BisWeighted>1</BisWeighted>
      <QtyInPackage>1</QtyInPackage>
      <ItemPrice>24.90</ItemPrice>
      <UnitOfMeasurePrice>2.49</UnitOfMeasurePrice>
      <AllowDiscount>0</AllowDiscount>
      <itemStatus>1</itemStatus>
      <LastUpdateDate />
      <LastUpdateTime />
    </Product>
    <Product>
      <PriceUpdateDate>2019/11/26 14:05</PriceUpdateDate>
      <ItemCode>5384295</ItemCode>
      <ItemType>0</ItemType>
      <ItemName>גבינה חצי קשה גאודה</ItemName>
      <ManufactureName>ג.וילי-פוד אינטרנשיונל בעמ</ManufactureName>
      <ManufactureCountry />
      <ManufactureItemDescription />
      <UnitQty>ק"ג</UnitQty>
      <Quantity>1000</Quantity>
      <UnitMeasure>גרם</UnitMeasure>
      <BisWeighted>1</BisWeighted>
      <QtyInPackage>1</QtyInPackage>
      <ItemPrice>29</ItemPrice>
      <UnitOfMeasurePrice>2.90</UnitOfMeasurePrice>
      <AllowDiscount>0</AllowDiscount>
      <itemStatus>1</itemStatus>
      <LastUpdateDate />
      <LastUpdateTime />
    </Product>
    <Product>
      <PriceUpdateDate>2020/05/03 06:41</PriceUpdateDate>
      <ItemCode>5384356</ItemCode>
      <ItemType>0</ItemType>
      <ItemName>גבינה קשה למחצה אמנטל 28% שומן</ItemName>
      <ManufactureName>ג.וילי-פוד אינטרנשיונל בעמ</ManufactureName>
      <ManufactureCountry />
      <ManufactureItemDescription />
      <UnitQty>ק"ג</UnitQty>
      <Quantity>1000</Quantity>
      <UnitMeasure>גרם</UnitMeasure>
      <BisWeighted>1</BisWeighted>
      <QtyInPackage>1</QtyInPackage>
      <ItemPrice>69</ItemPrice>
      <UnitOfMeasurePrice>6.90</UnitOfMeasurePrice>
      <AllowDiscount>0</AllowDiscount>
      <itemStatus>1</itemStatus>
      <LastUpdateDate />
      <LastUpdateTime />
    </Product>
    <Product>
      <PriceUpdateDate>2020/02/05 21:40</PriceUpdateDate>
      <ItemCode>5387227</ItemCode>
      <ItemType>0</ItemType>
      <ItemName>בשר מס 8 שריר חלק מו</ItemName>
      <ManufactureName>לוי שמואל ובניו בעמ</ManufactureName>
      <ManufactureCountry />
      <ManufactureItemDescription />
      <UnitQty>ק"ג</UnitQty>
      <Quantity>1</Quantity>
      <UnitMeasure />
      <BisWeighted>1</BisWeighted>
      <QtyInPackage>1</QtyInPackage>
      <ItemPrice>29.90</ItemPrice>
      <UnitOfMeasurePrice>29.90</UnitOfMeasurePrice>
      <AllowDiscount>0</AllowDiscount>
      <itemStatus>1</itemStatus>
      <LastUpdateDate />
      <LastUpdateTime />
    </Product>
    <Product>
      <PriceUpdateDate>2016/02/01 09:18</PriceUpdateDate>
      <ItemCode>5576058</ItemCode>
      <ItemType>0</ItemType>
      <ItemName>נענע גלאט</ItemName>
      <ManufactureName>רביבים עלי דשא בעמ</ManufactureName>
      <ManufactureCountry />
      <ManufactureItemDescription />
      <UnitQty>יח`</UnitQty>
      <Quantity>1</Quantity>
      <UnitMeasure />
      <BisWeighted>0</BisWeighted>
      <QtyInPackage>1</QtyInPackage>
      <ItemPrice>5.90</ItemPrice>
      <UnitOfMeasurePrice>5.90</UnitOfMeasurePrice>
      <AllowDiscount>0</AllowDiscount>
      <itemStatus>1</itemStatus>
      <LastUpdateDate />
      <LastUpdateTime />
    </Product>
    <Product>
      <PriceUpdateDate>2020/02/02 13:13</PriceUpdateDate>
      <ItemCode>5992247</ItemCode>
      <ItemType>0</ItemType>
      <ItemName>חלומי 24% מעדנייה גד</ItemName>
      <ManufactureName>מחלבות גד שיווק 1992 בעמ</ManufactureName>
      <ManufactureCountry />
      <ManufactureItemDescription />
      <UnitQty>ק"ג</UnitQty>
      <Quantity>1000</Quantity>
      <UnitMeasure>גרם</UnitMeasure>
      <BisWeighted>1</BisWeighted>
      <QtyInPackage>1</QtyInPackage>
      <ItemPrice>95</ItemPrice>
      <UnitOfMeasurePrice>9.50</UnitOfMeasurePrice>
      <AllowDiscount>0</AllowDiscount>
      <itemStatus>1</itemStatus>
      <LastUpdateDate />
      <LastUpdateTime />
    </Product>
    <Product>
      <PriceUpdateDate>2018/04/29 13:11</PriceUpdateDate>
      <ItemCode>5992858</ItemCode>
      <ItemType>0</ItemType>
      <ItemName>פטה עיזים 5%-20% גד מעדניה</ItemName>
      <ManufactureName>מחלבות גד שיווק 1992 בעמ</ManufactureName>
      <ManufactureCountry />
      <ManufactureItemDescription />
      <UnitQty>ק"ג</UnitQty>
      <Quantity>1000</Quantity>
      <UnitMeasure>גרם</UnitMeasure>
      <BisWeighted>1</BisWeighted>
      <QtyInPackage>1</QtyInPackage>
      <ItemPrice>110</ItemPrice>
      <UnitOfMeasurePrice>11</UnitOfMeasurePrice>
      <AllowDiscount>0</AllowDiscount>
      <itemStatus>1</itemStatus>
      <LastUpdateDate />
      <LastUpdateTime />
    </Product>
    <Product>
      <PriceUpdateDate>2016/05/02 11:41</PriceUpdateDate>
      <ItemCode>5992964</ItemCode>
      <ItemType>0</ItemType>
      <ItemName>פטה כבשים מעדניה-גד מהדרין</ItemName>
      <ManufactureName>מחלבות גד שיווק 1992 בעמ</ManufactureName>
      <ManufactureCountry />
      <ManufactureItemDescription />
      <UnitQty>ק"ג</UnitQty>
      <Quantity>1000</Quantity>
      <UnitMeasure>גרם</UnitMeasure>
      <BisWeighted>1</BisWeighted>
      <QtyInPackage>1</QtyInPackage>
      <ItemPrice>100</ItemPrice>
      <UnitOfMeasurePrice>10</UnitOfMeasurePrice>
      <AllowDiscount>0</AllowDiscount>
      <itemStatus>1</itemStatus>
      <LastUpdateDate />
      <LastUpdateTime />
    </Product>
    <Product>
      <PriceUpdateDate>2014/01/08 13:44</PriceUpdateDate>
      <ItemCode>6010032</ItemCode>
      <ItemType>0</ItemType>
      <ItemName>מצוני 5 ליטר יבנה</ItemName>
      <ManufactureName>צ.י תעשיות מזון יבנה בעמ</ManufactureName>
      <ManufactureCountry />
      <ManufactureItemDescription />
      <UnitQty>ק"ג</UnitQty>
      <Quantity>1000</Quantity>
      <UnitMeasure>גרם</UnitMeasure>
      <BisWeighted>1</BisWeighted>
      <QtyInPackage>1</QtyInPackage>
      <ItemPrice>10</ItemPrice>
      <UnitOfMeasurePrice>1</UnitOfMeasurePrice>
      <AllowDiscount>0</AllowDiscount>
      <itemStatus>1</itemStatus>
      <LastUpdateDate />
      <LastUpdateTime />
    </Product>
    <Product>
      <PriceUpdateDate>2019/03/03 14:10</PriceUpdateDate>
      <ItemCode>6030207</ItemCode>
      <ItemType>0</ItemType>
      <ItemName>גבינת שמנת יבנה</ItemName>
      <ManufactureName>צ.י תעשיות מזון יבנה בעמ</ManufactureName>
      <ManufactureCountry />
      <ManufactureItemDescription />
      <UnitQty>ק"ג</UnitQty>
      <Quantity>1000</Quantity>
      <UnitMeasure>גרם</UnitMeasure>
      <BisWeighted>1</BisWeighted>
      <QtyInPackage>1</QtyInPackage>
      <ItemPrice>23</ItemPrice>
      <UnitOfMeasurePrice>2.30</UnitOfMeasurePrice>
      <AllowDiscount>0</AllowDiscount>
      <itemStatus>1</itemStatus>
      <LastUpdateDate />
      <LastUpdateTime />
    </Product>
    <Product>
      <PriceUpdateDate>2014/01/08 13:44</PriceUpdateDate>
      <ItemCode>6040619</ItemCode>
      <ItemType>0</ItemType>
      <ItemName>גבינת טבורוג 5% יבנה</ItemName>
      <ManufactureName>צ.י תעשיות מזון יבנה בעמ</ManufactureName>
      <ManufactureCountry />
      <ManufactureItemDescription />
      <UnitQty>ק"ג</UnitQty>
      <Quantity>1000</Quantity>
      <UnitMeasure>גרם</UnitMeasure>
      <BisWeighted>1</BisWeighted>
      <QtyInPackage>1</QtyInPackage>
      <ItemPrice>22</ItemPrice>
      <UnitOfMeasurePrice>2.20</UnitOfMeasurePrice>
      <AllowDiscount>0</AllowDiscount>
      <itemStatus>1</itemStatus>
      <LastUpdateDate />
      <LastUpdateTime />
    </Product>
    <Product>
      <PriceUpdateDate>2014/01/08 13:44</PriceUpdateDate>
      <ItemCode>6041043</ItemCode>
      <ItemType>0</ItemType>
      <ItemName>גבינת צימוקים יבנה</ItemName>
      <ManufactureName>צ.י תעשיות מזון יבנה בעמ</ManufactureName>
      <ManufactureCountry />
      <ManufactureItemDescription />
      <UnitQty>ק"ג</UnitQty>
      <Quantity>1000</Quantity>
      <UnitMeasure>גרם</UnitMeasure>
      <BisWeighted>1</BisWeighted>
      <QtyInPackage>1</QtyInPackage>
      <ItemPrice>23</ItemPrice>
      <UnitOfMeasurePrice>2.30</UnitOfMeasurePrice>
      <AllowDiscount>0</AllowDiscount>
      <itemStatus>1</itemStatus>
      <LastUpdateDate />
      <LastUpdateTime />
    </Product>
    <Product>
      <PriceUpdateDate>2019/08/04 12:59</PriceUpdateDate>
      <ItemCode>6131058</ItemCode>
      <ItemType>0</ItemType>
      <ItemName>פילה טונה בהירה ALBACARES אלבקור</ItemName>
      <ManufactureName>גול סחר בעמ</ManufactureName>
      <ManufactureCountry />
      <ManufactureItemDescription />
      <UnitQty>ק"ג</UnitQty>
      <Quantity>1</Quantity>
      <UnitMeasure />
      <BisWeighted>1</BisWeighted>
      <QtyInPackage>1</QtyInPackage>
      <ItemPrice>49.90</ItemPrice>
      <UnitOfMeasurePrice>49.90</UnitOfMeasurePrice>
      <AllowDiscount>0</AllowDiscount>
      <itemStatus>1</itemStatus>
      <LastUpdateDate />
      <LastUpdateTime />
    </Product>
    <Product>
      <PriceUpdateDate>2018/07/05 17:08</PriceUpdateDate>
      <ItemCode>6131188</ItemCode>
      <ItemType>0</ItemType>
      <ItemName>פילה סלמון</ItemName>
      <ManufactureName>נ.ת.נ.ג.ב החזקות יעוץ וניהול ב</ManufactureName>
      <ManufactureCountry />
      <ManufactureItemDescription />
      <UnitQty>ק"ג</UnitQty>
      <Quantity>1000</Quantity>
      <UnitMeasure>גרם</UnitMeasure>
      <BisWeighted>1</BisWeighted>
      <QtyInPackage>1</QtyInPackage>
      <ItemPrice>69.90</ItemPrice>
      <UnitOfMeasurePrice>6.99</UnitOfMeasurePrice>
      <AllowDiscount>0</AllowDiscount>
      <itemStatus>1</itemStatus>
      <LastUpdateDate />
      <LastUpdateTime />
    </Product>
    <Product>
      <PriceUpdateDate>2019/12/05 16:12</PriceUpdateDate>
      <ItemCode>6131706</ItemCode>
      <ItemType>0</ItemType>
      <ItemName>פילה אמנון (מושט) קפוא</ItemName>
      <ManufactureName>נטו בשרים</ManufactureName>
      <ManufactureCountry />
      <ManufactureItemDescription />
      <UnitQty>ק"ג</UnitQty>
      <Quantity>1000</Quantity>
      <UnitMeasure>גרם</UnitMeasure>
      <BisWeighted>1</BisWeighted>
      <QtyInPackage>1</QtyInPackage>
      <ItemPrice>29.90</ItemPrice>
      <UnitOfMeasurePrice>2.99</UnitOfMeasurePrice>
      <AllowDiscount>1</AllowDiscount>
      <itemStatus>1</itemStatus>
      <LastUpdateDate />
      <LastUpdateTime />
    </Product>
    <Product>
      <PriceUpdateDate>2019/07/25 08:45</PriceUpdateDate>
      <ItemCode>6131829</ItemCode>
      <ItemType>0</ItemType>
      <ItemName>פילה סלמון מנות מ</ItemName>
      <ManufactureName>נ.ת.נ.ג.ב החזקות יעוץ וניהול ב</ManufactureName>
      <ManufactureCountry />
      <ManufactureItemDescription />
      <UnitQty>ק"ג</UnitQty>
      <Quantity>1000</Quantity>
      <UnitMeasure>גרם</UnitMeasure>
      <BisWeighted>1</BisWeighted>
      <QtyInPackage>1</QtyInPackage>
      <ItemPrice>74.90</ItemPrice>
      <UnitOfMeasurePrice>7.49</UnitOfMeasurePrice>
      <AllowDiscount>0</AllowDiscount>
      <itemStatus>1</itemStatus>
      <LastUpdateDate />
      <LastUpdateTime />
    </Product>
    <Product>
      <PriceUpdateDate>2018/06/05 17:59</PriceUpdateDate>
      <ItemCode>6131935</ItemCode>
      <ItemType>0</ItemType>
      <ItemName>טונה פרוס בוואקום</ItemName>
      <ManufactureName>גול סחר בעמ</ManufactureName>
      <ManufactureCountry />
      <ManufactureItemDescription />
      <UnitQty>ק"ג</UnitQty>
      <Quantity>1000</Quantity>
      <UnitMeasure>גרם</UnitMeasure>
      <BisWeighted>1</BisWeighted>
      <QtyInPackage>1</QtyInPackage>
      <ItemPrice>39.90</ItemPrice>
      <UnitOfMeasurePrice>3.99</UnitOfMeasurePrice>
      <AllowDiscount>0</AllowDiscount>
      <itemStatus>1</itemStatus>
      <LastUpdateDate />
      <LastUpdateTime />
    </Product>
    <Product>
      <PriceUpdateDate>2019/04/07 10:08</PriceUpdateDate>
      <ItemCode>6210197</ItemCode>
      <ItemType>0</ItemType>
      <ItemName>רוגעלך בונז`ור</ItemName>
      <ManufactureName>קבוצת אסם סחר שות. מוגבלת</ManufactureName>
      <ManufactureCountry />
      <ManufactureItemDescription />
      <UnitQty>ק"ג</UnitQty>
      <Quantity>1</Quantity>
      <UnitMeasure />
      <BisWeighted>1</BisWeighted>
      <QtyInPackage>1</QtyInPackage>
      <ItemPrice>26</ItemPrice>
      <UnitOfMeasurePrice>26</UnitOfMeasurePrice>
      <AllowDiscount>0</AllowDiscount>
      <itemStatus>1</itemStatus>
      <LastUpdateDate />
      <LastUpdateTime />
    </Product>
    <Product>
      <PriceUpdateDate>2019/04/07 10:08</PriceUpdateDate>
      <ItemCode>6210203</ItemCode>
      <ItemType>0</ItemType>
      <ItemName>בורקס תפוא בונז`ור</ItemName>
      <ManufactureName>קבוצת אסם סחר שות. מוגבלת</ManufactureName>
      <ManufactureCountry />
      <ManufactureItemDescription />
      <UnitQty>ק"ג</UnitQty>
      <Quantity>1000</Quantity>
      <UnitMeasure>גרם</UnitMeasure>
      <BisWeighted>1</BisWeighted>
      <QtyInPackage>1</QtyInPackage>
      <ItemPrice>26</ItemPrice>
      <UnitOfMeasurePrice>2.60</UnitOfMeasurePrice>
      <AllowDiscount>0</AllowDiscount>
      <itemStatus>1</itemStatus>
      <LastUpdateDate />
      <LastUpdateTime />
    </Product>
    <Product>
      <PriceUpdateDate>2013/12/31 12:18</PriceUpdateDate>
      <ItemCode>6210210</ItemCode>
      <ItemType>0</ItemType>
      <ItemName>בורקיטס בונז`ור</ItemName>
      <ManufactureName>קבוצת אסם סחר שות. מוגבלת</ManufactureName>
      <ManufactureCountry />
      <ManufactureItemDescription />
      <UnitQty>ק"ג</UnitQty>
      <Quantity>0</Quantity>
      <UnitMeasure>גרם</UnitMeasure>
      <BisWeighted>1</BisWeighted>
      <QtyInPackage>1</QtyInPackage>
      <ItemPrice>37</ItemPrice>
      <UnitOfMeasurePrice>37</UnitOfMeasurePrice>
      <AllowDiscount>0</AllowDiscount>
      <itemStatus>1</itemStatus>
      <LastUpdateDate />
      <LastUpdateTime />
    </Product>
    <Product>
      <PriceUpdateDate>2019/04/07 10:08</PriceUpdateDate>
      <ItemCode>6210258</ItemCode>
      <ItemType>0</ItemType>
      <ItemName>תפוחיות שמרים בונז`ור</ItemName>
      <ManufactureName>קבוצת אסם סחר שות. מוגבלת</ManufactureName>
      <ManufactureCountry />
      <ManufactureItemDescription />
      <UnitQty>ק"ג</UnitQty>
      <Quantity>1</Quantity>
      <UnitMeasure />
      <BisWeighted>1</BisWeighted>
      <QtyInPackage>1</QtyInPackage>
      <ItemPrice>39</ItemPrice>
      <UnitOfMeasurePrice>39</UnitOfMeasurePrice>
      <AllowDiscount>0</AllowDiscount>
      <itemStatus>1</itemStatus>
      <LastUpdateDate />
      <LastUpdateTime />
    </Product>
    <Product>
      <PriceUpdateDate>2019/04/07 10:08</PriceUpdateDate>
      <ItemCode>6210289</ItemCode>
      <ItemType>0</ItemType>
      <ItemName>שנק קינמון בונז`ור</ItemName>
      <ManufactureName>קבוצת אסם סחר שות. מוגבלת</ManufactureName>
      <ManufactureCountry />
      <ManufactureItemDescription />
      <UnitQty>ק"ג</UnitQty>
      <Quantity>0</Quantity>
      <UnitMeasure>גרם</UnitMeasure>
      <BisWeighted>1</BisWeighted>
      <QtyInPackage>1</QtyInPackage>
      <ItemPrice>39</ItemPrice>
      <UnitOfMeasurePrice>39</UnitOfMeasurePrice>
      <AllowDiscount>0</AllowDiscount>
      <itemStatus>1</itemStatus>
      <LastUpdateDate />
      <LastUpdateTime />
    </Product>
    <Product>
      <PriceUpdateDate>2019/04/07 10:08</PriceUpdateDate>
      <ItemCode>6210319</ItemCode>
      <ItemType>0</ItemType>
      <ItemName>קרוואוסן חמאה חלבי ביס בונז`ור</ItemName>
      <ManufactureName>קבוצת אסם סחר שות. מוגבלת</ManufactureName>
      <ManufactureCountry />
      <ManufactureItemDescription />
      <UnitQty>ק"ג</UnitQty>
      <Quantity>1</Quantity>
      <UnitMeasure />
      <BisWeighted>1</BisWeighted>
      <QtyInPackage>1</QtyInPackage>
      <ItemPrice>38</ItemPrice>
      <UnitOfMeasurePrice>38</UnitOfMeasurePrice>
      <AllowDiscount>0</AllowDiscount>
      <itemStatus>1</itemStatus>
      <LastUpdateDate />
      <LastUpdateTime />
    </Product>
    <Product>
      <PriceUpdateDate>2019/04/07 10:08</PriceUpdateDate>
      <ItemCode>6210340</ItemCode>
      <ItemType>0</ItemType>
      <ItemName>ביס שוקולד בונז`ור</ItemName>
      <ManufactureName>קבוצת אסם סחר שות. מוגבלת</ManufactureName>
      <ManufactureCountry />
      <ManufactureItemDescription />
      <UnitQty>ק"ג</UnitQty>
      <Quantity>1000</Quantity>
      <UnitMeasure>גרם</UnitMeasure>
      <BisWeighted>1</BisWeighted>
      <QtyInPackage>1</QtyInPackage>
      <ItemPrice>26</ItemPrice>
      <UnitOfMeasurePrice>2.60</UnitOfMeasurePrice>
      <AllowDiscount>0</AllowDiscount>
      <itemStatus>1</itemStatus>
      <LastUpdateDate />
      <LastUpdateTime />
    </Product>
    <Product>
      <PriceUpdateDate>2019/04/07 10:08</PriceUpdateDate>
      <ItemCode>6210357</ItemCode>
      <ItemType>0</ItemType>
      <ItemName>שנק פיצה בונז`ור</ItemName>
      <ManufactureName>קבוצת אסם סחר שות. מוגבלת</ManufactureName>
      <ManufactureCountry />
      <ManufactureItemDescription />
      <UnitQty>ק"ג</UnitQty>
      <Quantity>0</Quantity>
      <UnitMeasure>גרם</UnitMeasure>
      <BisWeighted>1</BisWeighted>
      <QtyInPackage>1</QtyInPackage>
      <ItemPrice>38</ItemPrice>
      <UnitOfMeasurePrice>38</UnitOfMeasurePrice>
      <AllowDiscount>0</AllowDiscount>
      <itemStatus>1</itemStatus>
      <LastUpdateDate />
      <LastUpdateTime />
    </Product>
    <Product>
      <PriceUpdateDate>2019/04/07 10:08</PriceUpdateDate>
      <ItemCode>6210456</ItemCode>
      <ItemType>0</ItemType>
      <ItemName>פילס פטריות בנוז`ור</ItemName>
      <ManufactureName>קבוצת אסם סחר שות. מוגבלת</ManufactureName>
      <ManufactureCountry />
      <ManufactureItemDescription />
      <UnitQty>ק"ג</UnitQty>
      <Quantity>0</Quantity>
      <UnitMeasure>גרם</UnitMeasure>
      <BisWeighted>1</BisWeighted>
      <QtyInPackage>1</QtyInPackage>
      <ItemPrice>39</ItemPrice>
      <UnitOfMeasurePrice>39</UnitOfMeasurePrice>
      <AllowDiscount>0</AllowDiscount>
      <itemStatus>1</itemStatus>
      <LastUpdateDate />
      <LastUpdateTime />
    </Product>
    <Product>
      <PriceUpdateDate>2019/07/28 10:58</PriceUpdateDate>
      <ItemCode>6210661</ItemCode>
      <ItemType>0</ItemType>
      <ItemName>באגט בונז`ור</ItemName>
      <ManufactureName>קבוצת אסם סחר שות. מוגבלת</ManufactureName>
      <ManufactureCountry />
      <ManufactureItemDescription />
      <UnitQty>יח`</UnitQty>
      <Quantity>1</Quantity>
      <UnitMeasure />
      <BisWeighted>0</BisWeighted>
      <QtyInPackage>1</QtyInPackage>
      <ItemPrice>4.90</ItemPrice>
      <UnitOfMeasurePrice>4.90</UnitOfMeasurePrice>
      <AllowDiscount>1</AllowDiscount>
      <itemStatus>1</itemStatus>
      <LastUpdateDate />
      <LastUpdateTime />
    </Product>
    <Product>
      <PriceUpdateDate>2015/12/01 14:03</PriceUpdateDate>
      <ItemCode>6210876</ItemCode>
      <ItemType>0</ItemType>
      <ItemName>לחמניות אצבע בונז`ור</ItemName>
      <ManufactureName>קבוצת אסם סחר שות. מוגבלת</ManufactureName>
      <ManufactureCountry />
      <ManufactureItemDescription />
      <UnitQty>יח`</UnitQty>
      <Quantity>1</Quantity>
      <UnitMeasure />
      <BisWeighted>0</BisWeighted>
      <QtyInPackage>1</QtyInPackage>
      <ItemPrice>2.90</ItemPrice>
      <UnitOfMeasurePrice>2.90</UnitOfMeasurePrice>
      <AllowDiscount>0</AllowDiscount>
      <itemStatus>1</itemStatus>
      <LastUpdateDate />
      <LastUpdateTime />
    </Product>
    <Product>
      <PriceUpdateDate>2019/12/15 12:35</PriceUpdateDate>
      <ItemCode>6464811</ItemCode>
      <ItemType>0</ItemType>
      <ItemName>בשר מס` 6 פילה מדומה</ItemName>
      <ManufactureName>אדום גרופ למזון שיווק והפצה בע</ManufactureName>
      <ManufactureCountry />
      <ManufactureItemDescription />
      <UnitQty>ק"ג</UnitQty>
      <Quantity>1000</Quantity>
      <UnitMeasure>גרם</UnitMeasure>
      <BisWeighted>1</BisWeighted>
      <QtyInPackage>1</QtyInPackage>
      <ItemPrice>34.90</ItemPrice>
      <UnitOfMeasurePrice>3.49</UnitOfMeasurePrice>
      <AllowDiscount>0</AllowDiscount>
      <itemStatus>1</itemStatus>
      <LastUpdateDate />
      <LastUpdateTime />
    </Product>
    <Product>
      <PriceUpdateDate>2020/03/01 15:03</PriceUpdateDate>
      <ItemCode>6464828</ItemCode>
      <ItemType>0</ItemType>
      <ItemName>בשר  מס`8 שריר</ItemName>
      <ManufactureName>בלדי בעמ</ManufactureName>
      <ManufactureCountry />
      <ManufactureItemDescription />
      <UnitQty>ק"ג</UnitQty>
      <Quantity>1000</Quantity>
      <UnitMeasure>גרם</UnitMeasure>
      <BisWeighted>1</BisWeighted>
      <QtyInPackage>1</QtyInPackage>
      <ItemPrice>29.90</ItemPrice>
      <UnitOfMeasurePrice>2.99</UnitOfMeasurePrice>
      <AllowDiscount>0</AllowDiscount>
      <itemStatus>1</itemStatus>
      <LastUpdateDate />
      <LastUpdateTime />
    </Product>
    <Product>
      <PriceUpdateDate>2020/05/01 06:22</PriceUpdateDate>
      <ItemCode>6511010</ItemCode>
      <ItemType>0</ItemType>
      <ItemName>פרמז`נו במשקל</ItemName>
      <ManufactureName>ג.וילי-פוד אינטרנשיונל בעמ</ManufactureName>
      <ManufactureCountry />
      <ManufactureItemDescription />
      <UnitQty>ק"ג</UnitQty>
      <Quantity>1000</Quantity>
      <UnitMeasure>גרם</UnitMeasure>
      <BisWeighted>1</BisWeighted>
      <QtyInPackage>1</QtyInPackage>
      <ItemPrice>95</ItemPrice>
      <UnitOfMeasurePrice>9.50</UnitOfMeasurePrice>
      <AllowDiscount>0</AllowDiscount>
      <itemStatus>1</itemStatus>
      <LastUpdateDate />
      <LastUpdateTime />
    </Product>
    <Product>
      <PriceUpdateDate>2019/08/01 11:14</PriceUpdateDate>
      <ItemCode>6707031</ItemCode>
      <ItemType>0</ItemType>
      <ItemName>עוף קפוא</ItemName>
      <ManufactureName>עוף עוז שיווק בעמ</ManufactureName>
      <ManufactureCountry />
      <ManufactureItemDescription />
      <UnitQty>ק"ג</UnitQty>
      <Quantity>1000</Quantity>
      <UnitMeasure>גרם</UnitMeasure>
      <BisWeighted>1</BisWeighted>
      <QtyInPackage>1</QtyInPackage>
      <ItemPrice>17.90</ItemPrice>
      <UnitOfMeasurePrice>1.79</UnitOfMeasurePrice>
      <AllowDiscount>0</AllowDiscount>
      <itemStatus>1</itemStatus>
      <LastUpdateDate />
      <LastUpdateTime />
    </Product>
    <Product>
      <PriceUpdateDate>2020/03/17 07:32</PriceUpdateDate>
      <ItemCode>6707079</ItemCode>
      <ItemType>0</ItemType>
      <ItemName>כרעיים עוף קפוא</ItemName>
      <ManufactureName>עוף עוז שיווק בעמ</ManufactureName>
      <ManufactureCountry />
      <ManufactureItemDescription />
      <UnitQty>ק"ג</UnitQty>
      <Quantity>1000</Quantity>
      <UnitMeasure>גרם</UnitMeasure>
      <BisWeighted>1</BisWeighted>
      <QtyInPackage>1</QtyInPackage>
      <ItemPrice>22.90</ItemPrice>
      <UnitOfMeasurePrice>2.29</UnitOfMeasurePrice>
      <AllowDiscount>0</AllowDiscount>
      <itemStatus>1</itemStatus>
      <LastUpdateDate />
      <LastUpdateTime />
    </Product>
    <Product>
      <PriceUpdateDate>2020/04/17 06:14</PriceUpdateDate>
      <ItemCode>6707086</ItemCode>
      <ItemType>0</ItemType>
      <ItemName>ירכיים עוף קפוא מוב</ItemName>
      <ManufactureName>קורניש חן (1987) בעמ</ManufactureName>
      <ManufactureCountry />
      <ManufactureItemDescription />
      <UnitQty>ק"ג</UnitQty>
      <Quantity>1</Quantity>
      <UnitMeasure>ק"ג</UnitMeasure>
      <BisWeighted>1</BisWeighted>
      <QtyInPackage>1</QtyInPackage>
      <ItemPrice>22.90</ItemPrice>
      <UnitOfMeasurePrice>22.90</UnitOfMeasurePrice>
      <AllowDiscount>0</AllowDiscount>
      <itemStatus>1</itemStatus>
      <LastUpdateDate />
      <LastUpdateTime />
    </Product>
    <Product>
      <PriceUpdateDate>2020/03/17 07:32</PriceUpdateDate>
      <ItemCode>6707093</ItemCode>
      <ItemType>0</ItemType>
      <ItemName>שוקיים עוף קפוא</ItemName>
      <ManufactureName>קורניש חן (1987) בעמ</ManufactureName>
      <ManufactureCountry />
      <ManufactureItemDescription />
      <UnitQty>ק"ג</UnitQty>
      <Quantity>1000</Quantity>
      <UnitMeasure>גרם</UnitMeasure>
      <BisWeighted>1</BisWeighted>
      <QtyInPackage>1</QtyInPackage>
      <ItemPrice>24.90</ItemPrice>
      <UnitOfMeasurePrice>2.49</UnitOfMeasurePrice>
      <AllowDiscount>0</AllowDiscount>
      <itemStatus>1</itemStatus>
      <LastUpdateDate />
      <LastUpdateTime />
    </Product>
    <Product>
      <PriceUpdateDate>2014/06/02 15:08</PriceUpdateDate>
      <ItemCode>6739247</ItemCode>
      <ItemType>0</ItemType>
      <ItemName>פסט. איטלקית זוגלובק</ItemName>
      <ManufactureName>זוגלובק שיווק בעמ</ManufactureName>
      <ManufactureCountry />
      <ManufactureItemDescription />
      <UnitQty>ק"ג</UnitQty>
      <Quantity>1000</Quantity>
      <UnitMeasure>גרם</UnitMeasure>
      <BisWeighted>1</BisWeighted>
      <QtyInPackage>1</QtyInPackage>
      <ItemPrice>79</ItemPrice>
      <UnitOfMeasurePrice>7.90</UnitOfMeasurePrice>
      <AllowDiscount>1</AllowDiscount>
      <itemStatus>1</itemStatus>
      <LastUpdateDate />
      <LastUpdateTime />
    </Product>
    <Product>
      <PriceUpdateDate>2020/03/09 07:25</PriceUpdateDate>
      <ItemCode>7290006739544</ItemCode>
      <ItemType>1</ItemType>
      <ItemName>כתף בקר 3% שומן זוגלובק (300 גרם)</ItemName>
      <ManufactureName>זוגלובק שיווק בעמ</ManufactureName>
      <ManufactureCountry />
      <ManufactureItemDescription />
      <UnitQty>יח`</UnitQty>
      <Quantity>300</Quantity>
      <UnitMeasure>גרם</UnitMeasure>
      <BisWeighted>0</BisWeighted>
      <QtyInPackage>1</QtyInPackage>
      <ItemPrice>28.90</ItemPrice>
      <UnitOfMeasurePrice>9.63</UnitOfMeasurePrice>
      <AllowDiscount>1</AllowDiscount>
      <itemStatus>1</itemStatus>
      <LastUpdateDate />
      <LastUpdateTime />
    </Product>
    <Product>
      <PriceUpdateDate>2018/01/18 10:17</PriceUpdateDate>
      <ItemCode>6739810</ItemCode>
      <ItemType>0</ItemType>
      <ItemName>לשון בקר מוביל חלק</ItemName>
      <ManufactureName>אדום גרופ למזון שיווק והפצה בע</ManufactureName>
      <ManufactureCountry />
      <ManufactureItemDescription />
      <UnitQty>ק"ג</UnitQty>
      <Quantity>1000</Quantity>
      <UnitMeasure>גרם</UnitMeasure>
      <BisWeighted>1</BisWeighted>
      <QtyInPackage>1</QtyInPackage>
      <ItemPrice>39.90</ItemPrice>
      <UnitOfMeasurePrice>3.99</UnitOfMeasurePrice>
      <AllowDiscount>0</AllowDiscount>
      <itemStatus>1</itemStatus>
      <LastUpdateDate />
      <LastUpdateTime />
    </Product>
    <Product>
      <PriceUpdateDate>2016/09/25 08:07</PriceUpdateDate>
      <ItemCode>6748072</ItemCode>
      <ItemType>0</ItemType>
      <ItemName>פרחים זר צבעוני</ItemName>
      <ManufactureName>פרחי ליידי דיאן בעמ</ManufactureName>
      <ManufactureCountry />
      <ManufactureItemDescription />
      <UnitQty>יח`</UnitQty>
      <Quantity>1</Quantity>
      <UnitMeasure />
      <BisWeighted>0</BisWeighted>
      <QtyInPackage>1</QtyInPackage>
      <ItemPrice>35</ItemPrice>
      <UnitOfMeasurePrice>35</UnitOfMeasurePrice>
      <AllowDiscount>0</AllowDiscount>
      <itemStatus>1</itemStatus>
      <LastUpdateDate />
      <LastUpdateTime />
    </Product>
    <Product>
      <PriceUpdateDate>2016/09/25 08:07</PriceUpdateDate>
      <ItemCode>6748133</ItemCode>
      <ItemType>0</ItemType>
      <ItemName>פרחים זר רגיל</ItemName>
      <ManufactureName>פרחי ליידי דיאן בעמ</ManufactureName>
      <ManufactureCountry />
      <ManufactureItemDescription />
      <UnitQty>יח`</UnitQty>
      <Quantity>1</Quantity>
      <UnitMeasure />
      <BisWeighted>0</BisWeighted>
      <QtyInPackage>1</QtyInPackage>
      <ItemPrice>25</ItemPrice>
      <UnitOfMeasurePrice>25</UnitOfMeasurePrice>
      <AllowDiscount>0</AllowDiscount>
      <itemStatus>1</itemStatus>
      <LastUpdateDate />
      <LastUpdateTime />
    </Product>
    <Product>
      <PriceUpdateDate>2016/09/25 08:07</PriceUpdateDate>
      <ItemCode>6748157</ItemCode>
      <ItemType>0</ItemType>
      <ItemName>פרחים זר 30</ItemName>
      <ManufactureName>פרחי ליידי דיאן בעמ</ManufactureName>
      <ManufactureCountry />
      <ManufactureItemDescription />
      <UnitQty>יח`</UnitQty>
      <Quantity>1</Quantity>
      <UnitMeasure />
      <BisWeighted>0</BisWeighted>
      <QtyInPackage>1</QtyInPackage>
      <ItemPrice>30</ItemPrice>
      <UnitOfMeasurePrice>30</UnitOfMeasurePrice>
      <AllowDiscount>0</AllowDiscount>
      <itemStatus>1</itemStatus>
      <LastUpdateDate />
      <LastUpdateTime />
    </Product>
    <Product>
      <PriceUpdateDate>2014/01/08 13:44</PriceUpdateDate>
      <ItemCode>6920096</ItemCode>
      <ItemType>0</ItemType>
      <ItemName>מוצרלה מגורדת מ.</ItemName>
      <ManufactureName>צ.י תעשיות מזון יבנה בעמ</ManufactureName>
      <ManufactureCountry />
      <ManufactureItemDescription />
      <UnitQty>ק"ג</UnitQty>
      <Quantity>1000</Quantity>
      <UnitMeasure>גרם</UnitMeasure>
      <BisWeighted>1</BisWeighted>
      <QtyInPackage>1</QtyInPackage>
      <ItemPrice>45</ItemPrice>
      <UnitOfMeasurePrice>4.50</UnitOfMeasurePrice>
      <AllowDiscount>0</AllowDiscount>
      <itemStatus>1</itemStatus>
      <LastUpdateDate />
      <LastUpdateTime />
    </Product>
    <Product>
      <PriceUpdateDate>2019/09/01 13:52</PriceUpdateDate>
      <ItemCode>8175906</ItemCode>
      <ItemType>0</ItemType>
      <ItemName>גאודה מחלב עיזים חצי קשה 32%</ItemName>
      <ManufactureName>ג.וילי-פוד אינטרנשיונל בעמ</ManufactureName>
      <ManufactureCountry />
      <ManufactureItemDescription />
      <UnitQty>ק"ג</UnitQty>
      <Quantity>1000</Quantity>
      <UnitMeasure>גרם</UnitMeasure>
      <BisWeighted>1</BisWeighted>
      <QtyInPackage>1</QtyInPackage>
      <ItemPrice>119</ItemPrice>
      <UnitOfMeasurePrice>11.90</UnitOfMeasurePrice>
      <AllowDiscount>0</AllowDiscount>
      <itemStatus>1</itemStatus>
      <LastUpdateDate />
      <LastUpdateTime />
    </Product>
    <Product>
      <PriceUpdateDate>2020/02/02 13:13</PriceUpdateDate>
      <ItemCode>8211147</ItemCode>
      <ItemType>0</ItemType>
      <ItemName>גבינת גאודה חצי קשה</ItemName>
      <ManufactureName>נטו מלינדה סחר בעמ</ManufactureName>
      <ManufactureCountry />
      <ManufactureItemDescription />
      <UnitQty>ק"ג</UnitQty>
      <Quantity>1000</Quantity>
      <UnitMeasure>גרם</UnitMeasure>
      <BisWeighted>1</BisWeighted>
      <QtyInPackage>1</QtyInPackage>
      <ItemPrice>115</ItemPrice>
      <UnitOfMeasurePrice>11.50</UnitOfMeasurePrice>
      <AllowDiscount>0</AllowDiscount>
      <itemStatus>1</itemStatus>
      <LastUpdateDate />
      <LastUpdateTime />
    </Product>
    <Product>
      <PriceUpdateDate>2018/09/04 17:17</PriceUpdateDate>
      <ItemCode>8298018</ItemCode>
      <ItemType>0</ItemType>
      <ItemName>רגל עגל פרוס קפוא</ItemName>
      <ManufactureName>לוגסי מ.ס. מוצרי בשר בעמ</ManufactureName>
      <ManufactureCountry />
      <ManufactureItemDescription />
      <UnitQty>ק"ג</UnitQty>
      <Quantity>0</Quantity>
      <UnitMeasure>גרם</UnitMeasure>
      <BisWeighted>1</BisWeighted>
      <QtyInPackage>1</QtyInPackage>
      <ItemPrice>33.90</ItemPrice>
      <UnitOfMeasurePrice>33.90</UnitOfMeasurePrice>
      <AllowDiscount>0</AllowDiscount>
      <itemStatus>1</itemStatus>
      <LastUpdateDate />
      <LastUpdateTime />
    </Product>
    <Product>
      <PriceUpdateDate>2018/09/04 17:17</PriceUpdateDate>
      <ItemCode>8298223</ItemCode>
      <ItemType>0</ItemType>
      <ItemName>קציצות הבית לא חריפות</ItemName>
      <ManufactureName>לוגסי מ.ס. מוצרי בשר בעמ</ManufactureName>
      <ManufactureCountry />
      <ManufactureItemDescription />
      <UnitQty>ק"ג</UnitQty>
      <Quantity>0</Quantity>
      <UnitMeasure>ק"ג</UnitMeasure>
      <BisWeighted>1</BisWeighted>
      <QtyInPackage>1</QtyInPackage>
      <ItemPrice>49.90</ItemPrice>
      <UnitOfMeasurePrice>49.90</UnitOfMeasurePrice>
      <AllowDiscount>0</AllowDiscount>
      <itemStatus>1</itemStatus>
      <LastUpdateDate />
      <LastUpdateTime />
    </Product>
    <Product>
      <PriceUpdateDate>2019/03/26 08:21</PriceUpdateDate>
      <ItemCode>8298278</ItemCode>
      <ItemType>0</ItemType>
      <ItemName>נקניקיות מרגז חלק</ItemName>
      <ManufactureName>לוגסי מ.ס. מוצרי בשר בעמ</ManufactureName>
      <ManufactureCountry />
      <ManufactureItemDescription />
      <UnitQty>ק"ג</UnitQty>
      <Quantity>0</Quantity>
      <UnitMeasure>ק"ג</UnitMeasure>
      <BisWeighted>1</BisWeighted>
      <QtyInPackage>1</QtyInPackage>
      <ItemPrice>49.90</ItemPrice>
      <UnitOfMeasurePrice>49.90</UnitOfMeasurePrice>
      <AllowDiscount>0</AllowDiscount>
      <itemStatus>1</itemStatus>
      <LastUpdateDate />
      <LastUpdateTime />
    </Product>
    <Product>
      <PriceUpdateDate>2019/12/15 12:35</PriceUpdateDate>
      <ItemCode>8298346</ItemCode>
      <ItemType>0</ItemType>
      <ItemName>טחול ממולא קפוא מוביל</ItemName>
      <ManufactureName>ציון שמכה ובניו בעמ</ManufactureName>
      <ManufactureCountry />
      <ManufactureItemDescription />
      <UnitQty>ק"ג</UnitQty>
      <Quantity>0</Quantity>
      <UnitMeasure>ק"ג</UnitMeasure>
      <BisWeighted>1</BisWeighted>
      <QtyInPackage>1</QtyInPackage>
      <ItemPrice>69.90</ItemPrice>
      <UnitOfMeasurePrice>69.90</UnitOfMeasurePrice>
      <AllowDiscount>0</AllowDiscount>
      <itemStatus>1</itemStatus>
      <LastUpdateDate />
      <LastUpdateTime />
    </Product>
    <Product>
      <PriceUpdateDate>2018/09/04 17:17</PriceUpdateDate>
      <ItemCode>8298483</ItemCode>
      <ItemType>0</ItemType>
      <ItemName>נקניקיות מרגז</ItemName>
      <ManufactureName>לוגסי מ.ס. מוצרי בשר בעמ</ManufactureName>
      <ManufactureCountry />
      <ManufactureItemDescription />
      <UnitQty>ק"ג</UnitQty>
      <Quantity>0</Quantity>
      <UnitMeasure>ק"ג</UnitMeasure>
      <BisWeighted>1</BisWeighted>
      <QtyInPackage>1</QtyInPackage>
      <ItemPrice>49.90</ItemPrice>
      <UnitOfMeasurePrice>49.90</UnitOfMeasurePrice>
      <AllowDiscount>0</AllowDiscount>
      <itemStatus>1</itemStatus>
      <LastUpdateDate />
      <LastUpdateTime />
    </Product>
    <Product>
      <PriceUpdateDate>2019/05/02 16:36</PriceUpdateDate>
      <ItemCode>8298506</ItemCode>
      <ItemType>0</ItemType>
      <ItemName>סטייק אנטריקוט דרום אמריקאי</ItemName>
      <ManufactureName>לוגסי מ.ס. מוצרי בשר בעמ</ManufactureName>
      <ManufactureCountry />
      <ManufactureItemDescription />
      <UnitQty>ק"ג</UnitQty>
      <Quantity>0</Quantity>
      <UnitMeasure>ק"ג</UnitMeasure>
      <BisWeighted>1</BisWeighted>
      <QtyInPackage>1</QtyInPackage>
      <ItemPrice>99</ItemPrice>
      <UnitOfMeasurePrice>99</UnitOfMeasurePrice>
      <AllowDiscount>0</AllowDiscount>
      <itemStatus>1</itemStatus>
      <LastUpdateDate />
      <LastUpdateTime />
    </Product>
    <Product>
      <PriceUpdateDate>2018/09/04 17:17</PriceUpdateDate>
      <ItemCode>8298858</ItemCode>
      <ItemType>0</ItemType>
      <ItemName>נקניקיות כבד קפוא 1 קג</ItemName>
      <ManufactureName>לוגסי מ.ס. מוצרי בשר בעמ</ManufactureName>
      <ManufactureCountry />
      <ManufactureItemDescription />
      <UnitQty>ק"ג</UnitQty>
      <Quantity>1</Quantity>
      <UnitMeasure />
      <BisWeighted>1</BisWeighted>
      <QtyInPackage>1</QtyInPackage>
      <ItemPrice>49.90</ItemPrice>
      <UnitOfMeasurePrice>49.90</UnitOfMeasurePrice>
      <AllowDiscount>0</AllowDiscount>
      <itemStatus>1</itemStatus>
      <LastUpdateDate />
      <LastUpdateTime />
    </Product>
    <Product>
      <PriceUpdateDate>2020/05/01 06:22</PriceUpdateDate>
      <ItemCode>8347730</ItemCode>
      <ItemType>0</ItemType>
      <ItemName>סלמון הילטון מצונן מעדניה</ItemName>
      <ManufactureName>נטו מלינדה סחר בעמ</ManufactureName>
      <ManufactureCountry />
      <ManufactureItemDescription />
      <UnitQty>ק"ג</UnitQty>
      <Quantity>0</Quantity>
      <UnitMeasure>גרם</UnitMeasure>
      <BisWeighted>1</BisWeighted>
      <QtyInPackage>1</QtyInPackage>
      <ItemPrice>179</ItemPrice>
      <UnitOfMeasurePrice>179</UnitOfMeasurePrice>
      <AllowDiscount>0</AllowDiscount>
      <itemStatus>1</itemStatus>
      <LastUpdateDate />
      <LastUpdateTime />
    </Product>
    <Product>
      <PriceUpdateDate>2020/03/15 11:51</PriceUpdateDate>
      <ItemCode>8577267</ItemCode>
      <ItemType>0</ItemType>
      <ItemName>עוף טרי שלם ארוז</ItemName>
      <ManufactureName>עוף עוז שיווק בעמ</ManufactureName>
      <ManufactureCountry />
      <ManufactureItemDescription />
      <UnitQty>ק"ג</UnitQty>
      <Quantity>1</Quantity>
      <UnitMeasure>ק"ג</UnitMeasure>
      <BisWeighted>1</BisWeighted>
      <QtyInPackage>1</QtyInPackage>
      <ItemPrice>21.90</ItemPrice>
      <UnitOfMeasurePrice>21.90</UnitOfMeasurePrice>
      <AllowDiscount>1</AllowDiscount>
      <itemStatus>1</itemStatus>
      <LastUpdateDate />
      <LastUpdateTime />
    </Product>
    <Product>
      <PriceUpdateDate>2016/09/22 07:30</PriceUpdateDate>
      <ItemCode>8926577</ItemCode>
      <ItemType>0</ItemType>
      <ItemName>כבד עוף ללא אנטיביוטיקה</ItemName>
      <ManufactureName>שיווק מילועוף אנטגרצית פטם אגש</ManufactureName>
      <ManufactureCountry />
      <ManufactureItemDescription />
      <UnitQty>ק"ג</UnitQty>
      <Quantity>1</Quantity>
      <UnitMeasure />
      <BisWeighted>1</BisWeighted>
      <QtyInPackage>1</QtyInPackage>
      <ItemPrice>29.90</ItemPrice>
      <UnitOfMeasurePrice>29.90</UnitOfMeasurePrice>
      <AllowDiscount>0</AllowDiscount>
      <itemStatus>1</itemStatus>
      <LastUpdateDate />
      <LastUpdateTime />
    </Product>
    <Product>
      <PriceUpdateDate>2019/12/24 13:12</PriceUpdateDate>
      <ItemCode>12566486</ItemCode>
      <ItemType>0</ItemType>
      <ItemName>בשר מס 3 חזה אנש הרב יורקוביץ</ItemName>
      <ManufactureName>בלדי בעמ</ManufactureName>
      <ManufactureCountry />
      <ManufactureItemDescription />
      <UnitQty>ק"ג</UnitQty>
      <Quantity>1</Quantity>
      <UnitMeasure />
      <BisWeighted>1</BisWeighted>
      <QtyInPackage>1</QtyInPackage>
      <ItemPrice>29.90</ItemPrice>
      <UnitOfMeasurePrice>29.90</UnitOfMeasurePrice>
      <AllowDiscount>0</AllowDiscount>
      <itemStatus>1</itemStatus>
      <LastUpdateDate />
      <LastUpdateTime />
    </Product>
    <Product>
      <PriceUpdateDate>2015/12/14 13:16</PriceUpdateDate>
      <ItemCode>32147230</ItemCode>
      <ItemType>0</ItemType>
      <ItemName>מיץ לימון 200 מל</ItemName>
      <ManufactureName>דנשר (1963) בעמ</ManufactureName>
      <ManufactureCountry />
      <ManufactureItemDescription />
      <UnitQty>יח`</UnitQty>
      <Quantity>200</Quantity>
      <UnitMeasure>מ"ל</UnitMeasure>
      <BisWeighted>0</BisWeighted>
      <QtyInPackage>1</QtyInPackage>
      <ItemPrice>8.90</ItemPrice>
      <UnitOfMeasurePrice>4.45</UnitOfMeasurePrice>
      <AllowDiscount>0</AllowDiscount>
      <itemStatus>1</itemStatus>
      <LastUpdateDate />
      <LastUpdateTime />
    </Product>
    <Product>
      <PriceUpdateDate>2019/12/24 13:10</PriceUpdateDate>
      <ItemCode>40084107</ItemCode>
      <ItemType>0</ItemType>
      <ItemName>קינדר ביצת הפתעה</ItemName>
      <ManufactureName>פרימיום-חברה לדברי מתיקה ולמסח</ManufactureName>
      <ManufactureCountry />
      <ManufactureItemDescription />
      <UnitQty>יח`</UnitQty>
      <Quantity>1</Quantity>
      <UnitMeasure />
      <BisWeighted>0</BisWeighted>
      <QtyInPackage>1</QtyInPackage>
      <ItemPrice>4.90</ItemPrice>
      <UnitOfMeasurePrice>4.90</UnitOfMeasurePrice>
      <AllowDiscount>0</AllowDiscount>
      <itemStatus>1</itemStatus>
      <LastUpdateDate />
      <LastUpdateTime />
    </Product>
    <Product>
      <PriceUpdateDate>2013/12/31 12:18</PriceUpdateDate>
      <ItemCode>40099132</ItemCode>
      <ItemType>0</ItemType>
      <ItemName>מסטיק בטעם תות הובה בובה (35 גרם)</ItemName>
      <ManufactureName>מרס ריגלי ישראל בעמ</ManufactureName>
      <ManufactureCountry />
      <ManufactureItemDescription />
      <UnitQty>יח`</UnitQty>
      <Quantity>35</Quantity>
      <UnitMeasure>גרם</UnitMeasure>
      <BisWeighted>0</BisWeighted>
      <QtyInPackage>1</QtyInPackage>
      <ItemPrice>3</ItemPrice>
      <UnitOfMeasurePrice>8.57</UnitOfMeasurePrice>
      <AllowDiscount>0</AllowDiscount>
      <itemStatus>1</itemStatus>
      <LastUpdateDate />
      <LastUpdateTime />
    </Product>
    <Product>
      <PriceUpdateDate>2016/02/29 20:14</PriceUpdateDate>
      <ItemCode>40111216</ItemCode>
      <ItemType>0</ItemType>
      <ItemName>באונטי חטיף שוקולד קוקוס 57 גרם</ItemName>
      <ManufactureName>מרס ריגלי ישראל בעמ</ManufactureName>
      <ManufactureCountry />
      <ManufactureItemDescription />
      <UnitQty>יח`</UnitQty>
      <Quantity>57</Quantity>
      <UnitMeasure>גרם</UnitMeasure>
      <BisWeighted>0</BisWeighted>
      <QtyInPackage>1</QtyInPackage>
      <ItemPrice>3.90</ItemPrice>
      <UnitOfMeasurePrice>6.84</UnitOfMeasurePrice>
      <AllowDiscount>1</AllowDiscount>
      <itemStatus>1</itemStatus>
      <LastUpdateDate />
      <LastUpdateTime />
    </Product>
    <Product>
      <PriceUpdateDate>2013/12/31 12:18</PriceUpdateDate>
      <ItemCode>42123866</ItemCode>
      <ItemType>0</ItemType>
      <ItemName>הובה בובה קלאסי</ItemName>
      <ManufactureName>מרס ריגלי ישראל בעמ</ManufactureName>
      <ManufactureCountry />
      <ManufactureItemDescription />
      <UnitQty>יח`</UnitQty>
      <Quantity>35</Quantity>
      <UnitMeasure>גרם</UnitMeasure>
      <BisWeighted>0</BisWeighted>
      <QtyInPackage>1</QtyInPackage>
      <ItemPrice>3</ItemPrice>
      <UnitOfMeasurePrice>8.57</UnitOfMeasurePrice>
      <AllowDiscount>0</AllowDiscount>
      <itemStatus>1</itemStatus>
      <LastUpdateDate />
      <LastUpdateTime />
    </Product>
    <Product>
      <PriceUpdateDate>2018/12/05 08:22</PriceUpdateDate>
      <ItemCode>42138129</ItemCode>
      <ItemType>0</ItemType>
      <ItemName>וינסטון סופר סלימס מנטול</ItemName>
      <ManufactureName>גלוברנדס בעמ - שיווק סיגריות</ManufactureName>
      <ManufactureCountry />
      <ManufactureItemDescription />
      <UnitQty>יח`</UnitQty>
      <Quantity>1</Quantity>
      <UnitMeasure />
      <BisWeighted>0</BisWeighted>
      <QtyInPackage>1</QtyInPackage>
      <ItemPrice>30.50</ItemPrice>
      <UnitOfMeasurePrice>30.50</UnitOfMeasurePrice>
      <AllowDiscount>0</AllowDiscount>
      <itemStatus>1</itemStatus>
      <LastUpdateDate />
      <LastUpdateTime />
    </Product>
    <Product>
      <PriceUpdateDate>2016/11/02 12:56</PriceUpdateDate>
      <ItemCode>42149996</ItemCode>
      <ItemType>0</ItemType>
      <ItemName>בירה בקס בקבוק 275 מל י.ד עסקים</ItemName>
      <ManufactureName>י.ד.עסקים (1986) בעמ</ManufactureName>
      <ManufactureCountry />
      <ManufactureItemDescription />
      <UnitQty>יח`</UnitQty>
      <Quantity>275</Quantity>
      <UnitMeasure>מ"ל</UnitMeasure>
      <BisWeighted>0</BisWeighted>
      <QtyInPackage>1</QtyInPackage>
      <ItemPrice>7.90</ItemPrice>
      <UnitOfMeasurePrice>2.76</UnitOfMeasurePrice>
      <AllowDiscount>0</AllowDiscount>
      <itemStatus>1</itemStatus>
      <LastUpdateDate />
      <LastUpdateTime />
    </Product>
    <Product>
      <PriceUpdateDate>2015/09/29 17:07</PriceUpdateDate>
      <ItemCode>42154662</ItemCode>
      <ItemType>0</ItemType>
      <ItemName>מסטיק ספירמינט אורביט (14  יח`- 27 גרם)</ItemName>
      <ManufactureName>מרס ריגלי ישראל בעמ</ManufactureName>
      <ManufactureCountry />
      <ManufactureItemDescription />
      <UnitQty>יח`</UnitQty>
      <Quantity>27</Quantity>
      <UnitMeasure>גרם</UnitMeasure>
      <BisWeighted>0</BisWeighted>
      <QtyInPackage>1</QtyInPackage>
      <ItemPrice>5.90</ItemPrice>
      <UnitOfMeasurePrice>21.85</UnitOfMeasurePrice>
      <AllowDiscount>0</AllowDiscount>
      <itemStatus>1</itemStatus>
      <LastUpdateDate />
      <LastUpdateTime />
    </Product>
    <Product>
      <PriceUpdateDate>2015/09/29 17:07</PriceUpdateDate>
      <ItemCode>42174479</ItemCode>
      <ItemType>0</ItemType>
      <ItemName>אורביט תות מעטפה</ItemName>
      <ManufactureName>מרס ריגלי ישראל בעמ</ManufactureName>
      <ManufactureCountry />
      <ManufactureItemDescription />
      <UnitQty>יח`</UnitQty>
      <Quantity>1</Quantity>
      <UnitMeasure />
      <BisWeighted>0</BisWeighted>
      <QtyInPackage>1</QtyInPackage>
      <ItemPrice>5.90</ItemPrice>
      <UnitOfMeasurePrice>5.90</UnitOfMeasurePrice>
      <AllowDiscount>0</AllowDiscount>
      <itemStatus>1</itemStatus>
      <LastUpdateDate />
      <LastUpdateTime />
    </Product>
    <Product>
      <PriceUpdateDate>2015/12/03 16:04</PriceUpdateDate>
      <ItemCode>42182108</ItemCode>
      <ItemType>0</ItemType>
      <ItemName>5 בטעם מנטה</ItemName>
      <ManufactureName>מרס ריגלי ישראל בעמ</ManufactureName>
      <ManufactureCountry />
      <ManufactureItemDescription />
      <UnitQty>יח`</UnitQty>
      <Quantity>31</Quantity>
      <UnitMeasure>גרם</UnitMeasure>
      <BisWeighted>0</BisWeighted>
      <QtyInPackage>1</QtyInPackage>
      <ItemPrice>7.50</ItemPrice>
      <UnitOfMeasurePrice>24.19</UnitOfMeasurePrice>
      <AllowDiscount>0</AllowDiscount>
      <itemStatus>1</itemStatus>
      <LastUpdateDate />
      <LastUpdateTime />
    </Product>
    <Product>
      <PriceUpdateDate>2015/12/03 16:04</PriceUpdateDate>
      <ItemCode>42182115</ItemCode>
      <ItemType>0</ItemType>
      <ItemName>5 בטעם מנטה עדינה</ItemName>
      <ManufactureName>מרס ריגלי ישראל בעמ</ManufactureName>
      <ManufactureCountry />
      <ManufactureItemDescription />
      <UnitQty>יח`</UnitQty>
      <Quantity>31</Quantity>
      <UnitMeasure>גרם</UnitMeasure>
      <BisWeighted>0</BisWeighted>
      <QtyInPackage>1</QtyInPackage>
      <ItemPrice>7.50</ItemPrice>
      <UnitOfMeasurePrice>24.19</UnitOfMeasurePrice>
      <AllowDiscount>0</AllowDiscount>
      <itemStatus>1</itemStatus>
      <LastUpdateDate />
      <LastUpdateTime />
    </Product>
    <Product>
      <PriceUpdateDate>2016/08/17 08:18</PriceUpdateDate>
      <ItemCode>42306788</ItemCode>
      <ItemType>0</ItemType>
      <ItemName>איירוייבז אוכמניות ומנטה</ItemName>
      <ManufactureName>מרס ריגלי ישראל בעמ</ManufactureName>
      <ManufactureCountry />
      <ManufactureItemDescription />
      <UnitQty>יח`</UnitQty>
      <Quantity>1</Quantity>
      <UnitMeasure />
      <BisWeighted>0</BisWeighted>
      <QtyInPackage>1</QtyInPackage>
      <ItemPrice>5.90</ItemPrice>
      <UnitOfMeasurePrice>5.90</UnitOfMeasurePrice>
      <AllowDiscount>0</AllowDiscount>
      <itemStatus>1</itemStatus>
      <LastUpdateDate />
      <LastUpdateTime />
    </Product>
    <Product>
      <PriceUpdateDate>2018/03/27 12:00</PriceUpdateDate>
      <ItemCode>46024817</ItemCode>
      <ItemType>0</ItemType>
      <ItemName>נקסט FF בודד</ItemName>
      <ManufactureName>פיליפ מוריס בעמ</ManufactureName>
      <ManufactureCountry />
      <ManufactureItemDescription />
      <UnitQty>יח`</UnitQty>
      <Quantity>1</Quantity>
      <UnitMeasure />
      <BisWeighted>0</BisWeighted>
      <QtyInPackage>1</QtyInPackage>
      <ItemPrice>27</ItemPrice>
      <UnitOfMeasurePrice>27</UnitOfMeasurePrice>
      <AllowDiscount>0</AllowDiscount>
      <itemStatus>1</itemStatus>
      <LastUpdateDate />
      <LastUpdateTime />
    </Product>
    <Product>
      <PriceUpdateDate>2018/03/27 12:00</PriceUpdateDate>
      <ItemCode>46024824</ItemCode>
      <ItemType>0</ItemType>
      <ItemName>נקסט לייט חפיסה) (20</ItemName>
      <ManufactureName>פיליפ מוריס בעמ</ManufactureName>
      <ManufactureCountry />
      <ManufactureItemDescription />
      <UnitQty>יח`</UnitQty>
      <Quantity>1</Quantity>
      <UnitMeasure />
      <BisWeighted>0</BisWeighted>
      <QtyInPackage>1</QtyInPackage>
      <ItemPrice>27</ItemPrice>
      <UnitOfMeasurePrice>27</UnitOfMeasurePrice>
      <AllowDiscount>0</AllowDiscount>
      <itemStatus>1</itemStatus>
      <LastUpdateDate />
      <LastUpdateTime />
    </Product>
    <Product>
      <PriceUpdateDate>2015/09/08 11:20</PriceUpdateDate>
      <ItemCode>54051140</ItemCode>
      <ItemType>0</ItemType>
      <ItemName>מעדן סויה בטעם וניל אלפרו (125x4 גרם)</ItemName>
      <ManufactureName>ש.שסטוביץ בעמ</ManufactureName>
      <ManufactureCountry />
      <ManufactureItemDescription />
      <UnitQty>יח`</UnitQty>
      <Quantity>500</Quantity>
      <UnitMeasure>גרם</UnitMeasure>
      <BisWeighted>0</BisWeighted>
      <QtyInPackage>1</QtyInPackage>
      <ItemPrice>16.90</ItemPrice>
      <UnitOfMeasurePrice>3.38</UnitOfMeasurePrice>
      <AllowDiscount>0</AllowDiscount>
      <itemStatus>1</itemStatus>
      <LastUpdateDate />
      <LastUpdateTime />
    </Product>
    <Product>
      <PriceUpdateDate>2015/12/01 15:20</PriceUpdateDate>
      <ItemCode>57300443</ItemCode>
      <ItemType>0</ItemType>
      <ItemName>כבד דג שיבוט במיץ טבעי אופיסר (120 גרם)</ItemName>
      <ManufactureName>דיפלומט היינץ</ManufactureName>
      <ManufactureCountry />
      <ManufactureItemDescription />
      <UnitQty>יח`</UnitQty>
      <Quantity>120</Quantity>
      <UnitMeasure>גרם</UnitMeasure>
      <BisWeighted>0</BisWeighted>
      <QtyInPackage>1</QtyInPackage>
      <ItemPrice>13.90</ItemPrice>
      <UnitOfMeasurePrice>11.58</UnitOfMeasurePrice>
      <AllowDiscount>0</AllowDiscount>
      <itemStatus>1</itemStatus>
      <LastUpdateDate />
      <LastUpdateTime />
    </Product>
    <Product>
      <PriceUpdateDate>2019/05/19 12:18</PriceUpdateDate>
      <ItemCode>59068907</ItemCode>
      <ItemType>0</ItemType>
      <ItemName>פאל מאל כול דמי סלימס</ItemName>
      <ManufactureName>גלוברנדס בעמ - שיווק סיגריות</ManufactureName>
      <ManufactureCountry />
      <ManufactureItemDescription />
      <UnitQty>יח`</UnitQty>
      <Quantity>1</Quantity>
      <UnitMeasure />
      <BisWeighted>0</BisWeighted>
      <QtyInPackage>1</QtyInPackage>
      <ItemPrice>23</ItemPrice>
      <UnitOfMeasurePrice>23</UnitOfMeasurePrice>
      <AllowDiscount>0</AllowDiscount>
      <itemStatus>1</itemStatus>
      <LastUpdateDate />
      <LastUpdateTime />
    </Product>
    <Product>
      <PriceUpdateDate>2019/05/19 12:18</PriceUpdateDate>
      <ItemCode>59068914</ItemCode>
      <ItemType>0</ItemType>
      <ItemName>פאל מאל סילבר דמי סלימס בודד</ItemName>
      <ManufactureName>גלוברנדס בעמ - שיווק סיגריות</ManufactureName>
      <ManufactureCountry />
      <ManufactureItemDescription />
      <UnitQty>יח`</UnitQty>
      <Quantity>1</Quantity>
      <UnitMeasure />
      <BisWeighted>0</BisWeighted>
      <QtyInPackage>1</QtyInPackage>
      <ItemPrice>23</ItemPrice>
      <UnitOfMeasurePrice>23</UnitOfMeasurePrice>
      <AllowDiscount>0</AllowDiscount>
      <itemStatus>1</itemStatus>
      <LastUpdateDate />
      <LastUpdateTime />
    </Product>
    <Product>
      <PriceUpdateDate>2019/08/04 12:56</PriceUpdateDate>
      <ItemCode>59081630</ItemCode>
      <ItemType>0</ItemType>
      <ItemName>דאודורנט רול און קוקוס ויסמין ( 50 מל)</ItemName>
      <ManufactureName>יוניליוור ישראל שיווק בעמ</ManufactureName>
      <ManufactureCountry />
      <ManufactureItemDescription />
      <UnitQty>יח`</UnitQty>
      <Quantity>50</Quantity>
      <UnitMeasure>גרם</UnitMeasure>
      <BisWeighted>0</BisWeighted>
      <QtyInPackage>1</QtyInPackage>
      <ItemPrice>14.90</ItemPrice>
      <UnitOfMeasurePrice>29.80</UnitOfMeasurePrice>
      <AllowDiscount>0</AllowDiscount>
      <itemStatus>1</itemStatus>
      <LastUpdateDate />
      <LastUpdateTime />
    </Product>
    <Product>
      <PriceUpdateDate>2020/01/06 15:32</PriceUpdateDate>
      <ItemCode>59082521</ItemCode>
      <ItemType>0</ItemType>
      <ItemName>רקסונה רול און סטיי פרש בלו פופי 50 מל</ItemName>
      <ManufactureName>יוניליוור ישראל שיווק בעמ</ManufactureName>
      <ManufactureCountry />
      <ManufactureItemDescription />
      <UnitQty>יח`</UnitQty>
      <Quantity>50</Quantity>
      <UnitMeasure>מ"ל</UnitMeasure>
      <BisWeighted>0</BisWeighted>
      <QtyInPackage>1</QtyInPackage>
      <ItemPrice>14.90</ItemPrice>
      <UnitOfMeasurePrice>29.80</UnitOfMeasurePrice>
      <AllowDiscount>1</AllowDiscount>
      <itemStatus>1</itemStatus>
      <LastUpdateDate />
      <LastUpdateTime />
    </Product>
    <Product>
      <PriceUpdateDate>2020/01/06 15:32</PriceUpdateDate>
      <ItemCode>59082538</ItemCode>
      <ItemType>0</ItemType>
      <ItemName>רקסונה רול און סטיי פרש לי`צי 50 מל</ItemName>
      <ManufactureName>יוניליוור ישראל שיווק בעמ</ManufactureName>
      <ManufactureCountry />
      <ManufactureItemDescription />
      <UnitQty>יח`</UnitQty>
      <Quantity>50</Quantity>
      <UnitMeasure>מ"ל</UnitMeasure>
      <BisWeighted>0</BisWeighted>
      <QtyInPackage>1</QtyInPackage>
      <ItemPrice>14.90</ItemPrice>
      <UnitOfMeasurePrice>29.80</UnitOfMeasurePrice>
      <AllowDiscount>1</AllowDiscount>
      <itemStatus>1</itemStatus>
      <LastUpdateDate />
      <LastUpdateTime />
    </Product>
    <Product>
      <PriceUpdateDate>2015/12/02 10:21</PriceUpdateDate>
      <ItemCode>72909799</ItemCode>
      <ItemType>0</ItemType>
      <ItemName>קליק בארים OK</ItemName>
      <ManufactureName>יוניליוור ישראל שיווק בעמ</ManufactureName>
      <ManufactureCountry />
      <ManufactureItemDescription />
      <UnitQty>יח`</UnitQty>
      <Quantity>35</Quantity>
      <UnitMeasure>גרם</UnitMeasure>
      <BisWeighted>0</BisWeighted>
      <QtyInPackage>1</QtyInPackage>
      <ItemPrice>4.90</ItemPrice>
      <UnitOfMeasurePrice>14</UnitOfMeasurePrice>
      <AllowDiscount>1</AllowDiscount>
      <itemStatus>1</itemStatus>
      <LastUpdateDate />
      <LastUpdateTime />
    </Product>
    <Product>
      <PriceUpdateDate>2014/01/02 08:41</PriceUpdateDate>
      <ItemCode>72917329</ItemCode>
      <ItemType>0</ItemType>
      <ItemName>חטיף אגוזי עלית (45 גרם)</ItemName>
      <ManufactureName>שטראוס גרופ בעמ</ManufactureName>
      <ManufactureCountry />
      <ManufactureItemDescription />
      <UnitQty>יח`</UnitQty>
      <Quantity>45</Quantity>
      <UnitMeasure>גרם</UnitMeasure>
      <BisWeighted>0</BisWeighted>
      <QtyInPackage>1</QtyInPackage>
      <ItemPrice>3.90</ItemPrice>
      <UnitOfMeasurePrice>8.67</UnitOfMeasurePrice>
      <AllowDiscount>1</AllowDiscount>
      <itemStatus>1</itemStatus>
      <LastUpdateDate />
      <LastUpdateTime />
    </Product>
    <Product>
      <PriceUpdateDate>2014/01/02 08:41</PriceUpdateDate>
      <ItemCode>72917367</ItemCode>
      <ItemType>0</ItemType>
      <ItemName>חטיף טעמי עלית (40 גרם)</ItemName>
      <ManufactureName>שטראוס גרופ בעמ</ManufactureName>
      <ManufactureCountry />
      <ManufactureItemDescription />
      <UnitQty>יח`</UnitQty>
      <Quantity>40</Quantity>
      <UnitMeasure>גרם</UnitMeasure>
      <BisWeighted>0</BisWeighted>
      <QtyInPackage>1</QtyInPackage>
      <ItemPrice>3.90</ItemPrice>
      <UnitOfMeasurePrice>9.75</UnitOfMeasurePrice>
      <AllowDiscount>1</AllowDiscount>
      <itemStatus>1</itemStatus>
      <LastUpdateDate />
      <LastUpdateTime />
    </Product>
    <Product>
      <PriceUpdateDate>2014/01/02 08:41</PriceUpdateDate>
      <ItemCode>72917589</ItemCode>
      <ItemType>0</ItemType>
      <ItemName>חטיף מקופלת עלית (25 גרם)</ItemName>
      <ManufactureName>שטראוס גרופ בעמ</ManufactureName>
      <ManufactureCountry />
      <ManufactureItemDescription />
      <UnitQty>יח`</UnitQty>
      <Quantity>25</Quantity>
      <UnitMeasure>גרם</UnitMeasure>
      <BisWeighted>0</BisWeighted>
      <QtyInPackage>1</QtyInPackage>
      <ItemPrice>3.90</ItemPrice>
      <UnitOfMeasurePrice>15.60</UnitOfMeasurePrice>
      <AllowDiscount>1</AllowDiscount>
      <itemStatus>1</itemStatus>
      <LastUpdateDate />
      <LastUpdateTime />
    </Product>
    <Product>
      <PriceUpdateDate>2015/07/09 10:41</PriceUpdateDate>
      <ItemCode>72940754</ItemCode>
      <ItemType>0</ItemType>
      <ItemName>מילקי וניל</ItemName>
      <ManufactureName>שטראוס גרופ בעמ/מצונן</ManufactureName>
      <ManufactureCountry />
      <ManufactureItemDescription />
      <UnitQty>יח`</UnitQty>
      <Quantity>130</Quantity>
      <UnitMeasure>מ"ל</UnitMeasure>
      <BisWeighted>0</BisWeighted>
      <QtyInPackage>1</QtyInPackage>
      <ItemPrice>2.70</ItemPrice>
      <UnitOfMeasurePrice>2.08</UnitOfMeasurePrice>
      <AllowDiscount>0</AllowDiscount>
      <itemStatus>1</itemStatus>
      <LastUpdateDate />
      <LastUpdateTime />
    </Product>
    <Product>
      <PriceUpdateDate>2017/03/30 08:34</PriceUpdateDate>
      <ItemCode>72940761</ItemCode>
      <ItemType>0</ItemType>
      <ItemName>מילקי שוקו</ItemName>
      <ManufactureName>שטראוס גרופ בעמ/מצונן</ManufactureName>
      <ManufactureCountry />
      <ManufactureItemDescription />
      <UnitQty>יח`</UnitQty>
      <Quantity>130</Quantity>
      <UnitMeasure>מ"ל</UnitMeasure>
      <BisWeighted>0</BisWeighted>
      <QtyInPackage>1</QtyInPackage>
      <ItemPrice>2.70</ItemPrice>
      <UnitOfMeasurePrice>2.08</UnitOfMeasurePrice>
      <AllowDiscount>0</AllowDiscount>
      <itemStatus>1</itemStatus>
      <LastUpdateDate />
      <LastUpdateTime />
    </Product>
    <Product>
      <PriceUpdateDate>2014/01/01 16:40</PriceUpdateDate>
      <ItemCode>72940952</ItemCode>
      <ItemType>0</ItemType>
      <ItemName>מילקי פי 2 קצפת</ItemName>
      <ManufactureName>שטראוס גרופ בעמ/מצונן</ManufactureName>
      <ManufactureCountry />
      <ManufactureItemDescription />
      <UnitQty>יח`</UnitQty>
      <Quantity>170</Quantity>
      <UnitMeasure>מ"ל</UnitMeasure>
      <BisWeighted>0</BisWeighted>
      <QtyInPackage>1</QtyInPackage>
      <ItemPrice>3.70</ItemPrice>
      <UnitOfMeasurePrice>2.18</UnitOfMeasurePrice>
      <AllowDiscount>0</AllowDiscount>
      <itemStatus>1</itemStatus>
      <LastUpdateDate />
      <LastUpdateTime />
    </Product>
    <Product>
      <PriceUpdateDate>2015/12/01 11:29</PriceUpdateDate>
      <ItemCode>72940976</ItemCode>
      <ItemType>0</ItemType>
      <ItemName>כרוב אדום 250</ItemName>
      <ManufactureName>שטראוס גרופ בעמ/מצונן</ManufactureName>
      <ManufactureCountry />
      <ManufactureItemDescription />
      <UnitQty>יח`</UnitQty>
      <Quantity>250</Quantity>
      <UnitMeasure>גרם</UnitMeasure>
      <BisWeighted>0</BisWeighted>
      <QtyInPackage>1</QtyInPackage>
      <ItemPrice>8.90</ItemPrice>
      <UnitOfMeasurePrice>3.56</UnitOfMeasurePrice>
      <AllowDiscount>0</AllowDiscount>
      <itemStatus>1</itemStatus>
      <LastUpdateDate />
      <LastUpdateTime />
    </Product>
    <Product>
      <PriceUpdateDate>2018/02/12 12:06</PriceUpdateDate>
      <ItemCode>72940983</ItemCode>
      <ItemType>0</ItemType>
      <ItemName>חומוס אחלה 250 גר</ItemName>
      <ManufactureName>שטראוס גרופ בעמ/מצונן</ManufactureName>
      <ManufactureCountry />
      <ManufactureItemDescription />
      <UnitQty>יח`</UnitQty>
      <Quantity>250</Quantity>
      <UnitMeasure>גרם</UnitMeasure>
      <BisWeighted>0</BisWeighted>
      <QtyInPackage>1</QtyInPackage>
      <ItemPrice>6.90</ItemPrice>
      <UnitOfMeasurePrice>2.76</UnitOfMeasurePrice>
      <AllowDiscount>0</AllowDiscount>
      <itemStatus>1</itemStatus>
      <LastUpdateDate />
      <LastUpdateTime />
    </Product>
    <Product>
      <PriceUpdateDate>2015/07/09 10:41</PriceUpdateDate>
      <ItemCode>72941041</ItemCode>
      <ItemType>0</ItemType>
      <ItemName>מילקי מיני שוקולד</ItemName>
      <ManufactureName>שטראוס גרופ בעמ/מצונן</ManufactureName>
      <ManufactureCountry />
      <ManufactureItemDescription />
      <UnitQty>יח`</UnitQty>
      <Quantity>130</Quantity>
      <UnitMeasure>מ"ל</UnitMeasure>
      <BisWeighted>0</BisWeighted>
      <QtyInPackage>1</QtyInPackage>
      <ItemPrice>2</ItemPrice>
      <UnitOfMeasurePrice>1.54</UnitOfMeasurePrice>
      <AllowDiscount>0</AllowDiscount>
      <itemStatus>1</itemStatus>
      <LastUpdateDate />
      <LastUpdateTime />
    </Product>
    <Product>
      <PriceUpdateDate>2015/12/01 11:29</PriceUpdateDate>
      <ItemCode>72945308</ItemCode>
      <ItemType>0</ItemType>
      <ItemName>שמרים טריים קובייה שמרית (50 גרם)</ItemName>
      <ManufactureName>שטראוס גרופ בעמ/מצונן</ManufactureName>
      <ManufactureCountry />
      <ManufactureItemDescription />
      <UnitQty>יח`</UnitQty>
      <Quantity>50</Quantity>
      <UnitMeasure>גרם</UnitMeasure>
      <BisWeighted>0</BisWeighted>
      <QtyInPackage>1</QtyInPackage>
      <ItemPrice>3.50</ItemPrice>
      <UnitOfMeasurePrice>7</UnitOfMeasurePrice>
      <AllowDiscount>0</AllowDiscount>
      <itemStatus>1</itemStatus>
      <LastUpdateDate />
      <LastUpdateTime />
    </Product>
    <Product>
      <PriceUpdateDate>2019/06/16 12:46</PriceUpdateDate>
      <ItemCode>72961209</ItemCode>
      <ItemType>0</ItemType>
      <ItemName>שמנית 15% 200 מל בדצ פיקוח</ItemName>
      <ManufactureName>תנובה - חלב</ManufactureName>
      <ManufactureCountry />
      <ManufactureItemDescription />
      <UnitQty>יח`</UnitQty>
      <Quantity>200</Quantity>
      <UnitMeasure>מ"ל</UnitMeasure>
      <BisWeighted>0</BisWeighted>
      <QtyInPackage>1</QtyInPackage>
      <ItemPrice>2.28</ItemPrice>
      <UnitOfMeasurePrice>1.14</UnitOfMeasurePrice>
      <AllowDiscount>0</AllowDiscount>
      <itemStatus>1</itemStatus>
      <LastUpdateDate />
      <LastUpdateTime />
    </Product>
    <Product>
      <PriceUpdateDate>2019/06/16 12:46</PriceUpdateDate>
      <ItemCode>72961216</ItemCode>
      <ItemType>0</ItemType>
      <ItemName>אשל 4.5% 200 מל פיקוח</ItemName>
      <ManufactureName>תנובה - חלב</ManufactureName>
      <ManufactureCountry />
      <ManufactureItemDescription />
      <UnitQty>יח`</UnitQty>
      <Quantity>200</Quantity>
      <UnitMeasure>מ"ל</UnitMeasure>
      <BisWeighted>0</BisWeighted>
      <QtyInPackage>1</QtyInPackage>
      <ItemPrice>1.61</ItemPrice>
      <UnitOfMeasurePrice>0.81</UnitOfMeasurePrice>
      <AllowDiscount>0</AllowDiscount>
      <itemStatus>1</itemStatus>
      <LastUpdateDate />
      <LastUpdateTime />
    </Product>
    <Product>
      <PriceUpdateDate>2019/06/16 12:46</PriceUpdateDate>
      <ItemCode>72961223</ItemCode>
      <ItemType>0</ItemType>
      <ItemName>גיל 3% 200 מל בדצ פיקוח</ItemName>
      <ManufactureName>תנובה - חלב</ManufactureName>
      <ManufactureCountry />
      <ManufactureItemDescription />
      <UnitQty>יח`</UnitQty>
      <Quantity>200</Quantity>
      <UnitMeasure>מ"ל</UnitMeasure>
      <BisWeighted>0</BisWeighted>
      <QtyInPackage>1</QtyInPackage>
      <ItemPrice>1.44</ItemPrice>
      <UnitOfMeasurePrice>0.72</UnitOfMeasurePrice>
      <AllowDiscount>0</AllowDiscount>
      <itemStatus>1</itemStatus>
      <LastUpdateDate />
      <LastUpdateTime />
    </Product>
    <Product>
      <PriceUpdateDate>2018/08/13 09:32</PriceUpdateDate>
      <ItemCode>72961506</ItemCode>
      <ItemType>0</ItemType>
      <ItemName>יוגורט עם תות 1.5% פרילי (125 גרם)</ItemName>
      <ManufactureName>תנובה - חלב</ManufactureName>
      <ManufactureCountry />
      <ManufactureItemDescription />
      <UnitQty>יח`</UnitQty>
      <Quantity>125</Quantity>
      <UnitMeasure>מ"ל</UnitMeasure>
      <BisWeighted>0</BisWeighted>
      <QtyInPackage>1</QtyInPackage>
      <ItemPrice>3.50</ItemPrice>
      <UnitOfMeasurePrice>2.80</UnitOfMeasurePrice>
      <AllowDiscount>0</AllowDiscount>
      <itemStatus>1</itemStatus>
      <LastUpdateDate />
      <LastUpdateTime />
    </Product>
    <Product>
      <PriceUpdateDate>2018/08/13 09:32</PriceUpdateDate>
      <ItemCode>72961513</ItemCode>
      <ItemType>0</ItemType>
      <ItemName>יוגורט עם משמש 1.5% פרילי (125 גרם)</ItemName>
      <ManufactureName>תנובה - חלב</ManufactureName>
      <ManufactureCountry />
      <ManufactureItemDescription />
      <UnitQty>יח`</UnitQty>
      <Quantity>125</Quantity>
      <UnitMeasure>מ"ל</UnitMeasure>
      <BisWeighted>0</BisWeighted>
      <QtyInPackage>1</QtyInPackage>
      <ItemPrice>3.50</ItemPrice>
      <UnitOfMeasurePrice>2.80</UnitOfMeasurePrice>
      <AllowDiscount>0</AllowDiscount>
      <itemStatus>1</itemStatus>
      <LastUpdateDate />
      <LastUpdateTime />
    </Product>
    <Product>
      <PriceUpdateDate>2018/08/13 09:32</PriceUpdateDate>
      <ItemCode>72961520</ItemCode>
      <ItemType>0</ItemType>
      <ItemName>יוגורט עם אננס 1.5% פרילי (125 גרם)</ItemName>
      <ManufactureName>תנובה - חלב</ManufactureName>
      <ManufactureCountry />
      <ManufactureItemDescription />
      <UnitQty>יח`</UnitQty>
      <Quantity>125</Quantity>
      <UnitMeasure>מ"ל</UnitMeasure>
      <BisWeighted>0</BisWeighted>
      <QtyInPackage>1</QtyInPackage>
      <ItemPrice>3.50</ItemPrice>
      <UnitOfMeasurePrice>2.80</UnitOfMeasurePrice>
      <AllowDiscount>0</AllowDiscount>
      <itemStatus>1</itemStatus>
      <LastUpdateDate />
      <LastUpdateTime />
    </Product>
    <Product>
      <PriceUpdateDate>2018/08/13 09:32</PriceUpdateDate>
      <ItemCode>72961544</ItemCode>
      <ItemType>0</ItemType>
      <ItemName>יוגורט בטעם תות שדה 3% באדי (125 גרם)</ItemName>
      <ManufactureName>תנובה - חלב</ManufactureName>
      <ManufactureCountry />
      <ManufactureItemDescription />
      <UnitQty>יח`</UnitQty>
      <Quantity>125</Quantity>
      <UnitMeasure>מ"ל</UnitMeasure>
      <BisWeighted>0</BisWeighted>
      <QtyInPackage>1</QtyInPackage>
      <ItemPrice>3</ItemPrice>
      <UnitOfMeasurePrice>2.40</UnitOfMeasurePrice>
      <AllowDiscount>0</AllowDiscount>
      <itemStatus>1</itemStatus>
      <LastUpdateDate />
      <LastUpdateTime />
    </Product>
    <Product>
      <PriceUpdateDate>2018/08/13 09:32</PriceUpdateDate>
      <ItemCode>72963753</ItemCode>
      <ItemType>0</ItemType>
      <ItemName>שמנת של פעם 27% תנובה (200 גרם)</ItemName>
      <ManufactureName>תנובה - חלב</ManufactureName>
      <ManufactureCountry />
      <ManufactureItemDescription />
      <UnitQty>יח`</UnitQty>
      <Quantity>200</Quantity>
      <UnitMeasure>מ"ל</UnitMeasure>
      <BisWeighted>0</BisWeighted>
      <QtyInPackage>1</QtyInPackage>
      <ItemPrice>4.20</ItemPrice>
      <UnitOfMeasurePrice>2.10</UnitOfMeasurePrice>
      <AllowDiscount>0</AllowDiscount>
      <itemStatus>1</itemStatus>
      <LastUpdateDate />
      <LastUpdateTime />
    </Product>
    <Product>
      <PriceUpdateDate>2018/08/13 09:32</PriceUpdateDate>
      <ItemCode>72964132</ItemCode>
      <ItemType>0</ItemType>
      <ItemName>טבעגורט 200מל ל</ItemName>
      <ManufactureName>תנובה - חלב</ManufactureName>
      <ManufactureCountry />
      <ManufactureItemDescription />
      <UnitQty>יח`</UnitQty>
      <Quantity>200</Quantity>
      <UnitMeasure>מ"ל</UnitMeasure>
      <BisWeighted>0</BisWeighted>
      <QtyInPackage>1</QtyInPackage>
      <ItemPrice>5.10</ItemPrice>
      <UnitOfMeasurePrice>2.55</UnitOfMeasurePrice>
      <AllowDiscount>0</AllowDiscount>
      <itemStatus>1</itemStatus>
      <LastUpdateDate />
      <LastUpdateTime />
    </Product>
    <Product>
      <PriceUpdateDate>2018/08/13 09:32</PriceUpdateDate>
      <ItemCode>72964422</ItemCode>
      <ItemType>0</ItemType>
      <ItemName>יוגורט לבן 4.5% תנובה (200 מל)</ItemName>
      <ManufactureName>תנובה - חלב</ManufactureName>
      <ManufactureCountry />
      <ManufactureItemDescription />
      <UnitQty>יח`</UnitQty>
      <Quantity>200</Quantity>
      <UnitMeasure>מ"ל</UnitMeasure>
      <BisWeighted>0</BisWeighted>
      <QtyInPackage>1</QtyInPackage>
      <ItemPrice>2.90</ItemPrice>
      <UnitOfMeasurePrice>1.45</UnitOfMeasurePrice>
      <AllowDiscount>0</AllowDiscount>
      <itemStatus>1</itemStatus>
      <LastUpdateDate />
      <LastUpdateTime />
    </Product>
    <Product>
      <PriceUpdateDate>2019/09/15 13:34</PriceUpdateDate>
      <ItemCode>72983454</ItemCode>
      <ItemType>0</ItemType>
      <ItemName>גולף סופר סלימס בודד</ItemName>
      <ManufactureName>דובק בעמ</ManufactureName>
      <ManufactureCountry />
      <ManufactureItemDescription />
      <UnitQty>יח`</UnitQty>
      <Quantity>1</Quantity>
      <UnitMeasure />
      <BisWeighted>0</BisWeighted>
      <QtyInPackage>1</QtyInPackage>
      <ItemPrice>28</ItemPrice>
      <UnitOfMeasurePrice>28</UnitOfMeasurePrice>
      <AllowDiscount>0</AllowDiscount>
      <itemStatus>1</itemStatus>
      <LastUpdateDate />
      <LastUpdateTime />
    </Product>
    <Product>
      <PriceUpdateDate>2019/09/15 13:34</PriceUpdateDate>
      <ItemCode>72983997</ItemCode>
      <ItemType>0</ItemType>
      <ItemName>גולף גולד 100 קופסא קשיחה</ItemName>
      <ManufactureName>דובק בעמ</ManufactureName>
      <ManufactureCountry />
      <ManufactureItemDescription />
      <UnitQty>יח`</UnitQty>
      <Quantity>1</Quantity>
      <UnitMeasure />
      <BisWeighted>0</BisWeighted>
      <QtyInPackage>1</QtyInPackage>
      <ItemPrice>28</ItemPrice>
      <UnitOfMeasurePrice>28</UnitOfMeasurePrice>
      <AllowDiscount>0</AllowDiscount>
      <itemStatus>1</itemStatus>
      <LastUpdateDate />
      <LastUpdateTime />
    </Product>
    <Product>
      <PriceUpdateDate>2018/08/13 09:32</PriceUpdateDate>
      <ItemCode>72986233</ItemCode>
      <ItemType>0</ItemType>
      <ItemName>מעדן חלב בטעם וניל באדי (125 גרם)</ItemName>
      <ManufactureName>תנובה - חלב</ManufactureName>
      <ManufactureCountry />
      <ManufactureItemDescription />
      <UnitQty>יח`</UnitQty>
      <Quantity>125</Quantity>
      <UnitMeasure>מ"ל</UnitMeasure>
      <BisWeighted>0</BisWeighted>
      <QtyInPackage>1</QtyInPackage>
      <ItemPrice>2.90</ItemPrice>
      <UnitOfMeasurePrice>2.32</UnitOfMeasurePrice>
      <AllowDiscount>0</AllowDiscount>
      <itemStatus>1</itemStatus>
      <LastUpdateDate />
      <LastUpdateTime />
    </Product>
    <Product>
      <PriceUpdateDate>2018/08/13 09:32</PriceUpdateDate>
      <ItemCode>72986240</ItemCode>
      <ItemType>0</ItemType>
      <ItemName>מעדן חלב בטעם שוקולד באדי (125 גרם)</ItemName>
      <ManufactureName>תנובה - חלב</ManufactureName>
      <ManufactureCountry />
      <ManufactureItemDescription />
      <UnitQty>יח`</UnitQty>
      <Quantity>125</Quantity>
      <UnitMeasure>מ"ל</UnitMeasure>
      <BisWeighted>0</BisWeighted>
      <QtyInPackage>1</QtyInPackage>
      <ItemPrice>2.90</ItemPrice>
      <UnitOfMeasurePrice>2.32</UnitOfMeasurePrice>
      <AllowDiscount>0</AllowDiscount>
      <itemStatus>1</itemStatus>
      <LastUpdateDate />
      <LastUpdateTime />
    </Product>
    <Product>
      <PriceUpdateDate>2015/12/01 09:24</PriceUpdateDate>
      <ItemCode>72991008</ItemCode>
      <ItemType>0</ItemType>
      <ItemName>חטיף פסק זמן מגדים</ItemName>
      <ManufactureName>שטראוס גרופ בעמ</ManufactureName>
      <ManufactureCountry />
      <ManufactureItemDescription />
      <UnitQty>יח`</UnitQty>
      <Quantity>45</Quantity>
      <UnitMeasure>גרם</UnitMeasure>
      <BisWeighted>0</BisWeighted>
      <QtyInPackage>1</QtyInPackage>
      <ItemPrice>4.90</ItemPrice>
      <UnitOfMeasurePrice>10.89</UnitOfMeasurePrice>
      <AllowDiscount>0</AllowDiscount>
      <itemStatus>1</itemStatus>
      <LastUpdateDate />
      <LastUpdateTime />
    </Product>
    <Product>
      <PriceUpdateDate>2018/10/28 12:12</PriceUpdateDate>
      <ItemCode>72991374</ItemCode>
      <ItemType>0</ItemType>
      <ItemName>טיים רד</ItemName>
      <ManufactureName>דובק בעמ</ManufactureName>
      <ManufactureCountry />
      <ManufactureItemDescription />
      <UnitQty>יח`</UnitQty>
      <Quantity>1</Quantity>
      <UnitMeasure />
      <BisWeighted>0</BisWeighted>
      <QtyInPackage>1</QtyInPackage>
      <ItemPrice>26.80</ItemPrice>
      <UnitOfMeasurePrice>26.80</UnitOfMeasurePrice>
      <AllowDiscount>0</AllowDiscount>
      <itemStatus>1</itemStatus>
      <LastUpdateDate />
      <LastUpdateTime />
    </Product>
    <Product>
      <PriceUpdateDate>2018/10/28 12:12</PriceUpdateDate>
      <ItemCode>72991381</ItemCode>
      <ItemType>0</ItemType>
      <ItemName>טיים 100 ארוך בודד</ItemName>
      <ManufactureName>דובק בעמ</ManufactureName>
      <ManufactureCountry />
      <ManufactureItemDescription />
      <UnitQty>יח`</UnitQty>
      <Quantity>1</Quantity>
      <UnitMeasure />
      <BisWeighted>0</BisWeighted>
      <QtyInPackage>1</QtyInPackage>
      <ItemPrice>26.80</ItemPrice>
      <UnitOfMeasurePrice>26.80</UnitOfMeasurePrice>
      <AllowDiscount>0</AllowDiscount>
      <itemStatus>1</itemStatus>
      <LastUpdateDate />
      <LastUpdateTime />
    </Product>
    <Product>
      <PriceUpdateDate>2018/10/28 12:12</PriceUpdateDate>
      <ItemCode>72991404</ItemCode>
      <ItemType>0</ItemType>
      <ItemName>אירופה</ItemName>
      <ManufactureName>דובק בעמ</ManufactureName>
      <ManufactureCountry />
      <ManufactureItemDescription />
      <UnitQty>יח`</UnitQty>
      <Quantity>1</Quantity>
      <UnitMeasure />
      <BisWeighted>0</BisWeighted>
      <QtyInPackage>1</QtyInPackage>
      <ItemPrice>26.80</ItemPrice>
      <UnitOfMeasurePrice>26.80</UnitOfMeasurePrice>
      <AllowDiscount>0</AllowDiscount>
      <itemStatus>1</itemStatus>
      <LastUpdateDate />
      <LastUpdateTime />
    </Product>
    <Product>
      <PriceUpdateDate>2019/09/15 13:34</PriceUpdateDate>
      <ItemCode>72991466</ItemCode>
      <ItemType>0</ItemType>
      <ItemName>גולף גולד 100</ItemName>
      <ManufactureName>דובק בעמ</ManufactureName>
      <ManufactureCountry />
      <ManufactureItemDescription />
      <UnitQty>יח`</UnitQty>
      <Quantity>1</Quantity>
      <UnitMeasure />
      <BisWeighted>0</BisWeighted>
      <QtyInPackage>1</QtyInPackage>
      <ItemPrice>28</ItemPrice>
      <UnitOfMeasurePrice>28</UnitOfMeasurePrice>
      <AllowDiscount>0</AllowDiscount>
      <itemStatus>1</itemStatus>
      <LastUpdateDate />
      <LastUpdateTime />
    </Product>
    <Product>
      <PriceUpdateDate>2015/11/02 09:05</PriceUpdateDate>
      <ItemCode>72991497</ItemCode>
      <ItemType>0</ItemType>
      <ItemName>נובלס פילטר</ItemName>
      <ManufactureName>דובק בעמ</ManufactureName>
      <ManufactureCountry />
      <ManufactureItemDescription />
      <UnitQty>יח`</UnitQty>
      <Quantity>1</Quantity>
      <UnitMeasure />
      <BisWeighted>0</BisWeighted>
      <QtyInPackage>1</QtyInPackage>
      <ItemPrice>26</ItemPrice>
      <UnitOfMeasurePrice>26</UnitOfMeasurePrice>
      <AllowDiscount>0</AllowDiscount>
      <itemStatus>1</itemStatus>
      <LastUpdateDate />
      <LastUpdateTime />
    </Product>
    <Product>
      <PriceUpdateDate>2019/09/15 13:34</PriceUpdateDate>
      <ItemCode>72991510</ItemCode>
      <ItemType>0</ItemType>
      <ItemName>מונטנה פילטר</ItemName>
      <ManufactureName>דובק בעמ</ManufactureName>
      <ManufactureCountry />
      <ManufactureItemDescription />
      <UnitQty>יח`</UnitQty>
      <Quantity>1</Quantity>
      <UnitMeasure />
      <BisWeighted>0</BisWeighted>
      <QtyInPackage>1</QtyInPackage>
      <ItemPrice>28</ItemPrice>
      <UnitOfMeasurePrice>28</UnitOfMeasurePrice>
      <AllowDiscount>0</AllowDiscount>
      <itemStatus>1</itemStatus>
      <LastUpdateDate />
      <LastUpdateTime />
    </Product>
    <Product>
      <PriceUpdateDate>2019/09/15 13:34</PriceUpdateDate>
      <ItemCode>72991527</ItemCode>
      <ItemType>0</ItemType>
      <ItemName>מוסטנג רד</ItemName>
      <ManufactureName>דובק בעמ</ManufactureName>
      <ManufactureCountry />
      <ManufactureItemDescription />
      <UnitQty>יח`</UnitQty>
      <Quantity>1</Quantity>
      <UnitMeasure />
      <BisWeighted>0</BisWeighted>
      <QtyInPackage>1</QtyInPackage>
      <ItemPrice>22.50</ItemPrice>
      <UnitOfMeasurePrice>22.50</UnitOfMeasurePrice>
      <AllowDiscount>0</AllowDiscount>
      <itemStatus>1</itemStatus>
      <LastUpdateDate />
      <LastUpdateTime />
    </Product>
    <Product>
      <PriceUpdateDate>2019/07/29 15:13</PriceUpdateDate>
      <ItemCode>72993477</ItemCode>
      <ItemType>0</ItemType>
      <ItemName>אל.אמ וייב סלימס חפיסה) (20</ItemName>
      <ManufactureName>פיליפ מוריס בעמ</ManufactureName>
      <ManufactureCountry />
      <ManufactureItemDescription />
      <UnitQty>יח`</UnitQty>
      <Quantity>1</Quantity>
      <UnitMeasure />
      <BisWeighted>0</BisWeighted>
      <QtyInPackage>1</QtyInPackage>
      <ItemPrice>28</ItemPrice>
      <UnitOfMeasurePrice>28</UnitOfMeasurePrice>
      <AllowDiscount>0</AllowDiscount>
      <itemStatus>1</itemStatus>
      <LastUpdateDate />
      <LastUpdateTime />
    </Product>
    <Product>
      <PriceUpdateDate>2014/01/01 16:40</PriceUpdateDate>
      <ItemCode>72993637</ItemCode>
      <ItemType>0</ItemType>
      <ItemName>דני שוקולד בודד</ItemName>
      <ManufactureName>שטראוס גרופ בעמ/מצונן</ManufactureName>
      <ManufactureCountry />
      <ManufactureItemDescription />
      <UnitQty>יח`</UnitQty>
      <Quantity>125</Quantity>
      <UnitMeasure>מ"ל</UnitMeasure>
      <BisWeighted>0</BisWeighted>
      <QtyInPackage>1</QtyInPackage>
      <ItemPrice>2.60</ItemPrice>
      <UnitOfMeasurePrice>2.08</UnitOfMeasurePrice>
      <AllowDiscount>0</AllowDiscount>
      <itemStatus>1</itemStatus>
      <LastUpdateDate />
      <LastUpdateTime />
    </Product>
    <Product>
      <PriceUpdateDate>2015/12/01 09:24</PriceUpdateDate>
      <ItemCode>72993767</ItemCode>
      <ItemType>0</ItemType>
      <ItemName>פסק זמן גלילית אגוזים 40 גר`</ItemName>
      <ManufactureName>שטראוס גרופ בעמ</ManufactureName>
      <ManufactureCountry />
      <ManufactureItemDescription />
      <UnitQty>יח`</UnitQty>
      <Quantity>40</Quantity>
      <UnitMeasure>גרם</UnitMeasure>
      <BisWeighted>0</BisWeighted>
      <QtyInPackage>1</QtyInPackage>
      <ItemPrice>4.90</ItemPrice>
      <UnitOfMeasurePrice>12.25</UnitOfMeasurePrice>
      <AllowDiscount>0</AllowDiscount>
      <itemStatus>1</itemStatus>
      <LastUpdateDate />
      <LastUpdateTime />
    </Product>
    <Product>
      <PriceUpdateDate>2018/03/27 12:00</PriceUpdateDate>
      <ItemCode>72993927</ItemCode>
      <ItemType>0</ItemType>
      <ItemName>נקסט 100 חפיסה) (20</ItemName>
      <ManufactureName>פיליפ מוריס בעמ</ManufactureName>
      <ManufactureCountry />
      <ManufactureItemDescription />
      <UnitQty>יח`</UnitQty>
      <Quantity>1</Quantity>
      <UnitMeasure />
      <BisWeighted>0</BisWeighted>
      <QtyInPackage>1</QtyInPackage>
      <ItemPrice>27</ItemPrice>
      <UnitOfMeasurePrice>27</UnitOfMeasurePrice>
      <AllowDiscount>0</AllowDiscount>
      <itemStatus>1</itemStatus>
      <LastUpdateDate />
      <LastUpdateTime />
    </Product>
    <Product>
      <PriceUpdateDate>2017/10/08 07:50</PriceUpdateDate>
      <ItemCode>72994061</ItemCode>
      <ItemType>0</ItemType>
      <ItemName>Good2 פסק זמן 36 גרם</ItemName>
      <ManufactureName>שטראוס גרופ בעמ</ManufactureName>
      <ManufactureCountry />
      <ManufactureItemDescription />
      <UnitQty>יח`</UnitQty>
      <Quantity>36</Quantity>
      <UnitMeasure>גרם</UnitMeasure>
      <BisWeighted>0</BisWeighted>
      <QtyInPackage>1</QtyInPackage>
      <ItemPrice>4.90</ItemPrice>
      <UnitOfMeasurePrice>13.61</UnitOfMeasurePrice>
      <AllowDiscount>0</AllowDiscount>
      <itemStatus>1</itemStatus>
      <LastUpdateDate />
      <LastUpdateTime />
    </Product>
    <Product>
      <PriceUpdateDate>2018/03/27 12:00</PriceUpdateDate>
      <ItemCode>72994252</ItemCode>
      <ItemType>0</ItemType>
      <ItemName>נקסט לילך</ItemName>
      <ManufactureName>פיליפ מוריס בעמ</ManufactureName>
      <ManufactureCountry />
      <ManufactureItemDescription />
      <UnitQty>יח`</UnitQty>
      <Quantity>1</Quantity>
      <UnitMeasure />
      <BisWeighted>0</BisWeighted>
      <QtyInPackage>1</QtyInPackage>
      <ItemPrice>27</ItemPrice>
      <UnitOfMeasurePrice>27</UnitOfMeasurePrice>
      <AllowDiscount>0</AllowDiscount>
      <itemStatus>1</itemStatus>
      <LastUpdateDate />
      <LastUpdateTime />
    </Product>
    <Product>
      <PriceUpdateDate>2019/05/07 16:29</PriceUpdateDate>
      <ItemCode>72994269</ItemCode>
      <ItemType>0</ItemType>
      <ItemName>מרלבורו גולד  טאצ`בודד</ItemName>
      <ManufactureName>פיליפ מוריס בעמ</ManufactureName>
      <ManufactureCountry />
      <ManufactureItemDescription />
      <UnitQty>יח`</UnitQty>
      <Quantity>1</Quantity>
      <UnitMeasure />
      <BisWeighted>0</BisWeighted>
      <QtyInPackage>1</QtyInPackage>
      <ItemPrice>28.50</ItemPrice>
      <UnitOfMeasurePrice>28.50</UnitOfMeasurePrice>
      <AllowDiscount>0</AllowDiscount>
      <itemStatus>1</itemStatus>
      <LastUpdateDate />
      <LastUpdateTime />
    </Product>
    <Product>
      <PriceUpdateDate>2019/07/29 15:13</PriceUpdateDate>
      <ItemCode>72994276</ItemCode>
      <ItemType>0</ItemType>
      <ItemName>מרלבורו גולדפין  טאצ`בודד</ItemName>
      <ManufactureName>פיליפ מוריס בעמ</ManufactureName>
      <ManufactureCountry />
      <ManufactureItemDescription />
      <UnitQty>יח`</UnitQty>
      <Quantity>1</Quantity>
      <UnitMeasure />
      <BisWeighted>0</BisWeighted>
      <QtyInPackage>1</QtyInPackage>
      <ItemPrice>28</ItemPrice>
      <UnitOfMeasurePrice>28</UnitOfMeasurePrice>
      <AllowDiscount>0</AllowDiscount>
      <itemStatus>1</itemStatus>
      <LastUpdateDate />
      <LastUpdateTime />
    </Product>
    <Product>
      <PriceUpdateDate>2018/03/27 12:00</PriceUpdateDate>
      <ItemCode>72994603</ItemCode>
      <ItemType>0</ItemType>
      <ItemName>חפיסת סיגריות ריסס פילטר נקסט) (20</ItemName>
      <ManufactureName>פיליפ מוריס בעמ</ManufactureName>
      <ManufactureCountry />
      <ManufactureItemDescription />
      <UnitQty>יח`</UnitQty>
      <Quantity>1</Quantity>
      <UnitMeasure />
      <BisWeighted>0</BisWeighted>
      <QtyInPackage>1</QtyInPackage>
      <ItemPrice>27</ItemPrice>
      <UnitOfMeasurePrice>27</UnitOfMeasurePrice>
      <AllowDiscount>0</AllowDiscount>
      <itemStatus>1</itemStatus>
      <LastUpdateDate />
      <LastUpdateTime />
    </Product>
    <Product>
      <PriceUpdateDate>2018/03/27 12:00</PriceUpdateDate>
      <ItemCode>72994610</ItemCode>
      <ItemType>0</ItemType>
      <ItemName>נקסט ריסס 100</ItemName>
      <ManufactureName>פיליפ מוריס בעמ</ManufactureName>
      <ManufactureCountry />
      <ManufactureItemDescription />
      <UnitQty>יח`</UnitQty>
      <Quantity>1</Quantity>
      <UnitMeasure />
      <BisWeighted>0</BisWeighted>
      <QtyInPackage>1</QtyInPackage>
      <ItemPrice>27</ItemPrice>
      <UnitOfMeasurePrice>27</UnitOfMeasurePrice>
      <AllowDiscount>0</AllowDiscount>
      <itemStatus>1</itemStatus>
      <LastUpdateDate />
      <LastUpdateTime />
    </Product>
    <Product>
      <PriceUpdateDate>2019/11/21 15:32</PriceUpdateDate>
      <ItemCode>72994627</ItemCode>
      <ItemType>0</ItemType>
      <ItemName>נקסט  אדג`בודד</ItemName>
      <ManufactureName>פיליפ מוריס בעמ</ManufactureName>
      <ManufactureCountry />
      <ManufactureItemDescription />
      <UnitQty>יח`</UnitQty>
      <Quantity>1</Quantity>
      <UnitMeasure />
      <BisWeighted>0</BisWeighted>
      <QtyInPackage>1</QtyInPackage>
      <ItemPrice>24</ItemPrice>
      <UnitOfMeasurePrice>24</UnitOfMeasurePrice>
      <AllowDiscount>0</AllowDiscount>
      <itemStatus>1</itemStatus>
      <LastUpdateDate />
      <LastUpdateTime />
    </Product>
    <Product>
      <PriceUpdateDate>2019/11/21 15:32</PriceUpdateDate>
      <ItemCode>72994634</ItemCode>
      <ItemType>0</ItemType>
      <ItemName>נקסט פיין  אדג`בודד</ItemName>
      <ManufactureName>פיליפ מוריס בעמ</ManufactureName>
      <ManufactureCountry />
      <ManufactureItemDescription />
      <UnitQty>יח`</UnitQty>
      <Quantity>1</Quantity>
      <UnitMeasure />
      <BisWeighted>0</BisWeighted>
      <QtyInPackage>1</QtyInPackage>
      <ItemPrice>24</ItemPrice>
      <UnitOfMeasurePrice>24</UnitOfMeasurePrice>
      <AllowDiscount>0</AllowDiscount>
      <itemStatus>1</itemStatus>
      <LastUpdateDate />
      <LastUpdateTime />
    </Product>
    <Product>
      <PriceUpdateDate>2018/12/05 08:22</PriceUpdateDate>
      <ItemCode>76136184</ItemCode>
      <ItemType>0</ItemType>
      <ItemName>פאל מאל סופר סלים כחול</ItemName>
      <ManufactureName>גלוברנדס בעמ - שיווק סיגריות</ManufactureName>
      <ManufactureCountry />
      <ManufactureItemDescription />
      <UnitQty>יח`</UnitQty>
      <Quantity>1</Quantity>
      <UnitMeasure />
      <BisWeighted>0</BisWeighted>
      <QtyInPackage>1</QtyInPackage>
      <ItemPrice>27.50</ItemPrice>
      <UnitOfMeasurePrice>27.50</UnitOfMeasurePrice>
      <AllowDiscount>0</AllowDiscount>
      <itemStatus>1</itemStatus>
      <LastUpdateDate />
      <LastUpdateTime />
    </Product>
    <Product>
      <PriceUpdateDate>2016/06/05 15:29</PriceUpdateDate>
      <ItemCode>78009226</ItemCode>
      <ItemType>0</ItemType>
      <ItemName>דאודורנט סטיק אורגינל דאב (50 גרם)</ItemName>
      <ManufactureName>יוניליוור ישראל שיווק בעמ</ManufactureName>
      <ManufactureCountry />
      <ManufactureItemDescription />
      <UnitQty>יח`</UnitQty>
      <Quantity>50</Quantity>
      <UnitMeasure>גרם</UnitMeasure>
      <BisWeighted>0</BisWeighted>
      <QtyInPackage>1</QtyInPackage>
      <ItemPrice>14.90</ItemPrice>
      <UnitOfMeasurePrice>29.80</UnitOfMeasurePrice>
      <AllowDiscount>0</AllowDiscount>
      <itemStatus>1</itemStatus>
      <LastUpdateDate />
      <LastUpdateTime />
    </Product>
    <Product>
      <PriceUpdateDate>2017/12/17 10:10</PriceUpdateDate>
      <ItemCode>80050780</ItemCode>
      <ItemType>0</ItemType>
      <ItemName>טיק טק ספירמינט 16  גר`T1</ItemName>
      <ManufactureName>פרימיום-חברה לדברי מתיקה ולמסח</ManufactureName>
      <ManufactureCountry />
      <ManufactureItemDescription />
      <UnitQty>יח`</UnitQty>
      <Quantity>16</Quantity>
      <UnitMeasure>גרם</UnitMeasure>
      <BisWeighted>0</BisWeighted>
      <QtyInPackage>1</QtyInPackage>
      <ItemPrice>3</ItemPrice>
      <UnitOfMeasurePrice>18.75</UnitOfMeasurePrice>
      <AllowDiscount>0</AllowDiscount>
      <itemStatus>1</itemStatus>
      <LastUpdateDate />
      <LastUpdateTime />
    </Product>
    <Product>
      <PriceUpdateDate>2015/01/12 09:46</PriceUpdateDate>
      <ItemCode>80052487</ItemCode>
      <ItemType>0</ItemType>
      <ItemName>חטיף רפאלו פררו (30 גרם)</ItemName>
      <ManufactureName>פרימיום-חברה לדברי מתיקה ולמסח</ManufactureName>
      <ManufactureCountry />
      <ManufactureItemDescription />
      <UnitQty>יח`</UnitQty>
      <Quantity>1</Quantity>
      <UnitMeasure>יח`</UnitMeasure>
      <BisWeighted>0</BisWeighted>
      <QtyInPackage>1</QtyInPackage>
      <ItemPrice>3.90</ItemPrice>
      <UnitOfMeasurePrice>3.90</UnitOfMeasurePrice>
      <AllowDiscount>0</AllowDiscount>
      <itemStatus>1</itemStatus>
      <LastUpdateDate />
      <LastUpdateTime />
    </Product>
    <Product>
      <PriceUpdateDate>2017/01/22 08:14</PriceUpdateDate>
      <ItemCode>80052760</ItemCode>
      <ItemType>0</ItemType>
      <ItemName>בואנו קינדר בודד</ItemName>
      <ManufactureName>פרימיום-חברה לדברי מתיקה ולמסח</ManufactureName>
      <ManufactureCountry />
      <ManufactureItemDescription />
      <UnitQty>יח`</UnitQty>
      <Quantity>1</Quantity>
      <UnitMeasure />
      <BisWeighted>0</BisWeighted>
      <QtyInPackage>1</QtyInPackage>
      <ItemPrice>3.90</ItemPrice>
      <UnitOfMeasurePrice>3.90</UnitOfMeasurePrice>
      <AllowDiscount>0</AllowDiscount>
      <itemStatus>1</itemStatus>
      <LastUpdateDate />
      <LastUpdateTime />
    </Product>
    <Product>
      <PriceUpdateDate>2017/12/12 08:37</PriceUpdateDate>
      <ItemCode>80136194</ItemCode>
      <ItemType>0</ItemType>
      <ItemName>חטיף היפו אגוזי לוז 5 יח</ItemName>
      <ManufactureName>פרימיום-חברה לדברי מתיקה ולמסח</ManufactureName>
      <ManufactureCountry />
      <ManufactureItemDescription />
      <UnitQty>יח`</UnitQty>
      <Quantity>90</Quantity>
      <UnitMeasure>גרם</UnitMeasure>
      <BisWeighted>0</BisWeighted>
      <QtyInPackage>1</QtyInPackage>
      <ItemPrice>11.90</ItemPrice>
      <UnitOfMeasurePrice>13.22</UnitOfMeasurePrice>
      <AllowDiscount>0</AllowDiscount>
      <itemStatus>1</itemStatus>
      <LastUpdateDate />
      <LastUpdateTime />
    </Product>
    <Product>
      <PriceUpdateDate>2014/05/11 17:32</PriceUpdateDate>
      <ItemCode>80176732</ItemCode>
      <ItemType>0</ItemType>
      <ItemName>חטיף הפי היפו בודד</ItemName>
      <ManufactureName>פרימיום-חברה לדברי מתיקה ולמסח</ManufactureName>
      <ManufactureCountry />
      <ManufactureItemDescription />
      <UnitQty>יח`</UnitQty>
      <Quantity>35</Quantity>
      <UnitMeasure>גרם</UnitMeasure>
      <BisWeighted>0</BisWeighted>
      <QtyInPackage>1</QtyInPackage>
      <ItemPrice>2.90</ItemPrice>
      <UnitOfMeasurePrice>8.29</UnitOfMeasurePrice>
      <AllowDiscount>0</AllowDiscount>
      <itemStatus>1</itemStatus>
      <LastUpdateDate />
      <LastUpdateTime />
    </Product>
    <Product>
      <PriceUpdateDate>2019/12/26 12:20</PriceUpdateDate>
      <ItemCode>80176800</ItemCode>
      <ItemType>0</ItemType>
      <ItemName>ממרח אגוזי לוז נוטלה (750 גרם)</ItemName>
      <ManufactureName>פרימיום-חברה לדברי מתיקה ולמסח</ManufactureName>
      <ManufactureCountry />
      <ManufactureItemDescription />
      <UnitQty>יח`</UnitQty>
      <Quantity>750</Quantity>
      <UnitMeasure>גרם</UnitMeasure>
      <BisWeighted>0</BisWeighted>
      <QtyInPackage>1</QtyInPackage>
      <ItemPrice>24.90</ItemPrice>
      <UnitOfMeasurePrice>3.32</UnitOfMeasurePrice>
      <AllowDiscount>0</AllowDiscount>
      <itemStatus>1</itemStatus>
      <LastUpdateDate />
      <LastUpdateTime />
    </Product>
    <Product>
      <PriceUpdateDate>2019/12/24 13:10</PriceUpdateDate>
      <ItemCode>80177173</ItemCode>
      <ItemType>0</ItemType>
      <ItemName>ממרח אגוזי לוז נוטלה (350 גרם)</ItemName>
      <ManufactureName>פרימיום-חברה לדברי מתיקה ולמסח</ManufactureName>
      <ManufactureCountry />
      <ManufactureItemDescription />
      <UnitQty>יח`</UnitQty>
      <Quantity>350</Quantity>
      <UnitMeasure>גרם</UnitMeasure>
      <BisWeighted>0</BisWeighted>
      <QtyInPackage>1</QtyInPackage>
      <ItemPrice>14.90</ItemPrice>
      <UnitOfMeasurePrice>4.26</UnitOfMeasurePrice>
      <AllowDiscount>0</AllowDiscount>
      <itemStatus>1</itemStatus>
      <LastUpdateDate />
      <LastUpdateTime />
    </Product>
    <Product>
      <PriceUpdateDate>2017/01/22 08:14</PriceUpdateDate>
      <ItemCode>80177609</ItemCode>
      <ItemType>0</ItemType>
      <ItemName>קינדר שוקולד 50 גר</ItemName>
      <ManufactureName>פרימיום-חברה לדברי מתיקה ולמסח</ManufactureName>
      <ManufactureCountry />
      <ManufactureItemDescription />
      <UnitQty>יח`</UnitQty>
      <Quantity>50</Quantity>
      <UnitMeasure>גרם</UnitMeasure>
      <BisWeighted>0</BisWeighted>
      <QtyInPackage>1</QtyInPackage>
      <ItemPrice>3.90</ItemPrice>
      <UnitOfMeasurePrice>7.80</UnitOfMeasurePrice>
      <AllowDiscount>0</AllowDiscount>
      <itemStatus>1</itemStatus>
      <LastUpdateDate />
      <LastUpdateTime />
    </Product>
    <Product>
      <PriceUpdateDate>2019/12/24 13:10</PriceUpdateDate>
      <ItemCode>80177616</ItemCode>
      <ItemType>0</ItemType>
      <ItemName>אצבעות שוקולד קינדר (8 יח` - 100 גרם)</ItemName>
      <ManufactureName>פרימיום-חברה לדברי מתיקה ולמסח</ManufactureName>
      <ManufactureCountry />
      <ManufactureItemDescription />
      <UnitQty>יח`</UnitQty>
      <Quantity>1</Quantity>
      <UnitMeasure />
      <BisWeighted>0</BisWeighted>
      <QtyInPackage>1</QtyInPackage>
      <ItemPrice>7.90</ItemPrice>
      <UnitOfMeasurePrice>7.90</UnitOfMeasurePrice>
      <AllowDiscount>0</AllowDiscount>
      <itemStatus>1</itemStatus>
      <LastUpdateDate />
      <LastUpdateTime />
    </Product>
    <Product>
      <PriceUpdateDate>2019/09/15 13:35</PriceUpdateDate>
      <ItemCode>80310167</ItemCode>
      <ItemType>0</ItemType>
      <ItemName>קינדר מקסי שישיה</ItemName>
      <ManufactureName>פרימיום-חברה לדברי מתיקה ולמסח</ManufactureName>
      <ManufactureCountry />
      <ManufactureItemDescription />
      <UnitQty>יח`</UnitQty>
      <Quantity>125</Quantity>
      <UnitMeasure>גרם</UnitMeasure>
      <BisWeighted>0</BisWeighted>
      <QtyInPackage>1</QtyInPackage>
      <ItemPrice>9.90</ItemPrice>
      <UnitOfMeasurePrice>7.92</UnitOfMeasurePrice>
      <AllowDiscount>0</AllowDiscount>
      <itemStatus>1</itemStatus>
      <LastUpdateDate />
      <LastUpdateTime />
    </Product>
    <Product>
      <PriceUpdateDate>2019/12/24 13:10</PriceUpdateDate>
      <ItemCode>80768258</ItemCode>
      <ItemType>0</ItemType>
      <ItemName>ביצת קינדר ג`וי בודד ורוד</ItemName>
      <ManufactureName>פרימיום-חברה לדברי מתיקה ולמסח</ManufactureName>
      <ManufactureCountry />
      <ManufactureItemDescription />
      <UnitQty>יח`</UnitQty>
      <Quantity>20</Quantity>
      <UnitMeasure>גרם</UnitMeasure>
      <BisWeighted>0</BisWeighted>
      <QtyInPackage>1</QtyInPackage>
      <ItemPrice>4.90</ItemPrice>
      <UnitOfMeasurePrice>24.50</UnitOfMeasurePrice>
      <AllowDiscount>0</AllowDiscount>
      <itemStatus>1</itemStatus>
      <LastUpdateDate />
      <LastUpdateTime />
    </Product>
    <Product>
      <PriceUpdateDate>2019/06/30 12:22</PriceUpdateDate>
      <ItemCode>80768838</ItemCode>
      <ItemType>0</ItemType>
      <ItemName>מסטיק מנטוס וויט ביג בטעם מנטה פירות 10</ItemName>
      <ManufactureName>ליימן שליסל בעמ</ManufactureName>
      <ManufactureCountry />
      <ManufactureItemDescription />
      <UnitQty>יח`</UnitQty>
      <Quantity>105</Quantity>
      <UnitMeasure>גרם</UnitMeasure>
      <BisWeighted>0</BisWeighted>
      <QtyInPackage>1</QtyInPackage>
      <ItemPrice>16.90</ItemPrice>
      <UnitOfMeasurePrice>16.10</UnitOfMeasurePrice>
      <AllowDiscount>0</AllowDiscount>
      <itemStatus>1</itemStatus>
      <LastUpdateDate />
      <LastUpdateTime />
    </Product>
    <Product>
      <PriceUpdateDate>2019/11/26 14:05</PriceUpdateDate>
      <ItemCode>80769545</ItemCode>
      <ItemType>0</ItemType>
      <ItemName>מסטיק מנטוס פיור פרש בבקבוק בינוני בטעם</ItemName>
      <ManufactureName>ליימן שליסל בעמ</ManufactureName>
      <ManufactureCountry />
      <ManufactureItemDescription />
      <UnitQty>יח`</UnitQty>
      <Quantity>60</Quantity>
      <UnitMeasure>גרם</UnitMeasure>
      <BisWeighted>0</BisWeighted>
      <QtyInPackage>1</QtyInPackage>
      <ItemPrice>9.90</ItemPrice>
      <UnitOfMeasurePrice>16.50</UnitOfMeasurePrice>
      <AllowDiscount>1</AllowDiscount>
      <itemStatus>1</itemStatus>
      <LastUpdateDate />
      <LastUpdateTime />
    </Product>
    <Product>
      <PriceUpdateDate>2019/11/26 14:05</PriceUpdateDate>
      <ItemCode>80769699</ItemCode>
      <ItemType>0</ItemType>
      <ItemName>מסטיק מנטוס וויט מנטה פירות</ItemName>
      <ManufactureName>ליימן שליסל בעמ</ManufactureName>
      <ManufactureCountry />
      <ManufactureItemDescription />
      <UnitQty>יח`</UnitQty>
      <Quantity>1</Quantity>
      <UnitMeasure />
      <BisWeighted>0</BisWeighted>
      <QtyInPackage>1</QtyInPackage>
      <ItemPrice>9.90</ItemPrice>
      <UnitOfMeasurePrice>9.90</UnitOfMeasurePrice>
      <AllowDiscount>1</AllowDiscount>
      <itemStatus>1</itemStatus>
      <LastUpdateDate />
      <LastUpdateTime />
    </Product>
    <Product>
      <PriceUpdateDate>2019/11/26 14:05</PriceUpdateDate>
      <ItemCode>80773429</ItemCode>
      <ItemType>0</ItemType>
      <ItemName>מסטיק מנטוס פיור פרש בקבוק בינוני בטעם ת</ItemName>
      <ManufactureName>ליימן שליסל בעמ</ManufactureName>
      <ManufactureCountry />
      <ManufactureItemDescription />
      <UnitQty>יח`</UnitQty>
      <Quantity>60</Quantity>
      <UnitMeasure>גרם</UnitMeasure>
      <BisWeighted>0</BisWeighted>
      <QtyInPackage>1</QtyInPackage>
      <ItemPrice>9.90</ItemPrice>
      <UnitOfMeasurePrice>16.50</UnitOfMeasurePrice>
      <AllowDiscount>1</AllowDiscount>
      <itemStatus>1</itemStatus>
      <LastUpdateDate />
      <LastUpdateTime />
    </Product>
    <Product>
      <PriceUpdateDate>2019/11/26 14:05</PriceUpdateDate>
      <ItemCode>80773443</ItemCode>
      <ItemType>0</ItemType>
      <ItemName>מסטיק מנטוס בבקבוק מעוגל בטעם מנטה עדין</ItemName>
      <ManufactureName>ליימן שליסל בעמ</ManufactureName>
      <ManufactureCountry />
      <ManufactureItemDescription />
      <UnitQty>יח`</UnitQty>
      <Quantity>60</Quantity>
      <UnitMeasure>גרם</UnitMeasure>
      <BisWeighted>0</BisWeighted>
      <QtyInPackage>1</QtyInPackage>
      <ItemPrice>9.90</ItemPrice>
      <UnitOfMeasurePrice>16.50</UnitOfMeasurePrice>
      <AllowDiscount>1</AllowDiscount>
      <itemStatus>1</itemStatus>
      <LastUpdateDate />
      <LastUpdateTime />
    </Product>
    <Product>
      <PriceUpdateDate>2019/06/30 12:22</PriceUpdateDate>
      <ItemCode>80776307</ItemCode>
      <ItemType>0</ItemType>
      <ItemName>מסטיק מנטוס ביג בבקבוק מעוגל בטעם פירות</ItemName>
      <ManufactureName>ליימן שליסל בעמ</ManufactureName>
      <ManufactureCountry />
      <ManufactureItemDescription />
      <UnitQty>יח`</UnitQty>
      <Quantity>1</Quantity>
      <UnitMeasure />
      <BisWeighted>0</BisWeighted>
      <QtyInPackage>1</QtyInPackage>
      <ItemPrice>16.90</ItemPrice>
      <UnitOfMeasurePrice>16.90</UnitOfMeasurePrice>
      <AllowDiscount>0</AllowDiscount>
      <itemStatus>1</itemStatus>
      <LastUpdateDate />
      <LastUpdateTime />
    </Product>
    <Product>
      <PriceUpdateDate>2019/06/30 12:22</PriceUpdateDate>
      <ItemCode>80780595</ItemCode>
      <ItemType>0</ItemType>
      <ItemName>מסטיק מנטוס ביג בבקבוק מעוגל בטעם מנטה ע</ItemName>
      <ManufactureName>ליימן שליסל בעמ</ManufactureName>
      <ManufactureCountry />
      <ManufactureItemDescription />
      <UnitQty>יח`</UnitQty>
      <Quantity>1</Quantity>
      <UnitMeasure />
      <BisWeighted>0</BisWeighted>
      <QtyInPackage>1</QtyInPackage>
      <ItemPrice>16.90</ItemPrice>
      <UnitOfMeasurePrice>16.90</UnitOfMeasurePrice>
      <AllowDiscount>0</AllowDiscount>
      <itemStatus>1</itemStatus>
      <LastUpdateDate />
      <LastUpdateTime />
    </Product>
    <Product>
      <PriceUpdateDate>2019/11/26 14:05</PriceUpdateDate>
      <ItemCode>80790990</ItemCode>
      <ItemType>0</ItemType>
      <ItemName>מסטיק מנטוס בבקבוק מעוגל בטעם פירות מנטה</ItemName>
      <ManufactureName>ליימן שליסל בעמ</ManufactureName>
      <ManufactureCountry />
      <ManufactureItemDescription />
      <UnitQty>יח`</UnitQty>
      <Quantity>60</Quantity>
      <UnitMeasure>גרם</UnitMeasure>
      <BisWeighted>0</BisWeighted>
      <QtyInPackage>1</QtyInPackage>
      <ItemPrice>9.90</ItemPrice>
      <UnitOfMeasurePrice>16.50</UnitOfMeasurePrice>
      <AllowDiscount>1</AllowDiscount>
      <itemStatus>1</itemStatus>
      <LastUpdateDate />
      <LastUpdateTime />
    </Product>
    <Product>
      <PriceUpdateDate>2018/02/06 10:09</PriceUpdateDate>
      <ItemCode>80817109</ItemCode>
      <ItemType>0</ItemType>
      <ItemName>מסטיק 3D תות תפוח פטל מנטוס (33 גרם)</ItemName>
      <ManufactureName>ליימן שליסל בעמ</ManufactureName>
      <ManufactureCountry />
      <ManufactureItemDescription />
      <UnitQty>יח`</UnitQty>
      <Quantity>1</Quantity>
      <UnitMeasure />
      <BisWeighted>0</BisWeighted>
      <QtyInPackage>1</QtyInPackage>
      <ItemPrice>7.90</ItemPrice>
      <UnitOfMeasurePrice>7.90</UnitOfMeasurePrice>
      <AllowDiscount>0</AllowDiscount>
      <itemStatus>1</itemStatus>
      <LastUpdateDate />
      <LastUpdateTime />
    </Product>
    <Product>
      <PriceUpdateDate>2019/11/26 14:05</PriceUpdateDate>
      <ItemCode>80828174</ItemCode>
      <ItemType>0</ItemType>
      <ItemName>מסטיק מנטוס וויט מנטה</ItemName>
      <ManufactureName>ליימן שליסל בעמ</ManufactureName>
      <ManufactureCountry />
      <ManufactureItemDescription />
      <UnitQty>יח`</UnitQty>
      <Quantity>1</Quantity>
      <UnitMeasure />
      <BisWeighted>0</BisWeighted>
      <QtyInPackage>1</QtyInPackage>
      <ItemPrice>9.90</ItemPrice>
      <UnitOfMeasurePrice>9.90</UnitOfMeasurePrice>
      <AllowDiscount>1</AllowDiscount>
      <itemStatus>1</itemStatus>
      <LastUpdateDate />
      <LastUpdateTime />
    </Product>
    <Product>
      <PriceUpdateDate>2019/11/26 14:05</PriceUpdateDate>
      <ItemCode>80850885</ItemCode>
      <ItemType>0</ItemType>
      <ItemName>מסטיק מנטוס וויט מנטה עדינה</ItemName>
      <ManufactureName>ליימן שליסל בעמ</ManufactureName>
      <ManufactureCountry />
      <ManufactureItemDescription />
      <UnitQty>יח`</UnitQty>
      <Quantity>1</Quantity>
      <UnitMeasure />
      <BisWeighted>0</BisWeighted>
      <QtyInPackage>1</QtyInPackage>
      <ItemPrice>9.90</ItemPrice>
      <UnitOfMeasurePrice>9.90</UnitOfMeasurePrice>
      <AllowDiscount>1</AllowDiscount>
      <itemStatus>1</itemStatus>
      <LastUpdateDate />
      <LastUpdateTime />
    </Product>
    <Product>
      <PriceUpdateDate>2019/11/26 14:05</PriceUpdateDate>
      <ItemCode>80896081</ItemCode>
      <ItemType>0</ItemType>
      <ItemName>מסטיק מנטוס פיור פרש בקבוק בינוני בטעם א</ItemName>
      <ManufactureName>ליימן שליסל בעמ</ManufactureName>
      <ManufactureCountry />
      <ManufactureItemDescription />
      <UnitQty>יח`</UnitQty>
      <Quantity>60</Quantity>
      <UnitMeasure>גרם</UnitMeasure>
      <BisWeighted>0</BisWeighted>
      <QtyInPackage>1</QtyInPackage>
      <ItemPrice>9.90</ItemPrice>
      <UnitOfMeasurePrice>16.50</UnitOfMeasurePrice>
      <AllowDiscount>1</AllowDiscount>
      <itemStatus>1</itemStatus>
      <LastUpdateDate />
      <LastUpdateTime />
    </Product>
    <Product>
      <PriceUpdateDate>2019/11/26 14:05</PriceUpdateDate>
      <ItemCode>80913467</ItemCode>
      <ItemType>0</ItemType>
      <ItemName>מסטיק מנטוס בבקבוק מעוגל בטעם מנטה 60 גר</ItemName>
      <ManufactureName>ליימן שליסל בעמ</ManufactureName>
      <ManufactureCountry />
      <ManufactureItemDescription />
      <UnitQty>יח`</UnitQty>
      <Quantity>60</Quantity>
      <UnitMeasure>גרם</UnitMeasure>
      <BisWeighted>0</BisWeighted>
      <QtyInPackage>1</QtyInPackage>
      <ItemPrice>9.90</ItemPrice>
      <UnitOfMeasurePrice>16.50</UnitOfMeasurePrice>
      <AllowDiscount>1</AllowDiscount>
      <itemStatus>1</itemStatus>
      <LastUpdateDate />
      <LastUpdateTime />
    </Product>
    <Product>
      <PriceUpdateDate>2019/11/26 14:05</PriceUpdateDate>
      <ItemCode>80948698</ItemCode>
      <ItemType>0</ItemType>
      <ItemName>מסטיק מנטוס פיור בבקבוק בינוני בטעם טרופ</ItemName>
      <ManufactureName>ליימן שליסל בעמ</ManufactureName>
      <ManufactureCountry />
      <ManufactureItemDescription />
      <UnitQty>יח`</UnitQty>
      <Quantity>60</Quantity>
      <UnitMeasure>גרם</UnitMeasure>
      <BisWeighted>0</BisWeighted>
      <QtyInPackage>1</QtyInPackage>
      <ItemPrice>9.90</ItemPrice>
      <UnitOfMeasurePrice>16.50</UnitOfMeasurePrice>
      <AllowDiscount>1</AllowDiscount>
      <itemStatus>1</itemStatus>
      <LastUpdateDate />
      <LastUpdateTime />
    </Product>
    <Product>
      <PriceUpdateDate>2019/12/24 13:10</PriceUpdateDate>
      <ItemCode>80974482</ItemCode>
      <ItemType>0</ItemType>
      <ItemName>ביצת קינדר ג`וי בודד כחול</ItemName>
      <ManufactureName>פרימיום-חברה לדברי מתיקה ולמסח</ManufactureName>
      <ManufactureCountry />
      <ManufactureItemDescription />
      <UnitQty>יח`</UnitQty>
      <Quantity>20</Quantity>
      <UnitMeasure>גרם</UnitMeasure>
      <BisWeighted>0</BisWeighted>
      <QtyInPackage>1</QtyInPackage>
      <ItemPrice>4.90</ItemPrice>
      <UnitOfMeasurePrice>24.50</UnitOfMeasurePrice>
      <AllowDiscount>0</AllowDiscount>
      <itemStatus>1</itemStatus>
      <LastUpdateDate />
      <LastUpdateTime />
    </Product>
    <Product>
      <PriceUpdateDate>2015/02/02 15:14</PriceUpdateDate>
      <ItemCode>87108651</ItemCode>
      <ItemType>0</ItemType>
      <ItemName>מנטוס רביעיה</ItemName>
      <ManufactureName>ליימן שליסל בעמ</ManufactureName>
      <ManufactureCountry />
      <ManufactureItemDescription />
      <UnitQty>יח`</UnitQty>
      <Quantity>1</Quantity>
      <UnitMeasure />
      <BisWeighted>0</BisWeighted>
      <QtyInPackage>1</QtyInPackage>
      <ItemPrice>11.90</ItemPrice>
      <UnitOfMeasurePrice>11.90</UnitOfMeasurePrice>
      <AllowDiscount>0</AllowDiscount>
      <itemStatus>1</itemStatus>
      <LastUpdateDate />
      <LastUpdateTime />
    </Product>
    <Product>
      <PriceUpdateDate>2015/02/02 15:14</PriceUpdateDate>
      <ItemCode>87108712</ItemCode>
      <ItemType>0</ItemType>
      <ItemName>מנטוס רביעיה</ItemName>
      <ManufactureName>ליימן שליסל בעמ</ManufactureName>
      <ManufactureCountry />
      <ManufactureItemDescription />
      <UnitQty>יח`</UnitQty>
      <Quantity>150</Quantity>
      <UnitMeasure>גרם</UnitMeasure>
      <BisWeighted>0</BisWeighted>
      <QtyInPackage>1</QtyInPackage>
      <ItemPrice>11.90</ItemPrice>
      <UnitOfMeasurePrice>7.93</UnitOfMeasurePrice>
      <AllowDiscount>0</AllowDiscount>
      <itemStatus>1</itemStatus>
      <LastUpdateDate />
      <LastUpdateTime />
    </Product>
    <Product>
      <PriceUpdateDate>2018/02/06 10:09</PriceUpdateDate>
      <ItemCode>87311396</ItemCode>
      <ItemType>0</ItemType>
      <ItemName>מנטוס גליל 7 טעמים</ItemName>
      <ManufactureName>ליימן שליסל בעמ</ManufactureName>
      <ManufactureCountry />
      <ManufactureItemDescription />
      <UnitQty>יח`</UnitQty>
      <Quantity>37.50</Quantity>
      <UnitMeasure>גרם</UnitMeasure>
      <BisWeighted>0</BisWeighted>
      <QtyInPackage>1</QtyInPackage>
      <ItemPrice>3.90</ItemPrice>
      <UnitOfMeasurePrice>10.40</UnitOfMeasurePrice>
      <AllowDiscount>0</AllowDiscount>
      <itemStatus>1</itemStatus>
      <LastUpdateDate />
      <LastUpdateTime />
    </Product>
    <Product>
      <PriceUpdateDate>2020/01/19 12:04</PriceUpdateDate>
      <ItemCode>90087066</ItemCode>
      <ItemType>0</ItemType>
      <ItemName>מיץ תפוזים 100% 1 ליטר</ItemName>
      <ManufactureName>תומר יבוא ושיווק מוצרי מזון (1</ManufactureName>
      <ManufactureCountry />
      <ManufactureItemDescription />
      <UnitQty>יח`</UnitQty>
      <Quantity>1</Quantity>
      <UnitMeasure />
      <BisWeighted>0</BisWeighted>
      <QtyInPackage>1</QtyInPackage>
      <ItemPrice>9.90</ItemPrice>
      <UnitOfMeasurePrice>9.90</UnitOfMeasurePrice>
      <AllowDiscount>1</AllowDiscount>
      <itemStatus>1</itemStatus>
      <LastUpdateDate />
      <LastUpdateTime />
    </Product>
    <Product>
      <PriceUpdateDate>2020/01/14 17:55</PriceUpdateDate>
      <ItemCode>90087271</ItemCode>
      <ItemType>0</ItemType>
      <ItemName>נקטר אוכמניות 1 ליטר</ItemName>
      <ManufactureName>תומר יבוא ושיווק מוצרי מזון (1</ManufactureName>
      <ManufactureCountry />
      <ManufactureItemDescription />
      <UnitQty>יח`</UnitQty>
      <Quantity>1</Quantity>
      <UnitMeasure />
      <BisWeighted>0</BisWeighted>
      <QtyInPackage>1</QtyInPackage>
      <ItemPrice>9.90</ItemPrice>
      <UnitOfMeasurePrice>9.90</UnitOfMeasurePrice>
      <AllowDiscount>1</AllowDiscount>
      <itemStatus>1</itemStatus>
      <LastUpdateDate />
      <LastUpdateTime />
    </Product>
    <Product>
      <PriceUpdateDate>2020/01/14 17:55</PriceUpdateDate>
      <ItemCode>90087974</ItemCode>
      <ItemType>0</ItemType>
      <ItemName>חומץ טבעי מתפוחים 750 מל תומר</ItemName>
      <ManufactureName>תומר יבוא ושיווק מוצרי מזון (1</ManufactureName>
      <ManufactureCountry />
      <ManufactureItemDescription />
      <UnitQty>יח`</UnitQty>
      <Quantity>750</Quantity>
      <UnitMeasure>מ"ל</UnitMeasure>
      <BisWeighted>0</BisWeighted>
      <QtyInPackage>1</QtyInPackage>
      <ItemPrice>12.90</ItemPrice>
      <UnitOfMeasurePrice>1.72</UnitOfMeasurePrice>
      <AllowDiscount>0</AllowDiscount>
      <itemStatus>1</itemStatus>
      <LastUpdateDate />
      <LastUpdateTime />
    </Product>
    <Product>
      <PriceUpdateDate>2018/12/02 14:16</PriceUpdateDate>
      <ItemCode>11182700923</ItemCode>
      <ItemType>0</ItemType>
      <ItemName>קינג קול שעועית אדומה בהירה 439 גרם</ItemName>
      <ManufactureName>מור-ים מרקטינג בעמ</ManufactureName>
      <ManufactureCountry />
      <ManufactureItemDescription />
      <UnitQty>יח`</UnitQty>
      <Quantity>439</Quantity>
      <UnitMeasure>גרם</UnitMeasure>
      <BisWeighted>0</BisWeighted>
      <QtyInPackage>1</QtyInPackage>
      <ItemPrice>9.90</ItemPrice>
      <UnitOfMeasurePrice>2.26</UnitOfMeasurePrice>
      <AllowDiscount>0</AllowDiscount>
      <itemStatus>1</itemStatus>
      <LastUpdateDate />
      <LastUpdateTime />
    </Product>
    <Product>
      <PriceUpdateDate>2015/12/02 13:37</PriceUpdateDate>
      <ItemCode>11210000094</ItemCode>
      <ItemType>0</ItemType>
      <ItemName>טבסקו</ItemName>
      <ManufactureName>ציון תורג`מן בעמ</ManufactureName>
      <ManufactureCountry />
      <ManufactureItemDescription />
      <UnitQty>יח`</UnitQty>
      <Quantity>60</Quantity>
      <UnitMeasure>מ"ל</UnitMeasure>
      <BisWeighted>0</BisWeighted>
      <QtyInPackage>1</QtyInPackage>
      <ItemPrice>12.90</ItemPrice>
      <UnitOfMeasurePrice>21.50</UnitOfMeasurePrice>
      <AllowDiscount>1</AllowDiscount>
      <itemStatus>1</itemStatus>
      <LastUpdateDate />
      <LastUpdateTime />
    </Product>
    <Product>
      <PriceUpdateDate>2015/01/12 12:12</PriceUpdateDate>
      <ItemCode>11210002500</ItemCode>
      <ItemType>0</ItemType>
      <ItemName>טבסקו באפלו 150</ItemName>
      <ManufactureName>ציון תורג`מן בעמ</ManufactureName>
      <ManufactureCountry />
      <ManufactureItemDescription />
      <UnitQty>יח`</UnitQty>
      <Quantity>150</Quantity>
      <UnitMeasure>מ"ל</UnitMeasure>
      <BisWeighted>0</BisWeighted>
      <QtyInPackage>1</QtyInPackage>
      <ItemPrice>22.90</ItemPrice>
      <UnitOfMeasurePrice>15.27</UnitOfMeasurePrice>
      <AllowDiscount>1</AllowDiscount>
      <itemStatus>1</itemStatus>
      <LastUpdateDate />
      <LastUpdateTime />
    </Product>
    <Product>
      <PriceUpdateDate>2015/01/12 12:12</PriceUpdateDate>
      <ItemCode>11210006508</ItemCode>
      <ItemType>0</ItemType>
      <ItemName>רוטב טבסקו</ItemName>
      <ManufactureName>ציון תורג`מן בעמ</ManufactureName>
      <ManufactureCountry />
      <ManufactureItemDescription />
      <UnitQty>יח`</UnitQty>
      <Quantity>60</Quantity>
      <UnitMeasure>מ"ל</UnitMeasure>
      <BisWeighted>0</BisWeighted>
      <QtyInPackage>1</QtyInPackage>
      <ItemPrice>20.90</ItemPrice>
      <UnitOfMeasurePrice>34.83</UnitOfMeasurePrice>
      <AllowDiscount>1</AllowDiscount>
      <itemStatus>1</itemStatus>
      <LastUpdateDate />
      <LastUpdateTime />
    </Product>
    <Product>
      <PriceUpdateDate>2015/12/02 13:37</PriceUpdateDate>
      <ItemCode>11210007253</ItemCode>
      <ItemType>0</ItemType>
      <ItemName>טבסקו שום</ItemName>
      <ManufactureName>ציון תורג`מן בעמ</ManufactureName>
      <ManufactureCountry />
      <ManufactureItemDescription />
      <UnitQty>יח`</UnitQty>
      <Quantity>60</Quantity>
      <UnitMeasure>מ"ל</UnitMeasure>
      <BisWeighted>0</BisWeighted>
      <QtyInPackage>1</QtyInPackage>
      <ItemPrice>12.90</ItemPrice>
      <UnitOfMeasurePrice>21.50</UnitOfMeasurePrice>
      <AllowDiscount>1</AllowDiscount>
      <itemStatus>1</itemStatus>
      <LastUpdateDate />
      <LastUpdateTime />
    </Product>
    <Product>
      <PriceUpdateDate>2017/11/26 13:20</PriceUpdateDate>
      <ItemCode>11210698055</ItemCode>
      <ItemType>0</ItemType>
      <ItemName>טבסקו רוטב סרירצה 556 גר`</ItemName>
      <ManufactureName>ציון תורג`מן בעמ</ManufactureName>
      <ManufactureCountry />
      <ManufactureItemDescription />
      <UnitQty>יח`</UnitQty>
      <Quantity>556</Quantity>
      <UnitMeasure>מ"ל</UnitMeasure>
      <BisWeighted>0</BisWeighted>
      <QtyInPackage>1</QtyInPackage>
      <ItemPrice>29.90</ItemPrice>
      <UnitOfMeasurePrice>5.38</UnitOfMeasurePrice>
      <AllowDiscount>0</AllowDiscount>
      <itemStatus>1</itemStatus>
      <LastUpdateDate />
      <LastUpdateTime />
    </Product>
    <Product>
      <PriceUpdateDate>2015/03/02 10:14</PriceUpdateDate>
      <ItemCode>16000281684</ItemCode>
      <ItemType>0</ItemType>
      <ItemName>נייטשר וואלי 210 גר` פקאן</ItemName>
      <ManufactureName>ליימן שליסל בעמ</ManufactureName>
      <ManufactureCountry />
      <ManufactureItemDescription />
      <UnitQty>יח`</UnitQty>
      <Quantity>210</Quantity>
      <UnitMeasure>גרם</UnitMeasure>
      <BisWeighted>0</BisWeighted>
      <QtyInPackage>1</QtyInPackage>
      <ItemPrice>19.90</ItemPrice>
      <UnitOfMeasurePrice>9.48</UnitOfMeasurePrice>
      <AllowDiscount>1</AllowDiscount>
      <itemStatus>1</itemStatus>
      <LastUpdateDate />
      <LastUpdateTime />
    </Product>
    <Product>
      <PriceUpdateDate>2015/03/02 10:14</PriceUpdateDate>
      <ItemCode>16000423534</ItemCode>
      <ItemType>0</ItemType>
      <ItemName>נייטשר וואלי 210 גר` שיבולת שועל ושוקולד</ItemName>
      <ManufactureName>ליימן שליסל בעמ</ManufactureName>
      <ManufactureCountry />
      <ManufactureItemDescription />
      <UnitQty>יח`</UnitQty>
      <Quantity>210</Quantity>
      <UnitMeasure>גרם</UnitMeasure>
      <BisWeighted>0</BisWeighted>
      <QtyInPackage>1</QtyInPackage>
      <ItemPrice>19.90</ItemPrice>
      <UnitOfMeasurePrice>9.48</UnitOfMeasurePrice>
      <AllowDiscount>1</AllowDiscount>
      <itemStatus>1</itemStatus>
      <LastUpdateDate />
      <LastUpdateTime />
    </Product>
    <Product>
      <PriceUpdateDate>2015/03/02 10:14</PriceUpdateDate>
      <ItemCode>16000548404</ItemCode>
      <ItemType>0</ItemType>
      <ItemName>נייטשר וואלי 210 גר` שיבולת שועל ודבש</ItemName>
      <ManufactureName>ליימן שליסל בעמ</ManufactureName>
      <ManufactureCountry />
      <ManufactureItemDescription />
      <UnitQty>יח`</UnitQty>
      <Quantity>175</Quantity>
      <UnitMeasure>גרם</UnitMeasure>
      <BisWeighted>0</BisWeighted>
      <QtyInPackage>1</QtyInPackage>
      <ItemPrice>19.90</ItemPrice>
      <UnitOfMeasurePrice>11.37</UnitOfMeasurePrice>
      <AllowDiscount>1</AllowDiscount>
      <itemStatus>1</itemStatus>
      <LastUpdateDate />
      <LastUpdateTime />
    </Product>
    <Product>
      <PriceUpdateDate>2015/03/02 10:14</PriceUpdateDate>
      <ItemCode>16000548503</ItemCode>
      <ItemType>0</ItemType>
      <ItemName>נייטשר וואלי 210 גר` מייפל וסוכר חום</ItemName>
      <ManufactureName>ליימן שליסל בעמ</ManufactureName>
      <ManufactureCountry />
      <ManufactureItemDescription />
      <UnitQty>יח`</UnitQty>
      <Quantity>210</Quantity>
      <UnitMeasure>גרם</UnitMeasure>
      <BisWeighted>0</BisWeighted>
      <QtyInPackage>1</QtyInPackage>
      <ItemPrice>19.90</ItemPrice>
      <UnitOfMeasurePrice>9.48</UnitOfMeasurePrice>
      <AllowDiscount>1</AllowDiscount>
      <itemStatus>1</itemStatus>
      <LastUpdateDate />
      <LastUpdateTime />
    </Product>
    <Product>
      <PriceUpdateDate>2015/03/02 10:14</PriceUpdateDate>
      <ItemCode>16000548602</ItemCode>
      <ItemType>0</ItemType>
      <ItemName>נייטשר וואלי 210 גר` קינמון</ItemName>
      <ManufactureName>ליימן שליסל בעמ</ManufactureName>
      <ManufactureCountry />
      <ManufactureItemDescription />
      <UnitQty>יח`</UnitQty>
      <Quantity>210</Quantity>
      <UnitMeasure>גרם</UnitMeasure>
      <BisWeighted>0</BisWeighted>
      <QtyInPackage>1</QtyInPackage>
      <ItemPrice>19.90</ItemPrice>
      <UnitOfMeasurePrice>9.48</UnitOfMeasurePrice>
      <AllowDiscount>1</AllowDiscount>
      <itemStatus>1</itemStatus>
      <LastUpdateDate />
      <LastUpdateTime />
    </Product>
    <Product>
      <PriceUpdateDate>2015/06/09 09:03</PriceUpdateDate>
      <ItemCode>18000701223</ItemCode>
      <ItemType>0</ItemType>
      <ItemName>פילסברי תערובת שוקולד</ItemName>
      <ManufactureName>ליימן שליסל בעמ</ManufactureName>
      <ManufactureCountry />
      <ManufactureItemDescription />
      <UnitQty>יח`</UnitQty>
      <Quantity>517</Quantity>
      <UnitMeasure>גרם</UnitMeasure>
      <BisWeighted>0</BisWeighted>
      <QtyInPackage>1</QtyInPackage>
      <ItemPrice>18.90</ItemPrice>
      <UnitOfMeasurePrice>3.66</UnitOfMeasurePrice>
      <AllowDiscount>1</AllowDiscount>
      <itemStatus>1</itemStatus>
      <LastUpdateDate />
      <LastUpdateTime />
    </Product>
    <Product>
      <PriceUpdateDate>2015/05/28 15:21</PriceUpdateDate>
      <ItemCode>18000703494</ItemCode>
      <ItemType>0</ItemType>
      <ItemName>תערובת להכנת עוגת וניל פילסברי (500 גר</ItemName>
      <ManufactureName>ליימן שליסל בעמ</ManufactureName>
      <ManufactureCountry />
      <ManufactureItemDescription />
      <UnitQty>יח`</UnitQty>
      <Quantity>524</Quantity>
      <UnitMeasure>גרם</UnitMeasure>
      <BisWeighted>0</BisWeighted>
      <QtyInPackage>1</QtyInPackage>
      <ItemPrice>18.90</ItemPrice>
      <UnitOfMeasurePrice>3.61</UnitOfMeasurePrice>
      <AllowDiscount>1</AllowDiscount>
      <itemStatus>1</itemStatus>
      <LastUpdateDate />
      <LastUpdateTime />
    </Product>
    <Product>
      <PriceUpdateDate>2019/05/02 16:36</PriceUpdateDate>
      <ItemCode>19548003107</ItemCode>
      <ItemType>0</ItemType>
      <ItemName>אופניימר צימקאו לבן 300 גר</ItemName>
      <ManufactureName>תה ויסוצקי (ישראל) בעמ</ManufactureName>
      <ManufactureCountry />
      <ManufactureItemDescription />
      <UnitQty>יח`</UnitQty>
      <Quantity>300</Quantity>
      <UnitMeasure>גרם</UnitMeasure>
      <BisWeighted>0</BisWeighted>
      <QtyInPackage>1</QtyInPackage>
      <ItemPrice>8.90</ItemPrice>
      <UnitOfMeasurePrice>2.97</UnitOfMeasurePrice>
      <AllowDiscount>0</AllowDiscount>
      <itemStatus>1</itemStatus>
      <LastUpdateDate />
      <LastUpdateTime />
    </Product>
    <Product>
      <PriceUpdateDate>2018/04/18 07:07</PriceUpdateDate>
      <ItemCode>22200956932</ItemCode>
      <ItemType>0</ItemType>
      <ItemName>ספיד סטיק 24/7 ג`ל כחול</ItemName>
      <ManufactureName>ש.שסטוביץ בעמ</ManufactureName>
      <ManufactureCountry />
      <ManufactureItemDescription />
      <UnitQty>יח`</UnitQty>
      <Quantity>0</Quantity>
      <UnitMeasure>גרם</UnitMeasure>
      <BisWeighted>0</BisWeighted>
      <QtyInPackage>1</QtyInPackage>
      <ItemPrice>17.90</ItemPrice>
      <UnitOfMeasurePrice>17.90</UnitOfMeasurePrice>
      <AllowDiscount>0</AllowDiscount>
      <itemStatus>1</itemStatus>
      <LastUpdateDate />
      <LastUpdateTime />
    </Product>
    <Product>
      <PriceUpdateDate>2018/04/18 07:07</PriceUpdateDate>
      <ItemCode>22200956949</ItemCode>
      <ItemType>0</ItemType>
      <ItemName>ספיד סטיק 24/7 גל כתום</ItemName>
      <ManufactureName>ש.שסטוביץ בעמ</ManufactureName>
      <ManufactureCountry />
      <ManufactureItemDescription />
      <UnitQty>יח`</UnitQty>
      <Quantity>51</Quantity>
      <UnitMeasure>גרם</UnitMeasure>
      <BisWeighted>0</BisWeighted>
      <QtyInPackage>1</QtyInPackage>
      <ItemPrice>17.90</ItemPrice>
      <UnitOfMeasurePrice>35.10</UnitOfMeasurePrice>
      <AllowDiscount>0</AllowDiscount>
      <itemStatus>1</itemStatus>
      <LastUpdateDate />
      <LastUpdateTime />
    </Product>
    <Product>
      <PriceUpdateDate>2018/02/06 10:09</PriceUpdateDate>
      <ItemCode>31200001597</ItemCode>
      <ItemType>0</ItemType>
      <ItemName>חמוציות אושן ספריי</ItemName>
      <ManufactureName>ליימן שליסל בעמ</ManufactureName>
      <ManufactureCountry />
      <ManufactureItemDescription />
      <UnitQty>יח`</UnitQty>
      <Quantity>170</Quantity>
      <UnitMeasure>גרם</UnitMeasure>
      <BisWeighted>0</BisWeighted>
      <QtyInPackage>1</QtyInPackage>
      <ItemPrice>13.90</ItemPrice>
      <UnitOfMeasurePrice>8.18</UnitOfMeasurePrice>
      <AllowDiscount>0</AllowDiscount>
      <itemStatus>1</itemStatus>
      <LastUpdateDate />
      <LastUpdateTime />
    </Product>
    <Product>
      <PriceUpdateDate>2019/08/29 10:54</PriceUpdateDate>
      <ItemCode>32700104238</ItemCode>
      <ItemType>0</ItemType>
      <ItemName>הארט עכבר עם זנב למשיכה</ItemName>
      <ManufactureName>שחורי אריה ואנסטסיה</ManufactureName>
      <ManufactureCountry />
      <ManufactureItemDescription />
      <UnitQty>יח`</UnitQty>
      <Quantity>1</Quantity>
      <UnitMeasure />
      <BisWeighted>0</BisWeighted>
      <QtyInPackage>1</QtyInPackage>
      <ItemPrice>20.90</ItemPrice>
      <UnitOfMeasurePrice>20.90</UnitOfMeasurePrice>
      <AllowDiscount>0</AllowDiscount>
      <itemStatus>1</itemStatus>
      <LastUpdateDate />
      <LastUpdateTime />
    </Product>
    <Product>
      <PriceUpdateDate>2015/12/10 09:04</PriceUpdateDate>
      <ItemCode>34000196173</ItemCode>
      <ItemType>0</ItemType>
      <ItemName>טבלת קוקיס אנד קרים-XL</ItemName>
      <ManufactureName>ליימן שליסל בעמ</ManufactureName>
      <ManufactureCountry />
      <ManufactureItemDescription />
      <UnitQty>יח`</UnitQty>
      <Quantity>113</Quantity>
      <UnitMeasure>גרם</UnitMeasure>
      <BisWeighted>0</BisWeighted>
      <QtyInPackage>1</QtyInPackage>
      <ItemPrice>9.90</ItemPrice>
      <UnitOfMeasurePrice>8.76</UnitOfMeasurePrice>
      <AllowDiscount>0</AllowDiscount>
      <itemStatus>1</itemStatus>
      <LastUpdateDate />
      <LastUpdateTime />
    </Product>
    <Product>
      <PriceUpdateDate>2015/12/10 09:04</PriceUpdateDate>
      <ItemCode>34000442652</ItemCode>
      <ItemType>0</ItemType>
      <ItemName>טבלת ריזס -XL</ItemName>
      <ManufactureName>ליימן שליסל בעמ</ManufactureName>
      <ManufactureCountry />
      <ManufactureItemDescription />
      <UnitQty>יח`</UnitQty>
      <Quantity>120</Quantity>
      <UnitMeasure>גרם</UnitMeasure>
      <BisWeighted>0</BisWeighted>
      <QtyInPackage>1</QtyInPackage>
      <ItemPrice>9.90</ItemPrice>
      <UnitOfMeasurePrice>8.25</UnitOfMeasurePrice>
      <AllowDiscount>0</AllowDiscount>
      <itemStatus>1</itemStatus>
      <LastUpdateDate />
      <LastUpdateTime />
    </Product>
    <Product>
      <PriceUpdateDate>2018/09/06 13:02</PriceUpdateDate>
      <ItemCode>35000689535</ItemCode>
      <ItemType>0</ItemType>
      <ItemName>קולגייט מברשת קולגייט מקס וייט סופט זוג</ItemName>
      <ManufactureName>ש.שסטוביץ בעמ</ManufactureName>
      <ManufactureCountry />
      <ManufactureItemDescription />
      <UnitQty>יח`</UnitQty>
      <Quantity>1</Quantity>
      <UnitMeasure />
      <BisWeighted>0</BisWeighted>
      <QtyInPackage>1</QtyInPackage>
      <ItemPrice>19.90</ItemPrice>
      <UnitOfMeasurePrice>19.90</UnitOfMeasurePrice>
      <AllowDiscount>0</AllowDiscount>
      <itemStatus>1</itemStatus>
      <LastUpdateDate />
      <LastUpdateTime />
    </Product>
    <Product>
      <PriceUpdateDate>2018/10/02 18:09</PriceUpdateDate>
      <ItemCode>37600207256</ItemCode>
      <ItemType>0</ItemType>
      <ItemName>חמאת בוטנים עם שברי בוטנים 462ג סקיפי</ItemName>
      <ManufactureName>דיפלומט היינץ</ManufactureName>
      <ManufactureCountry />
      <ManufactureItemDescription />
      <UnitQty>יח`</UnitQty>
      <Quantity>462</Quantity>
      <UnitMeasure>גרם</UnitMeasure>
      <BisWeighted>0</BisWeighted>
      <QtyInPackage>1</QtyInPackage>
      <ItemPrice>19.90</ItemPrice>
      <UnitOfMeasurePrice>4.31</UnitOfMeasurePrice>
      <AllowDiscount>0</AllowDiscount>
      <itemStatus>1</itemStatus>
      <LastUpdateDate />
      <LastUpdateTime />
    </Product>
    <Product>
      <PriceUpdateDate>2018/10/02 18:09</PriceUpdateDate>
      <ItemCode>37600207287</ItemCode>
      <ItemType>0</ItemType>
      <ItemName>חמאת בוטנים סקיפי עם דבש 462 גרם</ItemName>
      <ManufactureName>דיפלומט היינץ</ManufactureName>
      <ManufactureCountry />
      <ManufactureItemDescription />
      <UnitQty>יח`</UnitQty>
      <Quantity>462</Quantity>
      <UnitMeasure>גרם</UnitMeasure>
      <BisWeighted>0</BisWeighted>
      <QtyInPackage>1</QtyInPackage>
      <ItemPrice>19.90</ItemPrice>
      <UnitOfMeasurePrice>4.31</UnitOfMeasurePrice>
      <AllowDiscount>0</AllowDiscount>
      <itemStatus>1</itemStatus>
      <LastUpdateDate />
      <LastUpdateTime />
    </Product>
    <Product>
      <PriceUpdateDate>2019/06/20 15:39</PriceUpdateDate>
      <ItemCode>38000138607</ItemCode>
      <ItemType>0</ItemType>
      <ItemName>חטיף צ`יפס חמוץ מלוח פרינגלס (158 גרם)</ItemName>
      <ManufactureName>דיפלומט היינץ</ManufactureName>
      <ManufactureCountry />
      <ManufactureItemDescription />
      <UnitQty>יח`</UnitQty>
      <Quantity>158</Quantity>
      <UnitMeasure>גרם</UnitMeasure>
      <BisWeighted>0</BisWeighted>
      <QtyInPackage>1</QtyInPackage>
      <ItemPrice>9.90</ItemPrice>
      <UnitOfMeasurePrice>6.27</UnitOfMeasurePrice>
      <AllowDiscount>1</AllowDiscount>
      <itemStatus>1</itemStatus>
      <LastUpdateDate />
      <LastUpdateTime />
    </Product>
    <Product>
      <PriceUpdateDate>2017/04/18 10:18</PriceUpdateDate>
      <ItemCode>38000138638</ItemCode>
      <ItemType>0</ItemType>
      <ItemName>פרינגלס פיצה 158 גר</ItemName>
      <ManufactureName>דיפלומט היינץ</ManufactureName>
      <ManufactureCountry />
      <ManufactureItemDescription />
      <UnitQty>יח`</UnitQty>
      <Quantity>158</Quantity>
      <UnitMeasure>גרם</UnitMeasure>
      <BisWeighted>0</BisWeighted>
      <QtyInPackage>1</QtyInPackage>
      <ItemPrice>9.90</ItemPrice>
      <UnitOfMeasurePrice>6.27</UnitOfMeasurePrice>
      <AllowDiscount>1</AllowDiscount>
      <itemStatus>1</itemStatus>
      <LastUpdateDate />
      <LastUpdateTime />
    </Product>
    <Product>
      <PriceUpdateDate>2018/07/22 11:40</PriceUpdateDate>
      <ItemCode>38000138720</ItemCode>
      <ItemType>0</ItemType>
      <ItemName>חטיף צ`יפס ראנץ` פרינגלס (158 גרם)</ItemName>
      <ManufactureName>דיפלומט היינץ</ManufactureName>
      <ManufactureCountry />
      <ManufactureItemDescription />
      <UnitQty>יח`</UnitQty>
      <Quantity>158</Quantity>
      <UnitMeasure>גרם</UnitMeasure>
      <BisWeighted>0</BisWeighted>
      <QtyInPackage>1</QtyInPackage>
      <ItemPrice>9.90</ItemPrice>
      <UnitOfMeasurePrice>6.27</UnitOfMeasurePrice>
      <AllowDiscount>1</AllowDiscount>
      <itemStatus>1</itemStatus>
      <LastUpdateDate />
      <LastUpdateTime />
    </Product>
    <Product>
      <PriceUpdateDate>2017/04/18 10:18</PriceUpdateDate>
      <ItemCode>38000138874</ItemCode>
      <ItemType>0</ItemType>
      <ItemName>פרינגלס חלפינו 158 גר</ItemName>
      <ManufactureName>דיפלומט היינץ</ManufactureName>
      <ManufactureCountry />
      <ManufactureItemDescription />
      <UnitQty>יח`</UnitQty>
      <Quantity>158</Quantity>
      <UnitMeasure>גרם</UnitMeasure>
      <BisWeighted>0</BisWeighted>
      <QtyInPackage>1</QtyInPackage>
      <ItemPrice>9.90</ItemPrice>
      <UnitOfMeasurePrice>6.27</UnitOfMeasurePrice>
      <AllowDiscount>1</AllowDiscount>
      <itemStatus>1</itemStatus>
      <LastUpdateDate />
      <LastUpdateTime />
    </Product>
    <Product>
      <PriceUpdateDate>2020/02/25 06:40</PriceUpdateDate>
      <ItemCode>38000232152</ItemCode>
      <ItemType>0</ItemType>
      <ItemName>פרינגלס ביג ברביקין 158 גר</ItemName>
      <ManufactureName>דיפלומט היינץ</ManufactureName>
      <ManufactureCountry />
      <ManufactureItemDescription />
      <UnitQty>יח`</UnitQty>
      <Quantity>158</Quantity>
      <UnitMeasure>גרם</UnitMeasure>
      <BisWeighted>0</BisWeighted>
      <QtyInPackage>1</QtyInPackage>
      <ItemPrice>9.90</ItemPrice>
      <UnitOfMeasurePrice>6.27</UnitOfMeasurePrice>
      <AllowDiscount>1</AllowDiscount>
      <itemStatus>1</itemStatus>
      <LastUpdateDate />
      <LastUpdateTime />
    </Product>
    <Product>
      <PriceUpdateDate>2020/02/25 06:40</PriceUpdateDate>
      <ItemCode>38000232176</ItemCode>
      <ItemType>0</ItemType>
      <ItemName>פרינגלס ביג שמנת בצל 158 גר</ItemName>
      <ManufactureName>דיפלומט היינץ</ManufactureName>
      <ManufactureCountry />
      <ManufactureItemDescription />
      <UnitQty>יח`</UnitQty>
      <Quantity>158</Quantity>
      <UnitMeasure>גרם</UnitMeasure>
      <BisWeighted>0</BisWeighted>
      <QtyInPackage>1</QtyInPackage>
      <ItemPrice>9.90</ItemPrice>
      <UnitOfMeasurePrice>6.27</UnitOfMeasurePrice>
      <AllowDiscount>1</AllowDiscount>
      <itemStatus>1</itemStatus>
      <LastUpdateDate />
      <LastUpdateTime />
    </Product>
    <Product>
      <PriceUpdateDate>2020/02/25 06:40</PriceUpdateDate>
      <ItemCode>38000232183</ItemCode>
      <ItemType>0</ItemType>
      <ItemName>חטיף צ`יפס אורגינל ביג פרינגלס (149 גרם)</ItemName>
      <ManufactureName>דיפלומט היינץ</ManufactureName>
      <ManufactureCountry />
      <ManufactureItemDescription />
      <UnitQty>יח`</UnitQty>
      <Quantity>149</Quantity>
      <UnitMeasure>גרם</UnitMeasure>
      <BisWeighted>0</BisWeighted>
      <QtyInPackage>1</QtyInPackage>
      <ItemPrice>9.90</ItemPrice>
      <UnitOfMeasurePrice>6.64</UnitOfMeasurePrice>
      <AllowDiscount>1</AllowDiscount>
      <itemStatus>1</itemStatus>
      <LastUpdateDate />
      <LastUpdateTime />
    </Product>
    <Product>
      <PriceUpdateDate>2015/05/03 11:38</PriceUpdateDate>
      <ItemCode>38527591053</ItemCode>
      <ItemType>0</ItemType>
      <ItemName>דגנים מרובעים קינמון קוואקר (411 גרם)</ItemName>
      <ManufactureName>שטראוס פריטו ליי בעמ</ManufactureName>
      <ManufactureCountry />
      <ManufactureItemDescription />
      <UnitQty>יח`</UnitQty>
      <Quantity>412</Quantity>
      <UnitMeasure>גרם</UnitMeasure>
      <BisWeighted>0</BisWeighted>
      <QtyInPackage>1</QtyInPackage>
      <ItemPrice>19.90</ItemPrice>
      <UnitOfMeasurePrice>4.83</UnitOfMeasurePrice>
      <AllowDiscount>1</AllowDiscount>
      <itemStatus>1</itemStatus>
      <LastUpdateDate />
      <LastUpdateTime />
    </Product>
    <Product>
      <PriceUpdateDate>2016/03/06 13:57</PriceUpdateDate>
      <ItemCode>38527591121</ItemCode>
      <ItemType>0</ItemType>
      <ItemName>קפטן קראנץ דגני תירס 398 גר`</ItemName>
      <ManufactureName>שטראוס פריטו ליי בעמ</ManufactureName>
      <ManufactureCountry />
      <ManufactureItemDescription />
      <UnitQty>יח`</UnitQty>
      <Quantity>398</Quantity>
      <UnitMeasure>גרם</UnitMeasure>
      <BisWeighted>0</BisWeighted>
      <QtyInPackage>1</QtyInPackage>
      <ItemPrice>19.90</ItemPrice>
      <UnitOfMeasurePrice>5</UnitOfMeasurePrice>
      <AllowDiscount>1</AllowDiscount>
      <itemStatus>1</itemStatus>
      <LastUpdateDate />
      <LastUpdateTime />
    </Product>
    <Product>
      <PriceUpdateDate>2016/03/06 13:57</PriceUpdateDate>
      <ItemCode>38527591145</ItemCode>
      <ItemType>0</ItemType>
      <ItemName>קפטן קראנץ דגני בוטנים 355 גר`</ItemName>
      <ManufactureName>שטראוס פריטו ליי בעמ</ManufactureName>
      <ManufactureCountry />
      <ManufactureItemDescription />
      <UnitQty>יח`</UnitQty>
      <Quantity>355</Quantity>
      <UnitMeasure>גרם</UnitMeasure>
      <BisWeighted>0</BisWeighted>
      <QtyInPackage>1</QtyInPackage>
      <ItemPrice>19.90</ItemPrice>
      <UnitOfMeasurePrice>5.61</UnitOfMeasurePrice>
      <AllowDiscount>1</AllowDiscount>
      <itemStatus>1</itemStatus>
      <LastUpdateDate />
      <LastUpdateTime />
    </Product>
    <Product>
      <PriceUpdateDate>2017/10/26 08:36</PriceUpdateDate>
      <ItemCode>40000514480</ItemCode>
      <ItemType>0</ItemType>
      <ItemName>עדשי שוקולד אם אנד אם (48 גרם)</ItemName>
      <ManufactureName>מרס ריגלי ישראל בעמ</ManufactureName>
      <ManufactureCountry />
      <ManufactureItemDescription />
      <UnitQty>יח`</UnitQty>
      <Quantity>1</Quantity>
      <UnitMeasure />
      <BisWeighted>0</BisWeighted>
      <QtyInPackage>1</QtyInPackage>
      <ItemPrice>4.90</ItemPrice>
      <UnitOfMeasurePrice>4.90</UnitOfMeasurePrice>
      <AllowDiscount>1</AllowDiscount>
      <itemStatus>1</itemStatus>
      <LastUpdateDate />
      <LastUpdateTime />
    </Product>
    <Product>
      <PriceUpdateDate>2017/10/26 08:36</PriceUpdateDate>
      <ItemCode>40000514510</ItemCode>
      <ItemType>0</ItemType>
      <ItemName>עדשי שוקולד בוטנים אם אנד אם (49 גרם)</ItemName>
      <ManufactureName>מרס ריגלי ישראל בעמ</ManufactureName>
      <ManufactureCountry />
      <ManufactureItemDescription />
      <UnitQty>יח`</UnitQty>
      <Quantity>49</Quantity>
      <UnitMeasure>גרם</UnitMeasure>
      <BisWeighted>0</BisWeighted>
      <QtyInPackage>1</QtyInPackage>
      <ItemPrice>4.90</ItemPrice>
      <UnitOfMeasurePrice>10</UnitOfMeasurePrice>
      <AllowDiscount>1</AllowDiscount>
      <itemStatus>1</itemStatus>
      <LastUpdateDate />
      <LastUpdateTime />
    </Product>
    <Product>
      <PriceUpdateDate>2016/12/01 07:57</PriceUpdateDate>
      <ItemCode>41390001079</ItemCode>
      <ItemType>0</ItemType>
      <ItemName>רוטב סויה דל נתרן קיקומן (444 מל)</ItemName>
      <ManufactureName>דיפלומט היינץ</ManufactureName>
      <ManufactureCountry />
      <ManufactureItemDescription />
      <UnitQty>יח`</UnitQty>
      <Quantity>444</Quantity>
      <UnitMeasure>מ"ל</UnitMeasure>
      <BisWeighted>0</BisWeighted>
      <QtyInPackage>1</QtyInPackage>
      <ItemPrice>29.90</ItemPrice>
      <UnitOfMeasurePrice>6.73</UnitOfMeasurePrice>
      <AllowDiscount>1</AllowDiscount>
      <itemStatus>1</itemStatus>
      <LastUpdateDate />
      <LastUpdateTime />
    </Product>
    <Product>
      <PriceUpdateDate>2015/12/28 11:39</PriceUpdateDate>
      <ItemCode>46214372250</ItemCode>
      <ItemType>0</ItemType>
      <ItemName>עוגיות שטרודל תפוח עץ מרבה (225 גרם)</ItemName>
      <ManufactureName>ש.שסטוביץ בעמ</ManufactureName>
      <ManufactureCountry />
      <ManufactureItemDescription />
      <UnitQty>יח`</UnitQty>
      <Quantity>225</Quantity>
      <UnitMeasure>גרם</UnitMeasure>
      <BisWeighted>0</BisWeighted>
      <QtyInPackage>1</QtyInPackage>
      <ItemPrice>9.90</ItemPrice>
      <UnitOfMeasurePrice>4.40</UnitOfMeasurePrice>
      <AllowDiscount>1</AllowDiscount>
      <itemStatus>1</itemStatus>
      <LastUpdateDate />
      <LastUpdateTime />
    </Product>
    <Product>
      <PriceUpdateDate>2015/12/28 11:39</PriceUpdateDate>
      <ItemCode>46214731552</ItemCode>
      <ItemType>0</ItemType>
      <ItemName>עוגיות שוקולד צ`יפס מרבה (225 גרם)</ItemName>
      <ManufactureName>ש.שסטוביץ בעמ</ManufactureName>
      <ManufactureCountry />
      <ManufactureItemDescription />
      <UnitQty>יח`</UnitQty>
      <Quantity>225</Quantity>
      <UnitMeasure>גרם</UnitMeasure>
      <BisWeighted>0</BisWeighted>
      <QtyInPackage>1</QtyInPackage>
      <ItemPrice>9.90</ItemPrice>
      <UnitOfMeasurePrice>4.40</UnitOfMeasurePrice>
      <AllowDiscount>1</AllowDiscount>
      <itemStatus>1</itemStatus>
      <LastUpdateDate />
      <LastUpdateTime />
    </Product>
    <Product>
      <PriceUpdateDate>2016/01/04 15:01</PriceUpdateDate>
      <ItemCode>50000420445</ItemCode>
      <ItemType>0</ItemType>
      <ItemName>פריסקיז כבד עוף 156 גר`</ItemName>
      <ManufactureName>קבוצת אסם סחר שות. מוגבלת</ManufactureName>
      <ManufactureCountry />
      <ManufactureItemDescription />
      <UnitQty>יח`</UnitQty>
      <Quantity>156</Quantity>
      <UnitMeasure>גרם</UnitMeasure>
      <BisWeighted>0</BisWeighted>
      <QtyInPackage>1</QtyInPackage>
      <ItemPrice>6.90</ItemPrice>
      <UnitOfMeasurePrice>4.42</UnitOfMeasurePrice>
      <AllowDiscount>0</AllowDiscount>
      <itemStatus>1</itemStatus>
      <LastUpdateDate />
      <LastUpdateTime />
    </Product>
    <Product>
      <PriceUpdateDate>2018/12/02 14:16</PriceUpdateDate>
      <ItemCode>55369901673</ItemCode>
      <ItemType>0</ItemType>
      <ItemName>רביעיות רסק תפוחי עץ אפרסק ללא סוכר 452</ItemName>
      <ManufactureName>מור-ים מרקטינג בעמ</ManufactureName>
      <ManufactureCountry />
      <ManufactureItemDescription />
      <UnitQty>יח`</UnitQty>
      <Quantity>452</Quantity>
      <UnitMeasure>גרם</UnitMeasure>
      <BisWeighted>0</BisWeighted>
      <QtyInPackage>1</QtyInPackage>
      <ItemPrice>13.90</ItemPrice>
      <UnitOfMeasurePrice>3.08</UnitOfMeasurePrice>
      <AllowDiscount>0</AllowDiscount>
      <itemStatus>1</itemStatus>
      <LastUpdateDate />
      <LastUpdateTime />
    </Product>
    <Product>
      <PriceUpdateDate>2018/12/02 14:16</PriceUpdateDate>
      <ItemCode>55369902564</ItemCode>
      <ItemType>0</ItemType>
      <ItemName>רביעיות רסק תפוחי עץ ללא תוספת סוכר 452</ItemName>
      <ManufactureName>מור-ים מרקטינג בעמ</ManufactureName>
      <ManufactureCountry />
      <ManufactureItemDescription />
      <UnitQty>יח`</UnitQty>
      <Quantity>452</Quantity>
      <UnitMeasure>גרם</UnitMeasure>
      <BisWeighted>0</BisWeighted>
      <QtyInPackage>1</QtyInPackage>
      <ItemPrice>13.90</ItemPrice>
      <UnitOfMeasurePrice>3.08</UnitOfMeasurePrice>
      <AllowDiscount>0</AllowDiscount>
      <itemStatus>1</itemStatus>
      <LastUpdateDate />
      <LastUpdateTime />
    </Product>
    <Product>
      <PriceUpdateDate>2018/12/02 14:16</PriceUpdateDate>
      <ItemCode>55369903295</ItemCode>
      <ItemType>0</ItemType>
      <ItemName>צנצנת רסק תפוחי עץ ללא סוספת סוכר אפלסנק</ItemName>
      <ManufactureName>מור-ים מרקטינג בעמ</ManufactureName>
      <ManufactureCountry />
      <ManufactureItemDescription />
      <UnitQty>יח`</UnitQty>
      <Quantity>652</Quantity>
      <UnitMeasure>גרם</UnitMeasure>
      <BisWeighted>0</BisWeighted>
      <QtyInPackage>1</QtyInPackage>
      <ItemPrice>14.90</ItemPrice>
      <UnitOfMeasurePrice>2.29</UnitOfMeasurePrice>
      <AllowDiscount>0</AllowDiscount>
      <itemStatus>1</itemStatus>
      <LastUpdateDate />
      <LastUpdateTime />
    </Product>
    <Product>
      <PriceUpdateDate>2019/12/05 16:11</PriceUpdateDate>
      <ItemCode>55500012046</ItemCode>
      <ItemType>0</ItemType>
      <ItemName>תרסיס ניקוי כללי כלורוקס (946 מל)</ItemName>
      <ManufactureName>גורי מוצרי צריכה (1991) בעמ</ManufactureName>
      <ManufactureCountry />
      <ManufactureItemDescription />
      <UnitQty>יח`</UnitQty>
      <Quantity>946</Quantity>
      <UnitMeasure>מ"ל</UnitMeasure>
      <BisWeighted>0</BisWeighted>
      <QtyInPackage>1</QtyInPackage>
      <ItemPrice>17.90</ItemPrice>
      <UnitOfMeasurePrice>1.89</UnitOfMeasurePrice>
      <AllowDiscount>0</AllowDiscount>
      <itemStatus>1</itemStatus>
      <LastUpdateDate />
      <LastUpdateTime />
    </Product>
    <Product>
      <PriceUpdateDate>2015/05/28 15:21</PriceUpdateDate>
      <ItemCode>64144090020</ItemCode>
      <ItemType>0</ItemType>
      <ItemName>תרסיס שמן זית פאם (148 מל)</ItemName>
      <ManufactureName>ליימן שליסל בעמ</ManufactureName>
      <ManufactureCountry />
      <ManufactureItemDescription />
      <UnitQty>יח`</UnitQty>
      <Quantity>141</Quantity>
      <UnitMeasure>גרם</UnitMeasure>
      <BisWeighted>0</BisWeighted>
      <QtyInPackage>1</QtyInPackage>
      <ItemPrice>20.90</ItemPrice>
      <UnitOfMeasurePrice>14.82</UnitOfMeasurePrice>
      <AllowDiscount>1</AllowDiscount>
      <itemStatus>1</itemStatus>
      <LastUpdateDate />
      <LastUpdateTime />
    </Product>
    <Product>
      <PriceUpdateDate>2015/05/28 15:21</PriceUpdateDate>
      <ItemCode>64144090051</ItemCode>
      <ItemType>0</ItemType>
      <ItemName>תרסיס שמן קנולה פאם (148 מל)</ItemName>
      <ManufactureName>ליימן שליסל בעמ</ManufactureName>
      <ManufactureCountry />
      <ManufactureItemDescription />
      <UnitQty>יח`</UnitQty>
      <Quantity>148</Quantity>
      <UnitMeasure>מ"ל</UnitMeasure>
      <BisWeighted>0</BisWeighted>
      <QtyInPackage>1</QtyInPackage>
      <ItemPrice>20.90</ItemPrice>
      <UnitOfMeasurePrice>14.12</UnitOfMeasurePrice>
      <AllowDiscount>1</AllowDiscount>
      <itemStatus>1</itemStatus>
      <LastUpdateDate />
      <LastUpdateTime />
    </Product>
    <Product>
      <PriceUpdateDate>2013/06/09 12:06</PriceUpdateDate>
      <ItemCode>77245110610</ItemCode>
      <ItemType>0</ItemType>
      <ItemName>סוכריות ללא סוכר בטעם מנטה מאסט (80 גרם)</ItemName>
      <ManufactureName>שטראוס גרופ בעמ</ManufactureName>
      <ManufactureCountry />
      <ManufactureItemDescription />
      <UnitQty>יח`</UnitQty>
      <Quantity>80</Quantity>
      <UnitMeasure>גרם</UnitMeasure>
      <BisWeighted>0</BisWeighted>
      <QtyInPackage>1</QtyInPackage>
      <ItemPrice>8.90</ItemPrice>
      <UnitOfMeasurePrice>11.13</UnitOfMeasurePrice>
      <AllowDiscount>0</AllowDiscount>
      <itemStatus>1</itemStatus>
      <LastUpdateDate />
      <LastUpdateTime />
    </Product>
    <Product>
      <PriceUpdateDate>2016/02/01 12:57</PriceUpdateDate>
      <ItemCode>77975029688</ItemCode>
      <ItemType>0</ItemType>
      <ItemName>סניידרס בייגלה במילוי קרם צ`דר</ItemName>
      <ManufactureName>ליימן שליסל בעמ</ManufactureName>
      <ManufactureCountry />
      <ManufactureItemDescription />
      <UnitQty>יח`</UnitQty>
      <Quantity>226.80</Quantity>
      <UnitMeasure>גרם</UnitMeasure>
      <BisWeighted>0</BisWeighted>
      <QtyInPackage>1</QtyInPackage>
      <ItemPrice>19.90</ItemPrice>
      <UnitOfMeasurePrice>8.77</UnitOfMeasurePrice>
      <AllowDiscount>1</AllowDiscount>
      <itemStatus>1</itemStatus>
      <LastUpdateDate />
      <LastUpdateTime />
    </Product>
    <Product>
      <PriceUpdateDate>2019/08/18 10:56</PriceUpdateDate>
      <ItemCode>77975088210</ItemCode>
      <ItemType>0</ItemType>
      <ItemName>סניידרס שברי בייגל בטעם גבינת צ`אדר</ItemName>
      <ManufactureName>ליימן שליסל בעמ</ManufactureName>
      <ManufactureCountry />
      <ManufactureItemDescription />
      <UnitQty>יח`</UnitQty>
      <Quantity>340</Quantity>
      <UnitMeasure>גרם</UnitMeasure>
      <BisWeighted>0</BisWeighted>
      <QtyInPackage>1</QtyInPackage>
      <ItemPrice>13.90</ItemPrice>
      <UnitOfMeasurePrice>4.09</UnitOfMeasurePrice>
      <AllowDiscount>1</AllowDiscount>
      <itemStatus>1</itemStatus>
      <LastUpdateDate />
      <LastUpdateTime />
    </Product>
    <Product>
      <PriceUpdateDate>2019/08/18 10:56</PriceUpdateDate>
      <ItemCode>77975088227</ItemCode>
      <ItemType>0</ItemType>
      <ItemName>סניידרס שברי בייגל בטעם בצל חרדל ודבש</ItemName>
      <ManufactureName>ליימן שליסל בעמ</ManufactureName>
      <ManufactureCountry />
      <ManufactureItemDescription />
      <UnitQty>יח`</UnitQty>
      <Quantity>340</Quantity>
      <UnitMeasure>גרם</UnitMeasure>
      <BisWeighted>0</BisWeighted>
      <QtyInPackage>1</QtyInPackage>
      <ItemPrice>13.90</ItemPrice>
      <UnitOfMeasurePrice>4.09</UnitOfMeasurePrice>
      <AllowDiscount>1</AllowDiscount>
      <itemStatus>1</itemStatus>
      <LastUpdateDate />
      <LastUpdateTime />
    </Product>
    <Product>
      <PriceUpdateDate>2019/08/18 10:56</PriceUpdateDate>
      <ItemCode>77975088234</ItemCode>
      <ItemType>0</ItemType>
      <ItemName>סניידרס שברי בייגלה חלפינו 340ג</ItemName>
      <ManufactureName>ליימן שליסל בעמ</ManufactureName>
      <ManufactureCountry />
      <ManufactureItemDescription />
      <UnitQty>יח`</UnitQty>
      <Quantity>340</Quantity>
      <UnitMeasure>גרם</UnitMeasure>
      <BisWeighted>0</BisWeighted>
      <QtyInPackage>1</QtyInPackage>
      <ItemPrice>13.90</ItemPrice>
      <UnitOfMeasurePrice>4.09</UnitOfMeasurePrice>
      <AllowDiscount>1</AllowDiscount>
      <itemStatus>1</itemStatus>
      <LastUpdateDate />
      <LastUpdateTime />
    </Product>
    <Product>
      <PriceUpdateDate>2013/12/20 10:40</PriceUpdateDate>
      <ItemCode>80518532743</ItemCode>
      <ItemType>0</ItemType>
      <ItemName>בלון פסטל שמחה זה אנחנו) (50</ItemName>
      <ManufactureName>שמחה זה אנחנו בעמ</ManufactureName>
      <ManufactureCountry />
      <ManufactureItemDescription />
      <UnitQty>יח`</UnitQty>
      <Quantity>1</Quantity>
      <UnitMeasure />
      <BisWeighted>0</BisWeighted>
      <QtyInPackage>1</QtyInPackage>
      <ItemPrice>11.90</ItemPrice>
      <UnitOfMeasurePrice>11.90</UnitOfMeasurePrice>
      <AllowDiscount>0</AllowDiscount>
      <itemStatus>1</itemStatus>
      <LastUpdateDate />
      <LastUpdateTime />
    </Product>
    <Product>
      <PriceUpdateDate>2017/05/04 11:34</PriceUpdateDate>
      <ItemCode>482562200560</ItemCode>
      <ItemType>0</ItemType>
      <ItemName>אסטוניש מרסס לשומן שרוף</ItemName>
      <ManufactureName>יעקב יעקבי ובניו בעמ</ManufactureName>
      <ManufactureCountry />
      <ManufactureItemDescription />
      <UnitQty>יח`</UnitQty>
      <Quantity>700</Quantity>
      <UnitMeasure>מ"ל</UnitMeasure>
      <BisWeighted>0</BisWeighted>
      <QtyInPackage>1</QtyInPackage>
      <ItemPrice>11.90</ItemPrice>
      <UnitOfMeasurePrice>1.70</UnitOfMeasurePrice>
      <AllowDiscount>0</AllowDiscount>
      <itemStatus>1</itemStatus>
      <LastUpdateDate />
      <LastUpdateTime />
    </Product>
    <Product>
      <PriceUpdateDate>2020/04/30 06:50</PriceUpdateDate>
      <ItemCode>608614255481</ItemCode>
      <ItemType>0</ItemType>
      <ItemName>פופקורנס טבעי עם מלח ים 50 גר</ItemName>
      <ManufactureName>אבאל יזמות בעמ</ManufactureName>
      <ManufactureCountry />
      <ManufactureItemDescription />
      <UnitQty>יח`</UnitQty>
      <Quantity>50</Quantity>
      <UnitMeasure>גרם</UnitMeasure>
      <BisWeighted>0</BisWeighted>
      <QtyInPackage>1</QtyInPackage>
      <ItemPrice>4.90</ItemPrice>
      <UnitOfMeasurePrice>9.80</UnitOfMeasurePrice>
      <AllowDiscount>0</AllowDiscount>
      <itemStatus>1</itemStatus>
      <LastUpdateDate />
      <LastUpdateTime />
    </Product>
    <Product>
      <PriceUpdateDate>2020/04/30 06:50</PriceUpdateDate>
      <ItemCode>608614255504</ItemCode>
      <ItemType>0</ItemType>
      <ItemName>פופקורנס טעם בצל 50 גר</ItemName>
      <ManufactureName>אבאל יזמות בעמ</ManufactureName>
      <ManufactureCountry />
      <ManufactureItemDescription />
      <UnitQty>יח`</UnitQty>
      <Quantity>50</Quantity>
      <UnitMeasure>גרם</UnitMeasure>
      <BisWeighted>0</BisWeighted>
      <QtyInPackage>1</QtyInPackage>
      <ItemPrice>4.90</ItemPrice>
      <UnitOfMeasurePrice>9.80</UnitOfMeasurePrice>
      <AllowDiscount>0</AllowDiscount>
      <itemStatus>1</itemStatus>
      <LastUpdateDate />
      <LastUpdateTime />
    </Product>
    <Product>
      <PriceUpdateDate>2020/04/30 06:50</PriceUpdateDate>
      <ItemCode>608614255511</ItemCode>
      <ItemType>0</ItemType>
      <ItemName>פופקורנס טעם גבינה 50 גר</ItemName>
      <ManufactureName>אבאל יזמות בעמ</ManufactureName>
      <ManufactureCountry />
      <ManufactureItemDescription />
      <UnitQty>יח`</UnitQty>
      <Quantity>50</Quantity>
      <UnitMeasure>גרם</UnitMeasure>
      <BisWeighted>0</BisWeighted>
      <QtyInPackage>1</QtyInPackage>
      <ItemPrice>4.90</ItemPrice>
      <UnitOfMeasurePrice>9.80</UnitOfMeasurePrice>
      <AllowDiscount>0</AllowDiscount>
      <itemStatus>1</itemStatus>
      <LastUpdateDate />
      <LastUpdateTime />
    </Product>
    <Product>
      <PriceUpdateDate>2020/04/30 06:50</PriceUpdateDate>
      <ItemCode>608614255528</ItemCode>
      <ItemType>0</ItemType>
      <ItemName>פופקורנס טעם גריל 50 גר</ItemName>
      <ManufactureName>אבאל יזמות בעמ</ManufactureName>
      <ManufactureCountry />
      <ManufactureItemDescription />
      <UnitQty>יח`</UnitQty>
      <Quantity>50</Quantity>
      <UnitMeasure>גרם</UnitMeasure>
      <BisWeighted>0</BisWeighted>
      <QtyInPackage>1</QtyInPackage>
      <ItemPrice>4.90</ItemPrice>
      <UnitOfMeasurePrice>9.80</UnitOfMeasurePrice>
      <AllowDiscount>0</AllowDiscount>
      <itemStatus>1</itemStatus>
      <LastUpdateDate />
      <LastUpdateTime />
    </Product>
    <Product>
      <PriceUpdateDate>2020/04/30 06:50</PriceUpdateDate>
      <ItemCode>608614255535</ItemCode>
      <ItemType>0</ItemType>
      <ItemName>פופקורנס קרמל מלוח 50 גר</ItemName>
      <ManufactureName>אבאל יזמות בעמ</ManufactureName>
      <ManufactureCountry />
      <ManufactureItemDescription />
      <UnitQty>יח`</UnitQty>
      <Quantity>50</Quantity>
      <UnitMeasure>גרם</UnitMeasure>
      <BisWeighted>0</BisWeighted>
      <QtyInPackage>1</QtyInPackage>
      <ItemPrice>4.90</ItemPrice>
      <UnitOfMeasurePrice>9.80</UnitOfMeasurePrice>
      <AllowDiscount>0</AllowDiscount>
      <itemStatus>1</itemStatus>
      <LastUpdateDate />
      <LastUpdateTime />
    </Product>
    <Product>
      <PriceUpdateDate>2018/09/18 10:07</PriceUpdateDate>
      <ItemCode>608614310395</ItemCode>
      <ItemType>0</ItemType>
      <ItemName>קוסקוס 350 גר` גודל בינוני 100% חיטת דור</ItemName>
      <ManufactureName>אבאל יזמות בעמ</ManufactureName>
      <ManufactureCountry />
      <ManufactureItemDescription />
      <UnitQty>יח`</UnitQty>
      <Quantity>350</Quantity>
      <UnitMeasure>גרם</UnitMeasure>
      <BisWeighted>0</BisWeighted>
      <QtyInPackage>1</QtyInPackage>
      <ItemPrice>4.90</ItemPrice>
      <UnitOfMeasurePrice>1.40</UnitOfMeasurePrice>
      <AllowDiscount>1</AllowDiscount>
      <itemStatus>1</itemStatus>
      <LastUpdateDate />
      <LastUpdateTime />
    </Product>
    <Product>
      <PriceUpdateDate>2019/08/29 10:54</PriceUpdateDate>
      <ItemCode>611745297473</ItemCode>
      <ItemType>0</ItemType>
      <ItemName>מקלות עור בקר בציפוי עוף משקל 75 גר</ItemName>
      <ManufactureName>שחורי אריה ואנסטסיה</ManufactureName>
      <ManufactureCountry />
      <ManufactureItemDescription />
      <UnitQty>יח`</UnitQty>
      <Quantity>1</Quantity>
      <UnitMeasure />
      <BisWeighted>0</BisWeighted>
      <QtyInPackage>1</QtyInPackage>
      <ItemPrice>14.90</ItemPrice>
      <UnitOfMeasurePrice>14.90</UnitOfMeasurePrice>
      <AllowDiscount>0</AllowDiscount>
      <itemStatus>1</itemStatus>
      <LastUpdateDate />
      <LastUpdateTime />
    </Product>
    <Product>
      <PriceUpdateDate>2020/01/14 17:55</PriceUpdateDate>
      <ItemCode>645173911038</ItemCode>
      <ItemType>0</ItemType>
      <ItemName>קורנישון מיני 720 גר` תומר</ItemName>
      <ManufactureName>תומר יבוא ושיווק מוצרי מזון (1</ManufactureName>
      <ManufactureCountry />
      <ManufactureItemDescription />
      <UnitQty>יח`</UnitQty>
      <Quantity>720</Quantity>
      <UnitMeasure>גרם</UnitMeasure>
      <BisWeighted>0</BisWeighted>
      <QtyInPackage>1</QtyInPackage>
      <ItemPrice>8.90</ItemPrice>
      <UnitOfMeasurePrice>1.24</UnitOfMeasurePrice>
      <AllowDiscount>1</AllowDiscount>
      <itemStatus>1</itemStatus>
      <LastUpdateDate />
      <LastUpdateTime />
    </Product>
    <Product>
      <PriceUpdateDate>2020/05/03 12:10</PriceUpdateDate>
      <ItemCode>693493002516</ItemCode>
      <ItemType>0</ItemType>
      <ItemName>ענבים שחורים ארוז</ItemName>
      <ManufactureName>פירות אביב בעמ</ManufactureName>
      <ManufactureCountry />
      <ManufactureItemDescription />
      <UnitQty>יח`</UnitQty>
      <Quantity>1</Quantity>
      <UnitMeasure />
      <BisWeighted>0</BisWeighted>
      <QtyInPackage>1</QtyInPackage>
      <ItemPrice>10</ItemPrice>
      <UnitOfMeasurePrice>10</UnitOfMeasurePrice>
      <AllowDiscount>1</AllowDiscount>
      <itemStatus>1</itemStatus>
      <LastUpdateDate />
      <LastUpdateTime />
    </Product>
    <Product>
      <PriceUpdateDate>2020/05/03 12:10</PriceUpdateDate>
      <ItemCode>728013880007</ItemCode>
      <ItemType>0</ItemType>
      <ItemName>פחמים 2קג</ItemName>
      <ManufactureName>פחם קוואנגו סחר בעמ</ManufactureName>
      <ManufactureCountry />
      <ManufactureItemDescription />
      <UnitQty>יח`</UnitQty>
      <Quantity>2000</Quantity>
      <UnitMeasure>גרם</UnitMeasure>
      <BisWeighted>0</BisWeighted>
      <QtyInPackage>1</QtyInPackage>
      <ItemPrice>11.90</ItemPrice>
      <UnitOfMeasurePrice>0.60</UnitOfMeasurePrice>
      <AllowDiscount>0</AllowDiscount>
      <itemStatus>1</itemStatus>
      <LastUpdateDate />
      <LastUpdateTime />
    </Product>
    <Product>
      <PriceUpdateDate>2017/03/05 08:08</PriceUpdateDate>
      <ItemCode>769904001048</ItemCode>
      <ItemType>0</ItemType>
      <ItemName>פסטה קונכיות ללא גלוטן 200 גר`</ItemName>
      <ManufactureName>בטר אנד דיפרנט בעמ</ManufactureName>
      <ManufactureCountry />
      <ManufactureItemDescription />
      <UnitQty>יח`</UnitQty>
      <Quantity>200</Quantity>
      <UnitMeasure>גרם</UnitMeasure>
      <BisWeighted>0</BisWeighted>
      <QtyInPackage>1</QtyInPackage>
      <ItemPrice>9.90</ItemPrice>
      <UnitOfMeasurePrice>4.95</UnitOfMeasurePrice>
      <AllowDiscount>0</AllowDiscount>
      <itemStatus>1</itemStatus>
      <LastUpdateDate />
      <LastUpdateTime />
    </Product>
    <Product>
      <PriceUpdateDate>2019/02/26 10:01</PriceUpdateDate>
      <ItemCode>835811000402</ItemCode>
      <ItemType>0</ItemType>
      <ItemName>כפות 50 יח קרם עבה הנמל</ItemName>
      <ManufactureName>הנמל אריזות ושיווק (1984) בעמ</ManufactureName>
      <ManufactureCountry />
      <ManufactureItemDescription />
      <UnitQty>יח`</UnitQty>
      <Quantity>1</Quantity>
      <UnitMeasure />
      <BisWeighted>0</BisWeighted>
      <QtyInPackage>1</QtyInPackage>
      <ItemPrice>8.90</ItemPrice>
      <UnitOfMeasurePrice>8.90</UnitOfMeasurePrice>
      <AllowDiscount>1</AllowDiscount>
      <itemStatus>1</itemStatus>
      <LastUpdateDate />
      <LastUpdateTime />
    </Product>
    <Product>
      <PriceUpdateDate>2019/02/26 10:01</PriceUpdateDate>
      <ItemCode>835811000419</ItemCode>
      <ItemType>0</ItemType>
      <ItemName>כפיות 50 יח` קרם עבה הנמל</ItemName>
      <ManufactureName>הנמל אריזות ושיווק (1984) בעמ</ManufactureName>
      <ManufactureCountry />
      <ManufactureItemDescription />
      <UnitQty>יח`</UnitQty>
      <Quantity>1</Quantity>
      <UnitMeasure />
      <BisWeighted>0</BisWeighted>
      <QtyInPackage>1</QtyInPackage>
      <ItemPrice>8.90</ItemPrice>
      <UnitOfMeasurePrice>8.90</UnitOfMeasurePrice>
      <AllowDiscount>1</AllowDiscount>
      <itemStatus>1</itemStatus>
      <LastUpdateDate />
      <LastUpdateTime />
    </Product>
    <Product>
      <PriceUpdateDate>2019/02/24 13:31</PriceUpdateDate>
      <ItemCode>835811000426</ItemCode>
      <ItemType>0</ItemType>
      <ItemName>מזלגות 50 יח` שקוף עבה הנמל</ItemName>
      <ManufactureName>הנמל אריזות ושיווק (1984) בעמ</ManufactureName>
      <ManufactureCountry />
      <ManufactureItemDescription />
      <UnitQty>יח`</UnitQty>
      <Quantity>1</Quantity>
      <UnitMeasure />
      <BisWeighted>0</BisWeighted>
      <QtyInPackage>1</QtyInPackage>
      <ItemPrice>8.90</ItemPrice>
      <UnitOfMeasurePrice>8.90</UnitOfMeasurePrice>
      <AllowDiscount>1</AllowDiscount>
      <itemStatus>1</itemStatus>
      <LastUpdateDate />
      <LastUpdateTime />
    </Product>
    <Product>
      <PriceUpdateDate>2019/02/19 15:55</PriceUpdateDate>
      <ItemCode>835811000433</ItemCode>
      <ItemType>0</ItemType>
      <ItemName>סכינים 50 יח` קרם עבה הנמל</ItemName>
      <ManufactureName>הנמל אריזות ושיווק (1984) בעמ</ManufactureName>
      <ManufactureCountry />
      <ManufactureItemDescription />
      <UnitQty>יח`</UnitQty>
      <Quantity>1</Quantity>
      <UnitMeasure />
      <BisWeighted>0</BisWeighted>
      <QtyInPackage>1</QtyInPackage>
      <ItemPrice>8.90</ItemPrice>
      <UnitOfMeasurePrice>8.90</UnitOfMeasurePrice>
      <AllowDiscount>1</AllowDiscount>
      <itemStatus>1</itemStatus>
      <LastUpdateDate />
      <LastUpdateTime />
    </Product>
    <Product>
      <PriceUpdateDate>2019/08/08 08:24</PriceUpdateDate>
      <ItemCode>835811001584</ItemCode>
      <ItemType>0</ItemType>
      <ItemName>גביעי איחסון 12 יח+ מכסה 0.25 ליטר הנמל</ItemName>
      <ManufactureName>הנמל אריזות ושיווק (1984) בעמ</ManufactureName>
      <ManufactureCountry />
      <ManufactureItemDescription />
      <UnitQty>יח`</UnitQty>
      <Quantity>1</Quantity>
      <UnitMeasure />
      <BisWeighted>0</BisWeighted>
      <QtyInPackage>1</QtyInPackage>
      <ItemPrice>4.90</ItemPrice>
      <UnitOfMeasurePrice>4.90</UnitOfMeasurePrice>
      <AllowDiscount>1</AllowDiscount>
      <itemStatus>1</itemStatus>
      <LastUpdateDate />
      <LastUpdateTime />
    </Product>
    <Product>
      <PriceUpdateDate>2019/08/08 08:24</PriceUpdateDate>
      <ItemCode>835811001591</ItemCode>
      <ItemType>0</ItemType>
      <ItemName>גביעי איחסון 8 ח +מכסה 0.5 ליטר הנמל</ItemName>
      <ManufactureName>הנמל אריזות ושיווק (1984) בעמ</ManufactureName>
      <ManufactureCountry />
      <ManufactureItemDescription />
      <UnitQty>יח`</UnitQty>
      <Quantity>1</Quantity>
      <UnitMeasure />
      <BisWeighted>0</BisWeighted>
      <QtyInPackage>1</QtyInPackage>
      <ItemPrice>4.90</ItemPrice>
      <UnitOfMeasurePrice>4.90</UnitOfMeasurePrice>
      <AllowDiscount>1</AllowDiscount>
      <itemStatus>1</itemStatus>
      <LastUpdateDate />
      <LastUpdateTime />
    </Product>
    <Product>
      <PriceUpdateDate>2018/02/05 11:55</PriceUpdateDate>
      <ItemCode>835811001713</ItemCode>
      <ItemType>0</ItemType>
      <ItemName>ניילון נצמד הנמל (150 מטר)</ItemName>
      <ManufactureName>הנמל אריזות ושיווק (1984) בעמ</ManufactureName>
      <ManufactureCountry />
      <ManufactureItemDescription />
      <UnitQty>יח`</UnitQty>
      <Quantity>1</Quantity>
      <UnitMeasure />
      <BisWeighted>0</BisWeighted>
      <QtyInPackage>1</QtyInPackage>
      <ItemPrice>19.90</ItemPrice>
      <UnitOfMeasurePrice>19.90</UnitOfMeasurePrice>
      <AllowDiscount>1</AllowDiscount>
      <itemStatus>1</itemStatus>
      <LastUpdateDate />
      <LastUpdateTime />
    </Product>
    <Product>
      <PriceUpdateDate>2014/10/10 12:25</PriceUpdateDate>
      <ItemCode>835811001973</ItemCode>
      <ItemType>0</ItemType>
      <ItemName>תבנית אלומניום עבה עמוקה הנמל</ItemName>
      <ManufactureName>הנמל אריזות ושיווק (1984) בעמ</ManufactureName>
      <ManufactureCountry />
      <ManufactureItemDescription />
      <UnitQty>יח`</UnitQty>
      <Quantity>1</Quantity>
      <UnitMeasure />
      <BisWeighted>0</BisWeighted>
      <QtyInPackage>1</QtyInPackage>
      <ItemPrice>9.90</ItemPrice>
      <UnitOfMeasurePrice>9.90</UnitOfMeasurePrice>
      <AllowDiscount>0</AllowDiscount>
      <itemStatus>1</itemStatus>
      <LastUpdateDate />
      <LastUpdateTime />
    </Product>
    <Product>
      <PriceUpdateDate>2018/07/19 15:15</PriceUpdateDate>
      <ItemCode>835811002079</ItemCode>
      <ItemType>0</ItemType>
      <ItemName>נר נשמה 48 שעות זכוכית</ItemName>
      <ManufactureName>הנמל אריזות ושיווק (1984) בעמ</ManufactureName>
      <ManufactureCountry />
      <ManufactureItemDescription />
      <UnitQty>יח`</UnitQty>
      <Quantity>1</Quantity>
      <UnitMeasure />
      <BisWeighted>0</BisWeighted>
      <QtyInPackage>1</QtyInPackage>
      <ItemPrice>4.50</ItemPrice>
      <UnitOfMeasurePrice>4.50</UnitOfMeasurePrice>
      <AllowDiscount>0</AllowDiscount>
      <itemStatus>1</itemStatus>
      <LastUpdateDate />
      <LastUpdateTime />
    </Product>
    <Product>
      <PriceUpdateDate>2019/12/03 08:29</PriceUpdateDate>
      <ItemCode>835811003649</ItemCode>
      <ItemType>0</ItemType>
      <ItemName>ממרח בטעם משמש 850 גר הנמל</ItemName>
      <ManufactureName>הנמל אריזות ושיווק (1984) בעמ</ManufactureName>
      <ManufactureCountry />
      <ManufactureItemDescription />
      <UnitQty>יח`</UnitQty>
      <Quantity>850</Quantity>
      <UnitMeasure>גרם</UnitMeasure>
      <BisWeighted>0</BisWeighted>
      <QtyInPackage>1</QtyInPackage>
      <ItemPrice>9.90</ItemPrice>
      <UnitOfMeasurePrice>1.16</UnitOfMeasurePrice>
      <AllowDiscount>0</AllowDiscount>
      <itemStatus>1</itemStatus>
      <LastUpdateDate />
      <LastUpdateTime />
    </Product>
    <Product>
      <PriceUpdateDate>2018/07/19 15:15</PriceUpdateDate>
      <ItemCode>835811004141</ItemCode>
      <ItemType>0</ItemType>
      <ItemName>נרות ריחניים בריח וניל הנמל</ItemName>
      <ManufactureName>הנמל אריזות ושיווק (1984) בעמ</ManufactureName>
      <ManufactureCountry />
      <ManufactureItemDescription />
      <UnitQty>יח`</UnitQty>
      <Quantity>1</Quantity>
      <UnitMeasure />
      <BisWeighted>0</BisWeighted>
      <QtyInPackage>1</QtyInPackage>
      <ItemPrice>7.90</ItemPrice>
      <UnitOfMeasurePrice>7.90</UnitOfMeasurePrice>
      <AllowDiscount>0</AllowDiscount>
      <itemStatus>1</itemStatus>
      <LastUpdateDate />
      <LastUpdateTime />
    </Product>
    <Product>
      <PriceUpdateDate>2018/11/04 11:51</PriceUpdateDate>
      <ItemCode>835811004424</ItemCode>
      <ItemType>0</ItemType>
      <ItemName>חלב מרוכז 340 גר הנמל</ItemName>
      <ManufactureName>הנמל אריזות ושיווק (1984) בעמ</ManufactureName>
      <ManufactureCountry />
      <ManufactureItemDescription />
      <UnitQty>יח`</UnitQty>
      <Quantity>340</Quantity>
      <UnitMeasure>גרם</UnitMeasure>
      <BisWeighted>0</BisWeighted>
      <QtyInPackage>1</QtyInPackage>
      <ItemPrice>11.90</ItemPrice>
      <UnitOfMeasurePrice>3.50</UnitOfMeasurePrice>
      <AllowDiscount>0</AllowDiscount>
      <itemStatus>1</itemStatus>
      <LastUpdateDate />
      <LastUpdateTime />
    </Product>
    <Product>
      <PriceUpdateDate>2019/03/11 11:42</PriceUpdateDate>
      <ItemCode>835811004516</ItemCode>
      <ItemType>0</ItemType>
      <ItemName>קערה פסים לסלט קטנה עגולה 950 מל 1 יח</ItemName>
      <ManufactureName>הנמל אריזות ושיווק (1984) בעמ</ManufactureName>
      <ManufactureCountry />
      <ManufactureItemDescription />
      <UnitQty>יח`</UnitQty>
      <Quantity>1</Quantity>
      <UnitMeasure />
      <BisWeighted>0</BisWeighted>
      <QtyInPackage>1</QtyInPackage>
      <ItemPrice>4.90</ItemPrice>
      <UnitOfMeasurePrice>4.90</UnitOfMeasurePrice>
      <AllowDiscount>0</AllowDiscount>
      <itemStatus>1</itemStatus>
      <LastUpdateDate />
      <LastUpdateTime />
    </Product>
    <Product>
      <PriceUpdateDate>2015/06/23 11:38</PriceUpdateDate>
      <ItemCode>835811004707</ItemCode>
      <ItemType>0</ItemType>
      <ItemName>פרורי לחם מוזהבים הנמל (440 גרם)</ItemName>
      <ManufactureName>הנמל אריזות ושיווק (1984) בעמ</ManufactureName>
      <ManufactureCountry />
      <ManufactureItemDescription />
      <UnitQty>יח`</UnitQty>
      <Quantity>440</Quantity>
      <UnitMeasure>גרם</UnitMeasure>
      <BisWeighted>0</BisWeighted>
      <QtyInPackage>1</QtyInPackage>
      <ItemPrice>5.90</ItemPrice>
      <UnitOfMeasurePrice>1.34</UnitOfMeasurePrice>
      <AllowDiscount>1</AllowDiscount>
      <itemStatus>1</itemStatus>
      <LastUpdateDate />
      <LastUpdateTime />
    </Product>
    <Product>
      <PriceUpdateDate>2019/03/11 11:42</PriceUpdateDate>
      <ItemCode>835811004943</ItemCode>
      <ItemType>0</ItemType>
      <ItemName>ליפנית שקוף אלגנט 10  יח`קטן</ItemName>
      <ManufactureName>הנמל אריזות ושיווק (1984) בעמ</ManufactureName>
      <ManufactureCountry />
      <ManufactureItemDescription />
      <UnitQty>יח`</UnitQty>
      <Quantity>1</Quantity>
      <UnitMeasure />
      <BisWeighted>0</BisWeighted>
      <QtyInPackage>1</QtyInPackage>
      <ItemPrice>9.90</ItemPrice>
      <UnitOfMeasurePrice>9.90</UnitOfMeasurePrice>
      <AllowDiscount>0</AllowDiscount>
      <itemStatus>1</itemStatus>
      <LastUpdateDate />
      <LastUpdateTime />
    </Product>
    <Product>
      <PriceUpdateDate>2014/01/13 08:53</PriceUpdateDate>
      <ItemCode>835811005339</ItemCode>
      <ItemType>0</ItemType>
      <ItemName>שקיות מזון הנמל) (150x2</ItemName>
      <ManufactureName>הנמל אריזות ושיווק (1984) בעמ</ManufactureName>
      <ManufactureCountry />
      <ManufactureItemDescription />
      <UnitQty>יח`</UnitQty>
      <Quantity>1</Quantity>
      <UnitMeasure />
      <BisWeighted>0</BisWeighted>
      <QtyInPackage>1</QtyInPackage>
      <ItemPrice>9.90</ItemPrice>
      <UnitOfMeasurePrice>9.90</UnitOfMeasurePrice>
      <AllowDiscount>0</AllowDiscount>
      <itemStatus>1</itemStatus>
      <LastUpdateDate />
      <LastUpdateTime />
    </Product>
    <Product>
      <PriceUpdateDate>2015/09/07 08:50</PriceUpdateDate>
      <ItemCode>835811005421</ItemCode>
      <ItemType>0</ItemType>
      <ItemName>מקלות עבים לשיפודים 75  יח`הנמל</ItemName>
      <ManufactureName>הנמל אריזות ושיווק (1984) בעמ</ManufactureName>
      <ManufactureCountry />
      <ManufactureItemDescription />
      <UnitQty>יח`</UnitQty>
      <Quantity>1</Quantity>
      <UnitMeasure />
      <BisWeighted>0</BisWeighted>
      <QtyInPackage>1</QtyInPackage>
      <ItemPrice>2.90</ItemPrice>
      <UnitOfMeasurePrice>2.90</UnitOfMeasurePrice>
      <AllowDiscount>0</AllowDiscount>
      <itemStatus>1</itemStatus>
      <LastUpdateDate />
      <LastUpdateTime />
    </Product>
    <Product>
      <PriceUpdateDate>2017/08/08 10:26</PriceUpdateDate>
      <ItemCode>835811005803</ItemCode>
      <ItemType>0</ItemType>
      <ItemName>הנמל שקיות אשפה עם ידיות 25 יח 90*75</ItemName>
      <ManufactureName>הנמל אריזות ושיווק (1984) בעמ</ManufactureName>
      <ManufactureCountry />
      <ManufactureItemDescription />
      <UnitQty>יח`</UnitQty>
      <Quantity>1</Quantity>
      <UnitMeasure />
      <BisWeighted>0</BisWeighted>
      <QtyInPackage>1</QtyInPackage>
      <ItemPrice>15.90</ItemPrice>
      <UnitOfMeasurePrice>15.90</UnitOfMeasurePrice>
      <AllowDiscount>1</AllowDiscount>
      <itemStatus>1</itemStatus>
      <LastUpdateDate />
      <LastUpdateTime />
    </Product>
    <Product>
      <PriceUpdateDate>2019/03/11 11:42</PriceUpdateDate>
      <ItemCode>835811005810</ItemCode>
      <ItemType>0</ItemType>
      <ItemName>מגש הכסף תבנית מרובע קטן+מכסה  10 יח`</ItemName>
      <ManufactureName>הנמל אריזות ושיווק (1984) בעמ</ManufactureName>
      <ManufactureCountry />
      <ManufactureItemDescription />
      <UnitQty>יח`</UnitQty>
      <Quantity>1</Quantity>
      <UnitMeasure />
      <BisWeighted>0</BisWeighted>
      <QtyInPackage>1</QtyInPackage>
      <ItemPrice>9.90</ItemPrice>
      <UnitOfMeasurePrice>9.90</UnitOfMeasurePrice>
      <AllowDiscount>0</AllowDiscount>
      <itemStatus>1</itemStatus>
      <LastUpdateDate />
      <LastUpdateTime />
    </Product>
    <Product>
      <PriceUpdateDate>2019/03/11 11:42</PriceUpdateDate>
      <ItemCode>835811005896</ItemCode>
      <ItemType>0</ItemType>
      <ItemName>כפיות מתכלים 25 יח`</ItemName>
      <ManufactureName>הנמל אריזות ושיווק (1984) בעמ</ManufactureName>
      <ManufactureCountry />
      <ManufactureItemDescription />
      <UnitQty>יח`</UnitQty>
      <Quantity>1</Quantity>
      <UnitMeasure />
      <BisWeighted>0</BisWeighted>
      <QtyInPackage>1</QtyInPackage>
      <ItemPrice>4.90</ItemPrice>
      <UnitOfMeasurePrice>4.90</UnitOfMeasurePrice>
      <AllowDiscount>0</AllowDiscount>
      <itemStatus>1</itemStatus>
      <LastUpdateDate />
      <LastUpdateTime />
    </Product>
    <Product>
      <PriceUpdateDate>2019/11/13 15:50</PriceUpdateDate>
      <ItemCode>835811005902</ItemCode>
      <ItemType>0</ItemType>
      <ItemName>כפות מתכלים 25 יח`</ItemName>
      <ManufactureName>הנמל אריזות ושיווק (1984) בעמ</ManufactureName>
      <ManufactureCountry />
      <ManufactureItemDescription />
      <UnitQty>יח`</UnitQty>
      <Quantity>1</Quantity>
      <UnitMeasure />
      <BisWeighted>0</BisWeighted>
      <QtyInPackage>1</QtyInPackage>
      <ItemPrice>4.90</ItemPrice>
      <UnitOfMeasurePrice>4.90</UnitOfMeasurePrice>
      <AllowDiscount>0</AllowDiscount>
      <itemStatus>1</itemStatus>
      <LastUpdateDate />
      <LastUpdateTime />
    </Product>
    <Product>
      <PriceUpdateDate>2019/11/13 15:50</PriceUpdateDate>
      <ItemCode>835811005926</ItemCode>
      <ItemType>0</ItemType>
      <ItemName>מזלגות מתכלים 25 יח`</ItemName>
      <ManufactureName>הנמל אריזות ושיווק (1984) בעמ</ManufactureName>
      <ManufactureCountry />
      <ManufactureItemDescription />
      <UnitQty>יח`</UnitQty>
      <Quantity>1</Quantity>
      <UnitMeasure />
      <BisWeighted>0</BisWeighted>
      <QtyInPackage>1</QtyInPackage>
      <ItemPrice>4.90</ItemPrice>
      <UnitOfMeasurePrice>4.90</UnitOfMeasurePrice>
      <AllowDiscount>0</AllowDiscount>
      <itemStatus>1</itemStatus>
      <LastUpdateDate />
      <LastUpdateTime />
    </Product>
    <Product>
      <PriceUpdateDate>2019/03/11 11:42</PriceUpdateDate>
      <ItemCode>835811005940</ItemCode>
      <ItemType>0</ItemType>
      <ItemName>מגש הכסף תבנית  אלומ` גדולה+ מכסה 8 יח`</ItemName>
      <ManufactureName>הנמל אריזות ושיווק (1984) בעמ</ManufactureName>
      <ManufactureCountry />
      <ManufactureItemDescription />
      <UnitQty>יח`</UnitQty>
      <Quantity>1</Quantity>
      <UnitMeasure />
      <BisWeighted>0</BisWeighted>
      <QtyInPackage>1</QtyInPackage>
      <ItemPrice>9.90</ItemPrice>
      <UnitOfMeasurePrice>9.90</UnitOfMeasurePrice>
      <AllowDiscount>0</AllowDiscount>
      <itemStatus>1</itemStatus>
      <LastUpdateDate />
      <LastUpdateTime />
    </Product>
    <Product>
      <PriceUpdateDate>2019/03/11 11:42</PriceUpdateDate>
      <ItemCode>835811005957</ItemCode>
      <ItemType>0</ItemType>
      <ItemName>מגש הכסף תבנית  אלומ` +90 מכסה 8 יח`</ItemName>
      <ManufactureName>הנמל אריזות ושיווק (1984) בעמ</ManufactureName>
      <ManufactureCountry />
      <ManufactureItemDescription />
      <UnitQty>יח`</UnitQty>
      <Quantity>1</Quantity>
      <UnitMeasure />
      <BisWeighted>0</BisWeighted>
      <QtyInPackage>1</QtyInPackage>
      <ItemPrice>9.90</ItemPrice>
      <UnitOfMeasurePrice>9.90</UnitOfMeasurePrice>
      <AllowDiscount>0</AllowDiscount>
      <itemStatus>1</itemStatus>
      <LastUpdateDate />
      <LastUpdateTime />
    </Product>
    <Product>
      <PriceUpdateDate>2019/03/11 11:42</PriceUpdateDate>
      <ItemCode>835811005964</ItemCode>
      <ItemType>0</ItemType>
      <ItemName>מגש הכסף תבנית  אלומ`מאורך 20 יח`</ItemName>
      <ManufactureName>הנמל אריזות ושיווק (1984) בעמ</ManufactureName>
      <ManufactureCountry />
      <ManufactureItemDescription />
      <UnitQty>יח`</UnitQty>
      <Quantity>1</Quantity>
      <UnitMeasure />
      <BisWeighted>0</BisWeighted>
      <QtyInPackage>1</QtyInPackage>
      <ItemPrice>9.90</ItemPrice>
      <UnitOfMeasurePrice>9.90</UnitOfMeasurePrice>
      <AllowDiscount>0</AllowDiscount>
      <itemStatus>1</itemStatus>
      <LastUpdateDate />
      <LastUpdateTime />
    </Product>
    <Product>
      <PriceUpdateDate>2014/08/19 11:22</PriceUpdateDate>
      <ItemCode>835811005971</ItemCode>
      <ItemType>0</ItemType>
      <ItemName>מפת שלחן אל בד עם רנר מודפס 120*270 הנמל</ItemName>
      <ManufactureName>הנמל אריזות ושיווק (1984) בעמ</ManufactureName>
      <ManufactureCountry />
      <ManufactureItemDescription />
      <UnitQty>יח`</UnitQty>
      <Quantity>1</Quantity>
      <UnitMeasure />
      <BisWeighted>0</BisWeighted>
      <QtyInPackage>1</QtyInPackage>
      <ItemPrice>9.90</ItemPrice>
      <UnitOfMeasurePrice>9.90</UnitOfMeasurePrice>
      <AllowDiscount>1</AllowDiscount>
      <itemStatus>1</itemStatus>
      <LastUpdateDate />
      <LastUpdateTime />
    </Product>
    <Product>
      <PriceUpdateDate>2019/03/11 11:42</PriceUpdateDate>
      <ItemCode>835811006046</ItemCode>
      <ItemType>0</ItemType>
      <ItemName>ליפתן אמרקאיות 5  אונז`100 יח`</ItemName>
      <ManufactureName>הנמל אריזות ושיווק (1984) בעמ</ManufactureName>
      <ManufactureCountry />
      <ManufactureItemDescription />
      <UnitQty>יח`</UnitQty>
      <Quantity>1</Quantity>
      <UnitMeasure />
      <BisWeighted>0</BisWeighted>
      <QtyInPackage>1</QtyInPackage>
      <ItemPrice>15.90</ItemPrice>
      <UnitOfMeasurePrice>15.90</UnitOfMeasurePrice>
      <AllowDiscount>0</AllowDiscount>
      <itemStatus>1</itemStatus>
      <LastUpdateDate />
      <LastUpdateTime />
    </Product>
    <Product>
      <PriceUpdateDate>2019/11/13 15:50</PriceUpdateDate>
      <ItemCode>835811006213</ItemCode>
      <ItemType>0</ItemType>
      <ItemName>קערות למרק מקנה סוכר טבעי 25 יח`</ItemName>
      <ManufactureName>הנמל אריזות ושיווק (1984) בעמ</ManufactureName>
      <ManufactureCountry />
      <ManufactureItemDescription />
      <UnitQty>יח`</UnitQty>
      <Quantity>1</Quantity>
      <UnitMeasure />
      <BisWeighted>0</BisWeighted>
      <QtyInPackage>1</QtyInPackage>
      <ItemPrice>8.50</ItemPrice>
      <UnitOfMeasurePrice>8.50</UnitOfMeasurePrice>
      <AllowDiscount>0</AllowDiscount>
      <itemStatus>1</itemStatus>
      <LastUpdateDate />
      <LastUpdateTime />
    </Product>
    <Product>
      <PriceUpdateDate>2019/11/13 15:50</PriceUpdateDate>
      <ItemCode>835811006220</ItemCode>
      <ItemType>0</ItemType>
      <ItemName>צלחות ענק מקנה סוכר טבעי 25 יח`</ItemName>
      <ManufactureName>הנמל אריזות ושיווק (1984) בעמ</ManufactureName>
      <ManufactureCountry />
      <ManufactureItemDescription />
      <UnitQty>יח`</UnitQty>
      <Quantity>1</Quantity>
      <UnitMeasure />
      <BisWeighted>0</BisWeighted>
      <QtyInPackage>1</QtyInPackage>
      <ItemPrice>12.90</ItemPrice>
      <UnitOfMeasurePrice>12.90</UnitOfMeasurePrice>
      <AllowDiscount>0</AllowDiscount>
      <itemStatus>1</itemStatus>
      <LastUpdateDate />
      <LastUpdateTime />
    </Product>
    <Product>
      <PriceUpdateDate>2019/11/13 15:50</PriceUpdateDate>
      <ItemCode>835811006237</ItemCode>
      <ItemType>0</ItemType>
      <ItemName>צלחות קטנות מקנה סוכר טבעי 25 יח`</ItemName>
      <ManufactureName>הנמל אריזות ושיווק (1984) בעמ</ManufactureName>
      <ManufactureCountry />
      <ManufactureItemDescription />
      <UnitQty>יח`</UnitQty>
      <Quantity>1</Quantity>
      <UnitMeasure />
      <BisWeighted>0</BisWeighted>
      <QtyInPackage>1</QtyInPackage>
      <ItemPrice>6.50</ItemPrice>
      <UnitOfMeasurePrice>6.50</UnitOfMeasurePrice>
      <AllowDiscount>0</AllowDiscount>
      <itemStatus>1</itemStatus>
      <LastUpdateDate />
      <LastUpdateTime />
    </Product>
    <Product>
      <PriceUpdateDate>2019/11/13 15:50</PriceUpdateDate>
      <ItemCode>835811006244</ItemCode>
      <ItemType>0</ItemType>
      <ItemName>צלחות גדולות מקנה סוכר טבעי 25 יח`</ItemName>
      <ManufactureName>הנמל אריזות ושיווק (1984) בעמ</ManufactureName>
      <ManufactureCountry />
      <ManufactureItemDescription />
      <UnitQty>יח`</UnitQty>
      <Quantity>1</Quantity>
      <UnitMeasure />
      <BisWeighted>0</BisWeighted>
      <QtyInPackage>1</QtyInPackage>
      <ItemPrice>9.90</ItemPrice>
      <UnitOfMeasurePrice>9.90</UnitOfMeasurePrice>
      <AllowDiscount>0</AllowDiscount>
      <itemStatus>1</itemStatus>
      <LastUpdateDate />
      <LastUpdateTime />
    </Product>
    <Product>
      <PriceUpdateDate>2019/03/11 11:42</PriceUpdateDate>
      <ItemCode>835811006435</ItemCode>
      <ItemType>0</ItemType>
      <ItemName>מגש הכסף תבנית מלבן  עמוק+ מכסה 9 יח`</ItemName>
      <ManufactureName>הנמל אריזות ושיווק (1984) בעמ</ManufactureName>
      <ManufactureCountry />
      <ManufactureItemDescription />
      <UnitQty>יח`</UnitQty>
      <Quantity>1</Quantity>
      <UnitMeasure />
      <BisWeighted>0</BisWeighted>
      <QtyInPackage>1</QtyInPackage>
      <ItemPrice>9.90</ItemPrice>
      <UnitOfMeasurePrice>9.90</UnitOfMeasurePrice>
      <AllowDiscount>0</AllowDiscount>
      <itemStatus>1</itemStatus>
      <LastUpdateDate />
      <LastUpdateTime />
    </Product>
    <Product>
      <PriceUpdateDate>2014/11/03 10:19</PriceUpdateDate>
      <ItemCode>835811007166</ItemCode>
      <ItemType>0</ItemType>
      <ItemName>כוסות קרטון 16  יח`הנמל</ItemName>
      <ManufactureName>הנמל אריזות ושיווק (1984) בעמ</ManufactureName>
      <ManufactureCountry />
      <ManufactureItemDescription />
      <UnitQty>יח`</UnitQty>
      <Quantity>16</Quantity>
      <UnitMeasure>יח`</UnitMeasure>
      <BisWeighted>0</BisWeighted>
      <QtyInPackage>1</QtyInPackage>
      <ItemPrice>12.90</ItemPrice>
      <UnitOfMeasurePrice>0.81</UnitOfMeasurePrice>
      <AllowDiscount>0</AllowDiscount>
      <itemStatus>1</itemStatus>
      <LastUpdateDate />
      <LastUpdateTime />
    </Product>
    <Product>
      <PriceUpdateDate>2019/03/11 11:42</PriceUpdateDate>
      <ItemCode>835811007357</ItemCode>
      <ItemType>0</ItemType>
      <ItemName>סלטינות אובלי 25 יח</ItemName>
      <ManufactureName>הנמל אריזות ושיווק (1984) בעמ</ManufactureName>
      <ManufactureCountry />
      <ManufactureItemDescription />
      <UnitQty>יח`</UnitQty>
      <Quantity>1</Quantity>
      <UnitMeasure />
      <BisWeighted>0</BisWeighted>
      <QtyInPackage>1</QtyInPackage>
      <ItemPrice>3.90</ItemPrice>
      <UnitOfMeasurePrice>3.90</UnitOfMeasurePrice>
      <AllowDiscount>1</AllowDiscount>
      <itemStatus>1</itemStatus>
      <LastUpdateDate />
      <LastUpdateTime />
    </Product>
    <Product>
      <PriceUpdateDate>2017/03/09 08:10</PriceUpdateDate>
      <ItemCode>835811008347</ItemCode>
      <ItemType>0</ItemType>
      <ItemName>גפרור ענק הנמל</ItemName>
      <ManufactureName>הנמל אריזות ושיווק (1984) בעמ</ManufactureName>
      <ManufactureCountry />
      <ManufactureItemDescription />
      <UnitQty>יח`</UnitQty>
      <Quantity>1</Quantity>
      <UnitMeasure />
      <BisWeighted>0</BisWeighted>
      <QtyInPackage>1</QtyInPackage>
      <ItemPrice>5.90</ItemPrice>
      <UnitOfMeasurePrice>5.90</UnitOfMeasurePrice>
      <AllowDiscount>1</AllowDiscount>
      <itemStatus>1</itemStatus>
      <LastUpdateDate />
      <LastUpdateTime />
    </Product>
    <Product>
      <PriceUpdateDate>2017/08/08 10:26</PriceUpdateDate>
      <ItemCode>835811008606</ItemCode>
      <ItemType>0</ItemType>
      <ItemName>סיר אלומיניום 3 יח` הנמל</ItemName>
      <ManufactureName>הנמל אריזות ושיווק (1984) בעמ</ManufactureName>
      <ManufactureCountry />
      <ManufactureItemDescription />
      <UnitQty>יח`</UnitQty>
      <Quantity>1</Quantity>
      <UnitMeasure />
      <BisWeighted>0</BisWeighted>
      <QtyInPackage>1</QtyInPackage>
      <ItemPrice>14.90</ItemPrice>
      <UnitOfMeasurePrice>14.90</UnitOfMeasurePrice>
      <AllowDiscount>1</AllowDiscount>
      <itemStatus>1</itemStatus>
      <LastUpdateDate />
      <LastUpdateTime />
    </Product>
    <Product>
      <PriceUpdateDate>2018/02/05 11:55</PriceUpdateDate>
      <ItemCode>835811008699</ItemCode>
      <ItemType>0</ItemType>
      <ItemName>כפות 50 יח עבה הנמל</ItemName>
      <ManufactureName>הנמל אריזות ושיווק (1984) בעמ</ManufactureName>
      <ManufactureCountry />
      <ManufactureItemDescription />
      <UnitQty>יח`</UnitQty>
      <Quantity>1</Quantity>
      <UnitMeasure />
      <BisWeighted>0</BisWeighted>
      <QtyInPackage>1</QtyInPackage>
      <ItemPrice>8.90</ItemPrice>
      <UnitOfMeasurePrice>8.90</UnitOfMeasurePrice>
      <AllowDiscount>1</AllowDiscount>
      <itemStatus>1</itemStatus>
      <LastUpdateDate />
      <LastUpdateTime />
    </Product>
    <Product>
      <PriceUpdateDate>2016/10/06 10:43</PriceUpdateDate>
      <ItemCode>835811008736</ItemCode>
      <ItemType>0</ItemType>
      <ItemName>צלחות אמריקאיות גדול 9</ItemName>
      <ManufactureName>הנמל אריזות ושיווק (1984) בעמ</ManufactureName>
      <ManufactureCountry />
      <ManufactureItemDescription />
      <UnitQty>יח`</UnitQty>
      <Quantity>1</Quantity>
      <UnitMeasure />
      <BisWeighted>0</BisWeighted>
      <QtyInPackage>1</QtyInPackage>
      <ItemPrice>29.90</ItemPrice>
      <UnitOfMeasurePrice>29.90</UnitOfMeasurePrice>
      <AllowDiscount>0</AllowDiscount>
      <itemStatus>1</itemStatus>
      <LastUpdateDate />
      <LastUpdateTime />
    </Product>
    <Product>
      <PriceUpdateDate>2016/10/06 10:43</PriceUpdateDate>
      <ItemCode>835811008774</ItemCode>
      <ItemType>0</ItemType>
      <ItemName>צלחות אמרקאיות קטן 7 100 יח</ItemName>
      <ManufactureName>הנמל אריזות ושיווק (1984) בעמ</ManufactureName>
      <ManufactureCountry />
      <ManufactureItemDescription />
      <UnitQty>יח`</UnitQty>
      <Quantity>1</Quantity>
      <UnitMeasure />
      <BisWeighted>0</BisWeighted>
      <QtyInPackage>1</QtyInPackage>
      <ItemPrice>19.90</ItemPrice>
      <UnitOfMeasurePrice>19.90</UnitOfMeasurePrice>
      <AllowDiscount>0</AllowDiscount>
      <itemStatus>1</itemStatus>
      <LastUpdateDate />
      <LastUpdateTime />
    </Product>
    <Product>
      <PriceUpdateDate>2016/10/06 10:43</PriceUpdateDate>
      <ItemCode>835811008781</ItemCode>
      <ItemType>0</ItemType>
      <ItemName>מרקיה אמריקאית 100 יח</ItemName>
      <ManufactureName>הנמל אריזות ושיווק (1984) בעמ</ManufactureName>
      <ManufactureCountry />
      <ManufactureItemDescription />
      <UnitQty>יח`</UnitQty>
      <Quantity>1</Quantity>
      <UnitMeasure />
      <BisWeighted>0</BisWeighted>
      <QtyInPackage>1</QtyInPackage>
      <ItemPrice>19.90</ItemPrice>
      <UnitOfMeasurePrice>19.90</UnitOfMeasurePrice>
      <AllowDiscount>0</AllowDiscount>
      <itemStatus>1</itemStatus>
      <LastUpdateDate />
      <LastUpdateTime />
    </Product>
    <Product>
      <PriceUpdateDate>2018/02/05 11:55</PriceUpdateDate>
      <ItemCode>835811008934</ItemCode>
      <ItemType>0</ItemType>
      <ItemName>מזלגות 50 יח` קרם עבה הנמל</ItemName>
      <ManufactureName>הנמל אריזות ושיווק (1984) בעמ</ManufactureName>
      <ManufactureCountry />
      <ManufactureItemDescription />
      <UnitQty>יח`</UnitQty>
      <Quantity>1</Quantity>
      <UnitMeasure />
      <BisWeighted>0</BisWeighted>
      <QtyInPackage>1</QtyInPackage>
      <ItemPrice>8.90</ItemPrice>
      <UnitOfMeasurePrice>8.90</UnitOfMeasurePrice>
      <AllowDiscount>1</AllowDiscount>
      <itemStatus>1</itemStatus>
      <LastUpdateDate />
      <LastUpdateTime />
    </Product>
    <Product>
      <PriceUpdateDate>2018/02/05 11:55</PriceUpdateDate>
      <ItemCode>835811008958</ItemCode>
      <ItemType>0</ItemType>
      <ItemName>כפיות 50 יח` שקוף עבה הנמל</ItemName>
      <ManufactureName>הנמל אריזות ושיווק (1984) בעמ</ManufactureName>
      <ManufactureCountry />
      <ManufactureItemDescription />
      <UnitQty>יח`</UnitQty>
      <Quantity>1</Quantity>
      <UnitMeasure />
      <BisWeighted>0</BisWeighted>
      <QtyInPackage>1</QtyInPackage>
      <ItemPrice>8.90</ItemPrice>
      <UnitOfMeasurePrice>8.90</UnitOfMeasurePrice>
      <AllowDiscount>1</AllowDiscount>
      <itemStatus>1</itemStatus>
      <LastUpdateDate />
      <LastUpdateTime />
    </Product>
    <Product>
      <PriceUpdateDate>2019/03/11 11:42</PriceUpdateDate>
      <ItemCode>835811008996</ItemCode>
      <ItemType>0</ItemType>
      <ItemName>כוסות קרטון 50 10OZ יח`</ItemName>
      <ManufactureName>הנמל אריזות ושיווק (1984) בעמ</ManufactureName>
      <ManufactureCountry />
      <ManufactureItemDescription />
      <UnitQty>יח`</UnitQty>
      <Quantity>1</Quantity>
      <UnitMeasure />
      <BisWeighted>0</BisWeighted>
      <QtyInPackage>1</QtyInPackage>
      <ItemPrice>9.90</ItemPrice>
      <UnitOfMeasurePrice>9.90</UnitOfMeasurePrice>
      <AllowDiscount>1</AllowDiscount>
      <itemStatus>1</itemStatus>
      <LastUpdateDate />
      <LastUpdateTime />
    </Product>
    <Product>
      <PriceUpdateDate>2019/03/11 11:42</PriceUpdateDate>
      <ItemCode>835811009214</ItemCode>
      <ItemType>0</ItemType>
      <ItemName>צלחות אלגנט 7.5 קטן 18 יח`</ItemName>
      <ManufactureName>הנמל אריזות ושיווק (1984) בעמ</ManufactureName>
      <ManufactureCountry />
      <ManufactureItemDescription />
      <UnitQty>יח`</UnitQty>
      <Quantity>1</Quantity>
      <UnitMeasure />
      <BisWeighted>0</BisWeighted>
      <QtyInPackage>1</QtyInPackage>
      <ItemPrice>15.90</ItemPrice>
      <UnitOfMeasurePrice>15.90</UnitOfMeasurePrice>
      <AllowDiscount>1</AllowDiscount>
      <itemStatus>1</itemStatus>
      <LastUpdateDate />
      <LastUpdateTime />
    </Product>
    <Product>
      <PriceUpdateDate>2019/03/11 11:42</PriceUpdateDate>
      <ItemCode>835811009221</ItemCode>
      <ItemType>0</ItemType>
      <ItemName>ליפתן אלגנט עגול 18 יח`</ItemName>
      <ManufactureName>הנמל אריזות ושיווק (1984) בעמ</ManufactureName>
      <ManufactureCountry />
      <ManufactureItemDescription />
      <UnitQty>יח`</UnitQty>
      <Quantity>1</Quantity>
      <UnitMeasure />
      <BisWeighted>0</BisWeighted>
      <QtyInPackage>1</QtyInPackage>
      <ItemPrice>9.90</ItemPrice>
      <UnitOfMeasurePrice>9.90</UnitOfMeasurePrice>
      <AllowDiscount>0</AllowDiscount>
      <itemStatus>1</itemStatus>
      <LastUpdateDate />
      <LastUpdateTime />
    </Product>
    <Product>
      <PriceUpdateDate>2015/11/30 12:59</PriceUpdateDate>
      <ItemCode>835811009238</ItemCode>
      <ItemType>0</ItemType>
      <ItemName>שיפודים ענק הנמל</ItemName>
      <ManufactureName>הנמל אריזות ושיווק (1984) בעמ</ManufactureName>
      <ManufactureCountry />
      <ManufactureItemDescription />
      <UnitQty>יח`</UnitQty>
      <Quantity>1</Quantity>
      <UnitMeasure />
      <BisWeighted>0</BisWeighted>
      <QtyInPackage>1</QtyInPackage>
      <ItemPrice>7.90</ItemPrice>
      <UnitOfMeasurePrice>7.90</UnitOfMeasurePrice>
      <AllowDiscount>0</AllowDiscount>
      <itemStatus>1</itemStatus>
      <LastUpdateDate />
      <LastUpdateTime />
    </Product>
    <Product>
      <PriceUpdateDate>2019/03/11 11:42</PriceUpdateDate>
      <ItemCode>835811009368</ItemCode>
      <ItemType>0</ItemType>
      <ItemName>מרקיות צבע 25 יח`</ItemName>
      <ManufactureName>הנמל אריזות ושיווק (1984) בעמ</ManufactureName>
      <ManufactureCountry />
      <ManufactureItemDescription />
      <UnitQty>יח`</UnitQty>
      <Quantity>1</Quantity>
      <UnitMeasure />
      <BisWeighted>0</BisWeighted>
      <QtyInPackage>1</QtyInPackage>
      <ItemPrice>5.90</ItemPrice>
      <UnitOfMeasurePrice>5.90</UnitOfMeasurePrice>
      <AllowDiscount>1</AllowDiscount>
      <itemStatus>1</itemStatus>
      <LastUpdateDate />
      <LastUpdateTime />
    </Product>
    <Product>
      <PriceUpdateDate>2019/03/11 11:42</PriceUpdateDate>
      <ItemCode>835811009405</ItemCode>
      <ItemType>0</ItemType>
      <ItemName>צלחת אובלית צבע 25 יח` מעורב</ItemName>
      <ManufactureName>הנמל אריזות ושיווק (1984) בעמ</ManufactureName>
      <ManufactureCountry />
      <ManufactureItemDescription />
      <UnitQty>יח`</UnitQty>
      <Quantity>1</Quantity>
      <UnitMeasure />
      <BisWeighted>0</BisWeighted>
      <QtyInPackage>1</QtyInPackage>
      <ItemPrice>12.90</ItemPrice>
      <UnitOfMeasurePrice>12.90</UnitOfMeasurePrice>
      <AllowDiscount>1</AllowDiscount>
      <itemStatus>1</itemStatus>
      <LastUpdateDate />
      <LastUpdateTime />
    </Product>
    <Product>
      <PriceUpdateDate>2019/03/11 11:42</PriceUpdateDate>
      <ItemCode>835811009412</ItemCode>
      <ItemType>0</ItemType>
      <ItemName>צלחות קטנות 25 יח` 7 צבע מעורב</ItemName>
      <ManufactureName>הנמל אריזות ושיווק (1984) בעמ</ManufactureName>
      <ManufactureCountry />
      <ManufactureItemDescription />
      <UnitQty>יח`</UnitQty>
      <Quantity>1</Quantity>
      <UnitMeasure />
      <BisWeighted>0</BisWeighted>
      <QtyInPackage>1</QtyInPackage>
      <ItemPrice>5.90</ItemPrice>
      <UnitOfMeasurePrice>5.90</UnitOfMeasurePrice>
      <AllowDiscount>1</AllowDiscount>
      <itemStatus>1</itemStatus>
      <LastUpdateDate />
      <LastUpdateTime />
    </Product>
    <Product>
      <PriceUpdateDate>2019/03/11 11:42</PriceUpdateDate>
      <ItemCode>835811009429</ItemCode>
      <ItemType>0</ItemType>
      <ItemName>צלחות גדולות צבע 25 יח` מעורב</ItemName>
      <ManufactureName>הנמל אריזות ושיווק (1984) בעמ</ManufactureName>
      <ManufactureCountry />
      <ManufactureItemDescription />
      <UnitQty>יח`</UnitQty>
      <Quantity>1</Quantity>
      <UnitMeasure />
      <BisWeighted>0</BisWeighted>
      <QtyInPackage>1</QtyInPackage>
      <ItemPrice>8.90</ItemPrice>
      <UnitOfMeasurePrice>8.90</UnitOfMeasurePrice>
      <AllowDiscount>1</AllowDiscount>
      <itemStatus>1</itemStatus>
      <LastUpdateDate />
      <LastUpdateTime />
    </Product>
    <Product>
      <PriceUpdateDate>2019/03/11 11:42</PriceUpdateDate>
      <ItemCode>835811009436</ItemCode>
      <ItemType>0</ItemType>
      <ItemName>צלחות ענק צבע 25 יח` מעורב</ItemName>
      <ManufactureName>הנמל אריזות ושיווק (1984) בעמ</ManufactureName>
      <ManufactureCountry />
      <ManufactureItemDescription />
      <UnitQty>יח`</UnitQty>
      <Quantity>1</Quantity>
      <UnitMeasure />
      <BisWeighted>0</BisWeighted>
      <QtyInPackage>1</QtyInPackage>
      <ItemPrice>12.90</ItemPrice>
      <UnitOfMeasurePrice>12.90</UnitOfMeasurePrice>
      <AllowDiscount>1</AllowDiscount>
      <itemStatus>1</itemStatus>
      <LastUpdateDate />
      <LastUpdateTime />
    </Product>
    <Product>
      <PriceUpdateDate>2013/11/20 14:54</PriceUpdateDate>
      <ItemCode>839762000641</ItemCode>
      <ItemType>0</ItemType>
      <ItemName>משקה איילנד 1 ליטר מנגו</ItemName>
      <ManufactureName>טמפו משקאות בעמ</ManufactureName>
      <ManufactureCountry />
      <ManufactureItemDescription />
      <UnitQty>יח`</UnitQty>
      <Quantity>1</Quantity>
      <UnitMeasure>1 ליטר</UnitMeasure>
      <BisWeighted>0</BisWeighted>
      <QtyInPackage>1</QtyInPackage>
      <ItemPrice>10.90</ItemPrice>
      <UnitOfMeasurePrice>10.90</UnitOfMeasurePrice>
      <AllowDiscount>1</AllowDiscount>
      <itemStatus>1</itemStatus>
      <LastUpdateDate />
      <LastUpdateTime />
    </Product>
    <Product>
      <PriceUpdateDate>2013/11/20 14:54</PriceUpdateDate>
      <ItemCode>839762000658</ItemCode>
      <ItemType>0</ItemType>
      <ItemName>משקה גויאבה איילנד (1 ליטר)</ItemName>
      <ManufactureName>טמפו משקאות בעמ</ManufactureName>
      <ManufactureCountry />
      <ManufactureItemDescription />
      <UnitQty>יח`</UnitQty>
      <Quantity>1</Quantity>
      <UnitMeasure>1 ליטר</UnitMeasure>
      <BisWeighted>0</BisWeighted>
      <QtyInPackage>1</QtyInPackage>
      <ItemPrice>10.90</ItemPrice>
      <UnitOfMeasurePrice>10.90</UnitOfMeasurePrice>
      <AllowDiscount>1</AllowDiscount>
      <itemStatus>1</itemStatus>
      <LastUpdateDate />
      <LastUpdateTime />
    </Product>
    <Product>
      <PriceUpdateDate>2019/02/28 08:40</PriceUpdateDate>
      <ItemCode>839762002379</ItemCode>
      <ItemType>0</ItemType>
      <ItemName>משקה איילנד 350 גר` מנגו</ItemName>
      <ManufactureName>טמפו משקאות בעמ</ManufactureName>
      <ManufactureCountry />
      <ManufactureItemDescription />
      <UnitQty>יח`</UnitQty>
      <Quantity>350</Quantity>
      <UnitMeasure>מ"ל</UnitMeasure>
      <BisWeighted>0</BisWeighted>
      <QtyInPackage>1</QtyInPackage>
      <ItemPrice>5.90</ItemPrice>
      <UnitOfMeasurePrice>1.60</UnitOfMeasurePrice>
      <AllowDiscount>0</AllowDiscount>
      <itemStatus>1</itemStatus>
      <LastUpdateDate />
      <LastUpdateTime />
    </Product>
    <Product>
      <PriceUpdateDate>2019/02/28 08:40</PriceUpdateDate>
      <ItemCode>839762002386</ItemCode>
      <ItemType>0</ItemType>
      <ItemName>משקה איילנד 350 גר` גויאבה</ItemName>
      <ManufactureName>טמפו משקאות בעמ</ManufactureName>
      <ManufactureCountry />
      <ManufactureItemDescription />
      <UnitQty>יח`</UnitQty>
      <Quantity>350</Quantity>
      <UnitMeasure>מ"ל</UnitMeasure>
      <BisWeighted>0</BisWeighted>
      <QtyInPackage>1</QtyInPackage>
      <ItemPrice>5.90</ItemPrice>
      <UnitOfMeasurePrice>1.60</UnitOfMeasurePrice>
      <AllowDiscount>0</AllowDiscount>
      <itemStatus>1</itemStatus>
      <LastUpdateDate />
      <LastUpdateTime />
    </Product>
    <Product>
      <PriceUpdateDate>2020/04/27 06:50</PriceUpdateDate>
      <ItemCode>850004207024</ItemCode>
      <ItemType>0</ItemType>
      <ItemName>המבורגר ביונד מיט 113 גר` מארז זוגי</ItemName>
      <ManufactureName>דיפלומט היינץ</ManufactureName>
      <ManufactureCountry />
      <ManufactureItemDescription />
      <UnitQty>יח`</UnitQty>
      <Quantity>226</Quantity>
      <UnitMeasure>גרם</UnitMeasure>
      <BisWeighted>0</BisWeighted>
      <QtyInPackage>1</QtyInPackage>
      <ItemPrice>34.90</ItemPrice>
      <UnitOfMeasurePrice>15.44</UnitOfMeasurePrice>
      <AllowDiscount>1</AllowDiscount>
      <itemStatus>1</itemStatus>
      <LastUpdateDate />
      <LastUpdateTime />
    </Product>
    <Product>
      <PriceUpdateDate>2019/01/13 11:17</PriceUpdateDate>
      <ItemCode>852802008032</ItemCode>
      <ItemType>0</ItemType>
      <ItemName>שיק תפוח עץ-מארז שישייה 65 גר` יח AVEL</ItemName>
      <ManufactureName>אבאל יזמות בעמ</ManufactureName>
      <ManufactureCountry />
      <ManufactureItemDescription />
      <UnitQty>יח`</UnitQty>
      <Quantity>390</Quantity>
      <UnitMeasure>גרם</UnitMeasure>
      <BisWeighted>0</BisWeighted>
      <QtyInPackage>1</QtyInPackage>
      <ItemPrice>11.90</ItemPrice>
      <UnitOfMeasurePrice>3.05</UnitOfMeasurePrice>
      <AllowDiscount>1</AllowDiscount>
      <itemStatus>1</itemStatus>
      <LastUpdateDate />
      <LastUpdateTime />
    </Product>
    <Product>
      <PriceUpdateDate>2016/08/31 08:40</PriceUpdateDate>
      <ItemCode>856591000055</ItemCode>
      <ItemType>0</ItemType>
      <ItemName>עוגיות מזרחיות קריספי עבאדי (400 גרם)</ItemName>
      <ManufactureName>תה ויסוצקי (ישראל) בעמ</ManufactureName>
      <ManufactureCountry />
      <ManufactureItemDescription />
      <UnitQty>יח`</UnitQty>
      <Quantity>400</Quantity>
      <UnitMeasure>גרם</UnitMeasure>
      <BisWeighted>0</BisWeighted>
      <QtyInPackage>1</QtyInPackage>
      <ItemPrice>16.90</ItemPrice>
      <UnitOfMeasurePrice>4.23</UnitOfMeasurePrice>
      <AllowDiscount>0</AllowDiscount>
      <itemStatus>1</itemStatus>
      <LastUpdateDate />
      <LastUpdateTime />
    </Product>
    <Product>
      <PriceUpdateDate>2015/05/28 11:11</PriceUpdateDate>
      <ItemCode>856591000062</ItemCode>
      <ItemType>0</ItemType>
      <ItemName>עוגיות מזרחיות עם מלח עבאדי (400 גרם)</ItemName>
      <ManufactureName>תה ויסוצקי (ישראל) בעמ</ManufactureName>
      <ManufactureCountry />
      <ManufactureItemDescription />
      <UnitQty>יח`</UnitQty>
      <Quantity>400</Quantity>
      <UnitMeasure>גרם</UnitMeasure>
      <BisWeighted>0</BisWeighted>
      <QtyInPackage>1</QtyInPackage>
      <ItemPrice>16.90</ItemPrice>
      <UnitOfMeasurePrice>4.23</UnitOfMeasurePrice>
      <AllowDiscount>0</AllowDiscount>
      <itemStatus>1</itemStatus>
      <LastUpdateDate />
      <LastUpdateTime />
    </Product>
    <Product>
      <PriceUpdateDate>2015/05/28 11:11</PriceUpdateDate>
      <ItemCode>856591000109</ItemCode>
      <ItemType>0</ItemType>
      <ItemName>עוגיות מזרחיות עבאדי 400 גר`</ItemName>
      <ManufactureName>תה ויסוצקי (ישראל) בעמ</ManufactureName>
      <ManufactureCountry />
      <ManufactureItemDescription />
      <UnitQty>יח`</UnitQty>
      <Quantity>400</Quantity>
      <UnitMeasure>גרם</UnitMeasure>
      <BisWeighted>0</BisWeighted>
      <QtyInPackage>1</QtyInPackage>
      <ItemPrice>16.90</ItemPrice>
      <UnitOfMeasurePrice>4.23</UnitOfMeasurePrice>
      <AllowDiscount>0</AllowDiscount>
      <itemStatus>1</itemStatus>
      <LastUpdateDate />
      <LastUpdateTime />
    </Product>
    <Product>
      <PriceUpdateDate>2015/05/28 11:11</PriceUpdateDate>
      <ItemCode>856591000512</ItemCode>
      <ItemType>0</ItemType>
      <ItemName>עוגיות מזרחיות עבאדי 400 גר`</ItemName>
      <ManufactureName>תה ויסוצקי (ישראל) בעמ</ManufactureName>
      <ManufactureCountry />
      <ManufactureItemDescription />
      <UnitQty>יח`</UnitQty>
      <Quantity>400</Quantity>
      <UnitMeasure>גרם</UnitMeasure>
      <BisWeighted>0</BisWeighted>
      <QtyInPackage>1</QtyInPackage>
      <ItemPrice>16.90</ItemPrice>
      <UnitOfMeasurePrice>4.23</UnitOfMeasurePrice>
      <AllowDiscount>0</AllowDiscount>
      <itemStatus>1</itemStatus>
      <LastUpdateDate />
      <LastUpdateTime />
    </Product>
    <Product>
      <PriceUpdateDate>2017/06/19 10:07</PriceUpdateDate>
      <ItemCode>884912112217</ItemCode>
      <ItemType>0</ItemType>
      <ItemName>האני בנצ`ס עם תות פוסט (368 גרם)</ItemName>
      <ManufactureName>ר.ב מוצרי דגנים בעמ</ManufactureName>
      <ManufactureCountry />
      <ManufactureItemDescription />
      <UnitQty>יח`</UnitQty>
      <Quantity>368</Quantity>
      <UnitMeasure>גרם</UnitMeasure>
      <BisWeighted>0</BisWeighted>
      <QtyInPackage>1</QtyInPackage>
      <ItemPrice>22</ItemPrice>
      <UnitOfMeasurePrice>5.98</UnitOfMeasurePrice>
      <AllowDiscount>1</AllowDiscount>
      <itemStatus>1</itemStatus>
      <LastUpdateDate />
      <LastUpdateTime />
    </Product>
    <Product>
      <PriceUpdateDate>2019/01/22 11:44</PriceUpdateDate>
      <ItemCode>884912117625</ItemCode>
      <ItemType>0</ItemType>
      <ItemName>גולדן פבלס ללא גלוטן פוסט (311 גרם)</ItemName>
      <ManufactureName>ר.ב מוצרי דגנים בעמ</ManufactureName>
      <ManufactureCountry />
      <ManufactureItemDescription />
      <UnitQty>יח`</UnitQty>
      <Quantity>311</Quantity>
      <UnitMeasure>גרם</UnitMeasure>
      <BisWeighted>0</BisWeighted>
      <QtyInPackage>1</QtyInPackage>
      <ItemPrice>20</ItemPrice>
      <UnitOfMeasurePrice>6.43</UnitOfMeasurePrice>
      <AllowDiscount>1</AllowDiscount>
      <itemStatus>1</itemStatus>
      <LastUpdateDate />
      <LastUpdateTime />
    </Product>
    <Product>
      <PriceUpdateDate>2016/05/31 15:10</PriceUpdateDate>
      <ItemCode>884912129741</ItemCode>
      <ItemType>0</ItemType>
      <ItemName>פרוטי פבלס ללא גלוטן פוסט (425 גרם)</ItemName>
      <ManufactureName>ר.ב מוצרי דגנים בעמ</ManufactureName>
      <ManufactureCountry />
      <ManufactureItemDescription />
      <UnitQty>יח`</UnitQty>
      <Quantity>425</Quantity>
      <UnitMeasure>גרם</UnitMeasure>
      <BisWeighted>0</BisWeighted>
      <QtyInPackage>1</QtyInPackage>
      <ItemPrice>20</ItemPrice>
      <UnitOfMeasurePrice>4.71</UnitOfMeasurePrice>
      <AllowDiscount>1</AllowDiscount>
      <itemStatus>1</itemStatus>
      <LastUpdateDate />
      <LastUpdateTime />
    </Product>
    <Product>
      <PriceUpdateDate>2018/08/14 16:55</PriceUpdateDate>
      <ItemCode>884912288745</ItemCode>
      <ItemType>0</ItemType>
      <ItemName>קוקו פבלס פוסט (425 גרם) ללא גולטן</ItemName>
      <ManufactureName>ר.ב מוצרי דגנים בעמ</ManufactureName>
      <ManufactureCountry />
      <ManufactureItemDescription />
      <UnitQty>יח`</UnitQty>
      <Quantity>425</Quantity>
      <UnitMeasure>גרם</UnitMeasure>
      <BisWeighted>0</BisWeighted>
      <QtyInPackage>1</QtyInPackage>
      <ItemPrice>20</ItemPrice>
      <UnitOfMeasurePrice>4.71</UnitOfMeasurePrice>
      <AllowDiscount>1</AllowDiscount>
      <itemStatus>1</itemStatus>
      <LastUpdateDate />
      <LastUpdateTime />
    </Product>
    <Product>
      <PriceUpdateDate>2019/05/27 16:11</PriceUpdateDate>
      <ItemCode>884912299314</ItemCode>
      <ItemType>0</ItemType>
      <ItemName>דגני בוקר אוראו גולדן (311 גרם)</ItemName>
      <ManufactureName>ר.ב מוצרי דגנים בעמ</ManufactureName>
      <ManufactureCountry />
      <ManufactureItemDescription />
      <UnitQty>יח`</UnitQty>
      <Quantity>311</Quantity>
      <UnitMeasure>גרם</UnitMeasure>
      <BisWeighted>0</BisWeighted>
      <QtyInPackage>1</QtyInPackage>
      <ItemPrice>22.90</ItemPrice>
      <UnitOfMeasurePrice>7.36</UnitOfMeasurePrice>
      <AllowDiscount>1</AllowDiscount>
      <itemStatus>1</itemStatus>
      <LastUpdateDate />
      <LastUpdateTime />
    </Product>
    <Product>
      <PriceUpdateDate>2019/07/07 10:54</PriceUpdateDate>
      <ItemCode>884912301642</ItemCode>
      <ItemType>0</ItemType>
      <ItemName>דגני בוקר אוראו פוסט (311 גרם)</ItemName>
      <ManufactureName>ר.ב מוצרי דגנים בעמ</ManufactureName>
      <ManufactureCountry />
      <ManufactureItemDescription />
      <UnitQty>יח`</UnitQty>
      <Quantity>311</Quantity>
      <UnitMeasure>גרם</UnitMeasure>
      <BisWeighted>0</BisWeighted>
      <QtyInPackage>1</QtyInPackage>
      <ItemPrice>22.90</ItemPrice>
      <UnitOfMeasurePrice>7.36</UnitOfMeasurePrice>
      <AllowDiscount>1</AllowDiscount>
      <itemStatus>1</itemStatus>
      <LastUpdateDate />
      <LastUpdateTime />
    </Product>
    <Product>
      <PriceUpdateDate>2020/02/17 06:44</PriceUpdateDate>
      <ItemCode>884912342737</ItemCode>
      <ItemType>0</ItemType>
      <ItemName>פרוטי פבלס ללא גלוטן וופל קריספי 326 גר`</ItemName>
      <ManufactureName>ר.ב מוצרי דגנים בעמ</ManufactureName>
      <ManufactureCountry />
      <ManufactureItemDescription />
      <UnitQty>יח`</UnitQty>
      <Quantity>425</Quantity>
      <UnitMeasure>גרם</UnitMeasure>
      <BisWeighted>0</BisWeighted>
      <QtyInPackage>1</QtyInPackage>
      <ItemPrice>22</ItemPrice>
      <UnitOfMeasurePrice>5.18</UnitOfMeasurePrice>
      <AllowDiscount>1</AllowDiscount>
      <itemStatus>1</itemStatus>
      <LastUpdateDate />
      <LastUpdateTime />
    </Product>
    <Product>
      <PriceUpdateDate>2017/01/23 08:42</PriceUpdateDate>
      <ItemCode>3014260246693</ItemCode>
      <ItemType>1</ItemType>
      <ItemName>סכין גילוח סימפלי ונוס 2 ג`ילט) (4</ItemName>
      <ManufactureName>פארמה דיל (פ.א.ב.) שיווק והפצה</ManufactureName>
      <ManufactureCountry />
      <ManufactureItemDescription />
      <UnitQty>יח`</UnitQty>
      <Quantity>1</Quantity>
      <UnitMeasure>יח`</UnitMeasure>
      <BisWeighted>0</BisWeighted>
      <QtyInPackage>1</QtyInPackage>
      <ItemPrice>9.90</ItemPrice>
      <UnitOfMeasurePrice>9.90</UnitOfMeasurePrice>
      <AllowDiscount>0</AllowDiscount>
      <itemStatus>1</itemStatus>
      <LastUpdateDate />
      <LastUpdateTime />
    </Product>
    <Product>
      <PriceUpdateDate>2015/05/07 13:09</PriceUpdateDate>
      <ItemCode>3014260283254</ItemCode>
      <ItemType>1</ItemType>
      <ItemName>סכיני גילוח חד פעמי בלו 2 פלוס ג`ילט) (5</ItemName>
      <ManufactureName>פארמה דיל (פ.א.ב.) שיווק והפצה</ManufactureName>
      <ManufactureCountry />
      <ManufactureItemDescription />
      <UnitQty>יח`</UnitQty>
      <Quantity>1</Quantity>
      <UnitMeasure />
      <BisWeighted>0</BisWeighted>
      <QtyInPackage>1</QtyInPackage>
      <ItemPrice>9.90</ItemPrice>
      <UnitOfMeasurePrice>9.90</UnitOfMeasurePrice>
      <AllowDiscount>0</AllowDiscount>
      <itemStatus>1</itemStatus>
      <LastUpdateDate />
      <LastUpdateTime />
    </Product>
    <Product>
      <PriceUpdateDate>2018/02/05 11:52</PriceUpdateDate>
      <ItemCode>3045140105502</ItemCode>
      <ItemType>1</ItemType>
      <ItemName>שוקולד חלב מילקה (100 גרם)</ItemName>
      <ManufactureName>דיפלומט היינץ</ManufactureName>
      <ManufactureCountry />
      <ManufactureItemDescription />
      <UnitQty>יח`</UnitQty>
      <Quantity>100</Quantity>
      <UnitMeasure>גרם</UnitMeasure>
      <BisWeighted>0</BisWeighted>
      <QtyInPackage>1</QtyInPackage>
      <ItemPrice>5.90</ItemPrice>
      <UnitOfMeasurePrice>5.90</UnitOfMeasurePrice>
      <AllowDiscount>1</AllowDiscount>
      <itemStatus>1</itemStatus>
      <LastUpdateDate />
      <LastUpdateTime />
    </Product>
    <Product>
      <PriceUpdateDate>2015/12/02 12:17</PriceUpdateDate>
      <ItemCode>3046920028004</ItemCode>
      <ItemType>1</ItemType>
      <ItemName>אקסלנס 70% קקאו לינדט (100 גרם)</ItemName>
      <ManufactureName>משה סידס ובנו בעמ</ManufactureName>
      <ManufactureCountry />
      <ManufactureItemDescription />
      <UnitQty>יח`</UnitQty>
      <Quantity>100</Quantity>
      <UnitMeasure>גרם</UnitMeasure>
      <BisWeighted>0</BisWeighted>
      <QtyInPackage>1</QtyInPackage>
      <ItemPrice>15.90</ItemPrice>
      <UnitOfMeasurePrice>15.90</UnitOfMeasurePrice>
      <AllowDiscount>0</AllowDiscount>
      <itemStatus>1</itemStatus>
      <LastUpdateDate />
      <LastUpdateTime />
    </Product>
    <Product>
      <PriceUpdateDate>2017/09/25 07:23</PriceUpdateDate>
      <ItemCode>3046920029759</ItemCode>
      <ItemType>1</ItemType>
      <ItemName>אקסלנס שוקולד מריר 90% לינדט (100 גרם)</ItemName>
      <ManufactureName>משה סידס ובנו בעמ</ManufactureName>
      <ManufactureCountry />
      <ManufactureItemDescription />
      <UnitQty>יח`</UnitQty>
      <Quantity>100</Quantity>
      <UnitMeasure>גרם</UnitMeasure>
      <BisWeighted>0</BisWeighted>
      <QtyInPackage>1</QtyInPackage>
      <ItemPrice>15.90</ItemPrice>
      <UnitOfMeasurePrice>15.90</UnitOfMeasurePrice>
      <AllowDiscount>0</AllowDiscount>
      <itemStatus>1</itemStatus>
      <LastUpdateDate />
      <LastUpdateTime />
    </Product>
    <Product>
      <PriceUpdateDate>2017/03/01 08:11</PriceUpdateDate>
      <ItemCode>3059940007768</ItemCode>
      <ItemType>1</ItemType>
      <ItemName>אירוויק ספריי 240 מל וניל ואורכידאה</ItemName>
      <ManufactureName>רקיט בנקיזר (ניר איסט) בעמ</ManufactureName>
      <ManufactureCountry />
      <ManufactureItemDescription />
      <UnitQty>יח`</UnitQty>
      <Quantity>240</Quantity>
      <UnitMeasure>מ"ל</UnitMeasure>
      <BisWeighted>0</BisWeighted>
      <QtyInPackage>1</QtyInPackage>
      <ItemPrice>12.90</ItemPrice>
      <UnitOfMeasurePrice>5.38</UnitOfMeasurePrice>
      <AllowDiscount>1</AllowDiscount>
      <itemStatus>1</itemStatus>
      <LastUpdateDate />
      <LastUpdateTime />
    </Product>
    <Product>
      <PriceUpdateDate>2019/08/18 10:57</PriceUpdateDate>
      <ItemCode>3059943015128</ItemCode>
      <ItemType>1</ItemType>
      <ItemName>אירוויק נטול גז</ItemName>
      <ManufactureName>רקיט בנקיזר (ניר איסט) בעמ</ManufactureName>
      <ManufactureCountry />
      <ManufactureItemDescription />
      <UnitQty>יח`</UnitQty>
      <Quantity>345</Quantity>
      <UnitMeasure>מ"ל</UnitMeasure>
      <BisWeighted>0</BisWeighted>
      <QtyInPackage>1</QtyInPackage>
      <ItemPrice>12.90</ItemPrice>
      <UnitOfMeasurePrice>3.74</UnitOfMeasurePrice>
      <AllowDiscount>1</AllowDiscount>
      <itemStatus>1</itemStatus>
      <LastUpdateDate />
      <LastUpdateTime />
    </Product>
    <Product>
      <PriceUpdateDate>2017/03/01 08:11</PriceUpdateDate>
      <ItemCode>3059943016507</ItemCode>
      <ItemType>1</ItemType>
      <ItemName>אירוויק ספריי 240 מל לבנדר</ItemName>
      <ManufactureName>רקיט בנקיזר (ניר איסט) בעמ</ManufactureName>
      <ManufactureCountry />
      <ManufactureItemDescription />
      <UnitQty>יח`</UnitQty>
      <Quantity>240</Quantity>
      <UnitMeasure>מ"ל</UnitMeasure>
      <BisWeighted>0</BisWeighted>
      <QtyInPackage>1</QtyInPackage>
      <ItemPrice>12.90</ItemPrice>
      <UnitOfMeasurePrice>5.38</UnitOfMeasurePrice>
      <AllowDiscount>1</AllowDiscount>
      <itemStatus>1</itemStatus>
      <LastUpdateDate />
      <LastUpdateTime />
    </Product>
    <Product>
      <PriceUpdateDate>2017/03/01 08:11</PriceUpdateDate>
      <ItemCode>3059943016569</ItemCode>
      <ItemType>1</ItemType>
      <ItemName>אירוויק ספריי 240 מל פריסיה ויסמין</ItemName>
      <ManufactureName>רקיט בנקיזר (ניר איסט) בעמ</ManufactureName>
      <ManufactureCountry />
      <ManufactureItemDescription />
      <UnitQty>יח`</UnitQty>
      <Quantity>240</Quantity>
      <UnitMeasure>מ"ל</UnitMeasure>
      <BisWeighted>0</BisWeighted>
      <QtyInPackage>1</QtyInPackage>
      <ItemPrice>12.90</ItemPrice>
      <UnitOfMeasurePrice>5.38</UnitOfMeasurePrice>
      <AllowDiscount>1</AllowDiscount>
      <itemStatus>1</itemStatus>
      <LastUpdateDate />
      <LastUpdateTime />
    </Product>
    <Product>
      <PriceUpdateDate>2020/05/03 06:47</PriceUpdateDate>
      <ItemCode>3059944025003</ItemCode>
      <ItemType>1</ItemType>
      <ItemName>ויט רצועות שעווה</ItemName>
      <ManufactureName>רקיט בנקיזר (ניר איסט) בעמ</ManufactureName>
      <ManufactureCountry />
      <ManufactureItemDescription />
      <UnitQty>יח`</UnitQty>
      <Quantity>1</Quantity>
      <UnitMeasure />
      <BisWeighted>0</BisWeighted>
      <QtyInPackage>1</QtyInPackage>
      <ItemPrice>29.90</ItemPrice>
      <UnitOfMeasurePrice>29.90</UnitOfMeasurePrice>
      <AllowDiscount>0</AllowDiscount>
      <itemStatus>1</itemStatus>
      <LastUpdateDate />
      <LastUpdateTime />
    </Product>
    <Product>
      <PriceUpdateDate>2018/03/28 17:21</PriceUpdateDate>
      <ItemCode>3061990139771</ItemCode>
      <ItemType>1</ItemType>
      <ItemName>עוגיות סמיילי במילוי קרם שוקולד חלב 295</ItemName>
      <ManufactureName>אבאל יזמות בעמ</ManufactureName>
      <ManufactureCountry />
      <ManufactureItemDescription />
      <UnitQty>יח`</UnitQty>
      <Quantity>295</Quantity>
      <UnitMeasure>גרם</UnitMeasure>
      <BisWeighted>0</BisWeighted>
      <QtyInPackage>1</QtyInPackage>
      <ItemPrice>11.90</ItemPrice>
      <UnitOfMeasurePrice>4.03</UnitOfMeasurePrice>
      <AllowDiscount>1</AllowDiscount>
      <itemStatus>1</itemStatus>
      <LastUpdateDate />
      <LastUpdateTime />
    </Product>
    <Product>
      <PriceUpdateDate>2018/03/28 17:21</PriceUpdateDate>
      <ItemCode>3061990139795</ItemCode>
      <ItemType>1</ItemType>
      <ItemName>עוגיות סמיילי במילוי קרם וניל 295 גר`</ItemName>
      <ManufactureName>אבאל יזמות בעמ</ManufactureName>
      <ManufactureCountry />
      <ManufactureItemDescription />
      <UnitQty>יח`</UnitQty>
      <Quantity>295</Quantity>
      <UnitMeasure>גרם</UnitMeasure>
      <BisWeighted>0</BisWeighted>
      <QtyInPackage>1</QtyInPackage>
      <ItemPrice>11.90</ItemPrice>
      <UnitOfMeasurePrice>4.03</UnitOfMeasurePrice>
      <AllowDiscount>1</AllowDiscount>
      <itemStatus>1</itemStatus>
      <LastUpdateDate />
      <LastUpdateTime />
    </Product>
    <Product>
      <PriceUpdateDate>2018/03/28 17:21</PriceUpdateDate>
      <ItemCode>3061990141354</ItemCode>
      <ItemType>1</ItemType>
      <ItemName>עוגיות סמיילי במילוי שוקולד 295 גר`</ItemName>
      <ManufactureName>אבאל יזמות בעמ</ManufactureName>
      <ManufactureCountry />
      <ManufactureItemDescription />
      <UnitQty>יח`</UnitQty>
      <Quantity>295</Quantity>
      <UnitMeasure>גרם</UnitMeasure>
      <BisWeighted>0</BisWeighted>
      <QtyInPackage>1</QtyInPackage>
      <ItemPrice>11.90</ItemPrice>
      <UnitOfMeasurePrice>4.03</UnitOfMeasurePrice>
      <AllowDiscount>1</AllowDiscount>
      <itemStatus>1</itemStatus>
      <LastUpdateDate />
      <LastUpdateTime />
    </Product>
    <Product>
      <PriceUpdateDate>2018/03/28 17:21</PriceUpdateDate>
      <ItemCode>3061990141361</ItemCode>
      <ItemType>1</ItemType>
      <ItemName>עוגיות סמיילי במילוי קרם תות 295 גר`</ItemName>
      <ManufactureName>אבאל יזמות בעמ</ManufactureName>
      <ManufactureCountry />
      <ManufactureItemDescription />
      <UnitQty>יח`</UnitQty>
      <Quantity>295</Quantity>
      <UnitMeasure>גרם</UnitMeasure>
      <BisWeighted>0</BisWeighted>
      <QtyInPackage>1</QtyInPackage>
      <ItemPrice>11.90</ItemPrice>
      <UnitOfMeasurePrice>4.03</UnitOfMeasurePrice>
      <AllowDiscount>1</AllowDiscount>
      <itemStatus>1</itemStatus>
      <LastUpdateDate />
      <LastUpdateTime />
    </Product>
    <Product>
      <PriceUpdateDate>2017/08/20 13:03</PriceUpdateDate>
      <ItemCode>3073780828628</ItemCode>
      <ItemType>1</ItemType>
      <ItemName>גבינה בייבי בל אדום 120ג</ItemName>
      <ManufactureName>נטו מלינדה סחר בעמ</ManufactureName>
      <ManufactureCountry />
      <ManufactureItemDescription />
      <UnitQty>יח`</UnitQty>
      <Quantity>120</Quantity>
      <UnitMeasure>גרם</UnitMeasure>
      <BisWeighted>0</BisWeighted>
      <QtyInPackage>1</QtyInPackage>
      <ItemPrice>19.90</ItemPrice>
      <UnitOfMeasurePrice>16.58</UnitOfMeasurePrice>
      <AllowDiscount>1</AllowDiscount>
      <itemStatus>1</itemStatus>
      <LastUpdateDate />
      <LastUpdateTime />
    </Product>
    <Product>
      <PriceUpdateDate>2017/01/16 08:03</PriceUpdateDate>
      <ItemCode>3141360054405</ItemCode>
      <ItemType>1</ItemType>
      <ItemName>פיניש מפיץ ריח לימון</ItemName>
      <ManufactureName>רקיט בנקיזר (ניר איסט) בעמ</ManufactureName>
      <ManufactureCountry />
      <ManufactureItemDescription />
      <UnitQty>יח`</UnitQty>
      <Quantity>27</Quantity>
      <UnitMeasure>גרם</UnitMeasure>
      <BisWeighted>0</BisWeighted>
      <QtyInPackage>1</QtyInPackage>
      <ItemPrice>20.90</ItemPrice>
      <UnitOfMeasurePrice>77.41</UnitOfMeasurePrice>
      <AllowDiscount>1</AllowDiscount>
      <itemStatus>1</itemStatus>
      <LastUpdateDate />
      <LastUpdateTime />
    </Product>
    <Product>
      <PriceUpdateDate>2018/07/16 13:40</PriceUpdateDate>
      <ItemCode>3173286745105</ItemCode>
      <ItemType>1</ItemType>
      <ItemName>צ`וקטה טראפלס 200 גר`</ItemName>
      <ManufactureName>ליימן שליסל בעמ</ManufactureName>
      <ManufactureCountry />
      <ManufactureItemDescription />
      <UnitQty>יח`</UnitQty>
      <Quantity>200</Quantity>
      <UnitMeasure>גרם</UnitMeasure>
      <BisWeighted>0</BisWeighted>
      <QtyInPackage>1</QtyInPackage>
      <ItemPrice>9.90</ItemPrice>
      <UnitOfMeasurePrice>4.95</UnitOfMeasurePrice>
      <AllowDiscount>0</AllowDiscount>
      <itemStatus>1</itemStatus>
      <LastUpdateDate />
      <LastUpdateTime />
    </Product>
    <Product>
      <PriceUpdateDate>2015/05/01 09:58</PriceUpdateDate>
      <ItemCode>3387390320244</ItemCode>
      <ItemType>1</ItemType>
      <ItemName>פיטנס פירות נסטלה (375 גרם)</ItemName>
      <ManufactureName>קבוצת אסם סחר שות. מוגבלת</ManufactureName>
      <ManufactureCountry />
      <ManufactureItemDescription />
      <UnitQty>יח`</UnitQty>
      <Quantity>375</Quantity>
      <UnitMeasure>גרם</UnitMeasure>
      <BisWeighted>0</BisWeighted>
      <QtyInPackage>1</QtyInPackage>
      <ItemPrice>19.90</ItemPrice>
      <UnitOfMeasurePrice>5.31</UnitOfMeasurePrice>
      <AllowDiscount>1</AllowDiscount>
      <itemStatus>1</itemStatus>
      <LastUpdateDate />
      <LastUpdateTime />
    </Product>
    <Product>
      <PriceUpdateDate>2018/07/02 09:29</PriceUpdateDate>
      <ItemCode>3387390525960</ItemCode>
      <ItemType>1</ItemType>
      <ItemName>דגני קראנץ` נסטלה (500 גרם)</ItemName>
      <ManufactureName>קבוצת אסם סחר שות. מוגבלת</ManufactureName>
      <ManufactureCountry />
      <ManufactureItemDescription />
      <UnitQty>יח`</UnitQty>
      <Quantity>500</Quantity>
      <UnitMeasure>גרם</UnitMeasure>
      <BisWeighted>0</BisWeighted>
      <QtyInPackage>1</QtyInPackage>
      <ItemPrice>25.90</ItemPrice>
      <UnitOfMeasurePrice>5.18</UnitOfMeasurePrice>
      <AllowDiscount>1</AllowDiscount>
      <itemStatus>1</itemStatus>
      <LastUpdateDate />
      <LastUpdateTime />
    </Product>
    <Product>
      <PriceUpdateDate>2014/10/30 20:14</PriceUpdateDate>
      <ItemCode>3451790550324</ItemCode>
      <ItemType>1</ItemType>
      <ItemName>ממרח חמאה 250 גר`</ItemName>
      <ManufactureName>נטו מלינדה סחר בעמ</ManufactureName>
      <ManufactureCountry />
      <ManufactureItemDescription />
      <UnitQty>יח`</UnitQty>
      <Quantity>250</Quantity>
      <UnitMeasure>גרם</UnitMeasure>
      <BisWeighted>0</BisWeighted>
      <QtyInPackage>1</QtyInPackage>
      <ItemPrice>16.90</ItemPrice>
      <UnitOfMeasurePrice>6.76</UnitOfMeasurePrice>
      <AllowDiscount>0</AllowDiscount>
      <itemStatus>1</itemStatus>
      <LastUpdateDate />
      <LastUpdateTime />
    </Product>
    <Product>
      <PriceUpdateDate>2019/03/31 13:14</PriceUpdateDate>
      <ItemCode>3451790550447</ItemCode>
      <ItemType>1</ItemType>
      <ItemName>ממרחקל מלוח 250 גר`</ItemName>
      <ManufactureName>נטו מלינדה סחר בעמ</ManufactureName>
      <ManufactureCountry />
      <ManufactureItemDescription />
      <UnitQty>יח`</UnitQty>
      <Quantity>250</Quantity>
      <UnitMeasure>גרם</UnitMeasure>
      <BisWeighted>0</BisWeighted>
      <QtyInPackage>1</QtyInPackage>
      <ItemPrice>18.90</ItemPrice>
      <UnitOfMeasurePrice>7.56</UnitOfMeasurePrice>
      <AllowDiscount>0</AllowDiscount>
      <itemStatus>1</itemStatus>
      <LastUpdateDate />
      <LastUpdateTime />
    </Product>
    <Product>
      <PriceUpdateDate>2016/05/17 08:10</PriceUpdateDate>
      <ItemCode>3523230025652</ItemCode>
      <ItemType>1</ItemType>
      <ItemName>בושה עיזים שום 125 גרם</ItemName>
      <ManufactureName>נטו מלינדה סחר בעמ</ManufactureName>
      <ManufactureCountry />
      <ManufactureItemDescription />
      <UnitQty>יח`</UnitQty>
      <Quantity>125</Quantity>
      <UnitMeasure>גרם</UnitMeasure>
      <BisWeighted>0</BisWeighted>
      <QtyInPackage>1</QtyInPackage>
      <ItemPrice>19.90</ItemPrice>
      <UnitOfMeasurePrice>15.92</UnitOfMeasurePrice>
      <AllowDiscount>0</AllowDiscount>
      <itemStatus>1</itemStatus>
      <LastUpdateDate />
      <LastUpdateTime />
    </Product>
    <Product>
      <PriceUpdateDate>2017/04/04 17:34</PriceUpdateDate>
      <ItemCode>3563490014898</ItemCode>
      <ItemType>1</ItemType>
      <ItemName>חרדל דיזון לחיץ 265 גר</ItemName>
      <ManufactureName>דיפלומט היינץ</ManufactureName>
      <ManufactureCountry />
      <ManufactureItemDescription />
      <UnitQty>יח`</UnitQty>
      <Quantity>265</Quantity>
      <UnitMeasure>גרם</UnitMeasure>
      <BisWeighted>0</BisWeighted>
      <QtyInPackage>1</QtyInPackage>
      <ItemPrice>12.90</ItemPrice>
      <UnitOfMeasurePrice>4.87</UnitOfMeasurePrice>
      <AllowDiscount>0</AllowDiscount>
      <itemStatus>1</itemStatus>
      <LastUpdateDate />
      <LastUpdateTime />
    </Product>
    <Product>
      <PriceUpdateDate>2019/07/21 09:55</PriceUpdateDate>
      <ItemCode>3574660026788</ItemCode>
      <ItemType>1</ItemType>
      <ItemName>בייבי טלק 200  גר`גונסונס</ItemName>
      <ManufactureName>ש.שסטוביץ בעמ</ManufactureName>
      <ManufactureCountry />
      <ManufactureItemDescription />
      <UnitQty>יח`</UnitQty>
      <Quantity>200</Quantity>
      <UnitMeasure>גרם</UnitMeasure>
      <BisWeighted>0</BisWeighted>
      <QtyInPackage>1</QtyInPackage>
      <ItemPrice>19.90</ItemPrice>
      <UnitOfMeasurePrice>9.95</UnitOfMeasurePrice>
      <AllowDiscount>0</AllowDiscount>
      <itemStatus>1</itemStatus>
      <LastUpdateDate />
      <LastUpdateTime />
    </Product>
    <Product>
      <PriceUpdateDate>2019/10/27 12:00</PriceUpdateDate>
      <ItemCode>3574660239911</ItemCode>
      <ItemType>1</ItemType>
      <ItemName>או בה סופר פרו קומפורט 32 יח טמפונים</ItemName>
      <ManufactureName>פארמה דיל (פ.א.ב.) שיווק והפצה</ManufactureName>
      <ManufactureCountry />
      <ManufactureItemDescription />
      <UnitQty>יח`</UnitQty>
      <Quantity>1</Quantity>
      <UnitMeasure />
      <BisWeighted>0</BisWeighted>
      <QtyInPackage>1</QtyInPackage>
      <ItemPrice>19.90</ItemPrice>
      <UnitOfMeasurePrice>19.90</UnitOfMeasurePrice>
      <AllowDiscount>0</AllowDiscount>
      <itemStatus>1</itemStatus>
      <LastUpdateDate />
      <LastUpdateTime />
    </Product>
    <Product>
      <PriceUpdateDate>2019/10/27 12:00</PriceUpdateDate>
      <ItemCode>3574660240030</ItemCode>
      <ItemType>1</ItemType>
      <ItemName>או בה נורמל קומפורט 32 יח</ItemName>
      <ManufactureName>פארמה דיל (פ.א.ב.) שיווק והפצה</ManufactureName>
      <ManufactureCountry />
      <ManufactureItemDescription />
      <UnitQty>יח`</UnitQty>
      <Quantity>1</Quantity>
      <UnitMeasure />
      <BisWeighted>0</BisWeighted>
      <QtyInPackage>1</QtyInPackage>
      <ItemPrice>19.90</ItemPrice>
      <UnitOfMeasurePrice>19.90</UnitOfMeasurePrice>
      <AllowDiscount>0</AllowDiscount>
      <itemStatus>1</itemStatus>
      <LastUpdateDate />
      <LastUpdateTime />
    </Product>
    <Product>
      <PriceUpdateDate>2020/01/19 12:15</PriceUpdateDate>
      <ItemCode>3574660464337</ItemCode>
      <ItemType>1</ItemType>
      <ItemName>קרפרי מגה פק מגן תחתון אוורירי אלוורה 76</ItemName>
      <ManufactureName>ש.שסטוביץ בעמ</ManufactureName>
      <ManufactureCountry />
      <ManufactureItemDescription />
      <UnitQty>יח`</UnitQty>
      <Quantity>1</Quantity>
      <UnitMeasure />
      <BisWeighted>0</BisWeighted>
      <QtyInPackage>1</QtyInPackage>
      <ItemPrice>19.90</ItemPrice>
      <UnitOfMeasurePrice>19.90</UnitOfMeasurePrice>
      <AllowDiscount>0</AllowDiscount>
      <itemStatus>1</itemStatus>
      <LastUpdateDate />
      <LastUpdateTime />
    </Product>
    <Product>
      <PriceUpdateDate>2020/01/19 12:15</PriceUpdateDate>
      <ItemCode>3574660464368</ItemCode>
      <ItemType>1</ItemType>
      <ItemName>קרפרי מגה פק מגן תחתון אוורירי מבושם 76</ItemName>
      <ManufactureName>ש.שסטוביץ בעמ</ManufactureName>
      <ManufactureCountry />
      <ManufactureItemDescription />
      <UnitQty>יח`</UnitQty>
      <Quantity>1</Quantity>
      <UnitMeasure />
      <BisWeighted>0</BisWeighted>
      <QtyInPackage>1</QtyInPackage>
      <ItemPrice>19.90</ItemPrice>
      <UnitOfMeasurePrice>19.90</UnitOfMeasurePrice>
      <AllowDiscount>0</AllowDiscount>
      <itemStatus>1</itemStatus>
      <LastUpdateDate />
      <LastUpdateTime />
    </Product>
    <Product>
      <PriceUpdateDate>2020/01/19 12:15</PriceUpdateDate>
      <ItemCode>3574660464429</ItemCode>
      <ItemType>1</ItemType>
      <ItemName>קרפרי מגה פק מגן תחתון אווורירי 76 יח</ItemName>
      <ManufactureName>ש.שסטוביץ בעמ</ManufactureName>
      <ManufactureCountry />
      <ManufactureItemDescription />
      <UnitQty>יח`</UnitQty>
      <Quantity>1</Quantity>
      <UnitMeasure />
      <BisWeighted>0</BisWeighted>
      <QtyInPackage>1</QtyInPackage>
      <ItemPrice>19.90</ItemPrice>
      <UnitOfMeasurePrice>19.90</UnitOfMeasurePrice>
      <AllowDiscount>0</AllowDiscount>
      <itemStatus>1</itemStatus>
      <LastUpdateDate />
      <LastUpdateTime />
    </Product>
    <Product>
      <PriceUpdateDate>2018/12/16 11:28</PriceUpdateDate>
      <ItemCode>3574660520132</ItemCode>
      <ItemType>1</ItemType>
      <ItemName>ליסטרין מי פה קול מינט 1 ליטר</ItemName>
      <ManufactureName>שקד תבל בעמ</ManufactureName>
      <ManufactureCountry />
      <ManufactureItemDescription />
      <UnitQty>יח`</UnitQty>
      <Quantity>100</Quantity>
      <UnitMeasure>מ"ל</UnitMeasure>
      <BisWeighted>0</BisWeighted>
      <QtyInPackage>1</QtyInPackage>
      <ItemPrice>36.90</ItemPrice>
      <UnitOfMeasurePrice>36.90</UnitOfMeasurePrice>
      <AllowDiscount>0</AllowDiscount>
      <itemStatus>1</itemStatus>
      <LastUpdateDate />
      <LastUpdateTime />
    </Product>
    <Product>
      <PriceUpdateDate>2018/12/16 11:28</PriceUpdateDate>
      <ItemCode>3574661011394</ItemCode>
      <ItemType>1</ItemType>
      <ItemName>ליסטרין מי פה זירו 1 ליטר</ItemName>
      <ManufactureName>שקד תבל בעמ</ManufactureName>
      <ManufactureCountry />
      <ManufactureItemDescription />
      <UnitQty>יח`</UnitQty>
      <Quantity>100</Quantity>
      <UnitMeasure>מ"ל</UnitMeasure>
      <BisWeighted>0</BisWeighted>
      <QtyInPackage>1</QtyInPackage>
      <ItemPrice>36.90</ItemPrice>
      <UnitOfMeasurePrice>36.90</UnitOfMeasurePrice>
      <AllowDiscount>0</AllowDiscount>
      <itemStatus>1</itemStatus>
      <LastUpdateDate />
      <LastUpdateTime />
    </Product>
    <Product>
      <PriceUpdateDate>2018/11/19 09:22</PriceUpdateDate>
      <ItemCode>3574661012568</ItemCode>
      <ItemType>1</ItemType>
      <ItemName>תחליב רחצה עדין בנינוח חלב וניל 650 מל</ItemName>
      <ManufactureName>שקד תבל בעמ</ManufactureName>
      <ManufactureCountry />
      <ManufactureItemDescription />
      <UnitQty>יח`</UnitQty>
      <Quantity>650</Quantity>
      <UnitMeasure>מ"ל</UnitMeasure>
      <BisWeighted>0</BisWeighted>
      <QtyInPackage>1</QtyInPackage>
      <ItemPrice>18.90</ItemPrice>
      <UnitOfMeasurePrice>2.91</UnitOfMeasurePrice>
      <AllowDiscount>1</AllowDiscount>
      <itemStatus>1</itemStatus>
      <LastUpdateDate />
      <LastUpdateTime />
    </Product>
    <Product>
      <PriceUpdateDate>2019/06/23 10:55</PriceUpdateDate>
      <ItemCode>3574661248318</ItemCode>
      <ItemType>1</ItemType>
      <ItemName>ליסטרין אדוונס וויט 500 מל.</ItemName>
      <ManufactureName>שקד תבל בעמ</ManufactureName>
      <ManufactureCountry />
      <ManufactureItemDescription />
      <UnitQty>יח`</UnitQty>
      <Quantity>500</Quantity>
      <UnitMeasure>מ"ל</UnitMeasure>
      <BisWeighted>0</BisWeighted>
      <QtyInPackage>1</QtyInPackage>
      <ItemPrice>24.90</ItemPrice>
      <UnitOfMeasurePrice>4.98</UnitOfMeasurePrice>
      <AllowDiscount>1</AllowDiscount>
      <itemStatus>1</itemStatus>
      <LastUpdateDate />
      <LastUpdateTime />
    </Product>
    <Product>
      <PriceUpdateDate>2019/06/23 10:55</PriceUpdateDate>
      <ItemCode>3574661363998</ItemCode>
      <ItemType>1</ItemType>
      <ItemName>ליסטרין תה ירוק 500 מל שטיפת פה</ItemName>
      <ManufactureName>שקד תבל בעמ</ManufactureName>
      <ManufactureCountry />
      <ManufactureItemDescription />
      <UnitQty>יח`</UnitQty>
      <Quantity>500</Quantity>
      <UnitMeasure>מ"ל</UnitMeasure>
      <BisWeighted>0</BisWeighted>
      <QtyInPackage>1</QtyInPackage>
      <ItemPrice>24.90</ItemPrice>
      <UnitOfMeasurePrice>4.98</UnitOfMeasurePrice>
      <AllowDiscount>1</AllowDiscount>
      <itemStatus>1</itemStatus>
      <LastUpdateDate />
      <LastUpdateTime />
    </Product>
    <Product>
      <PriceUpdateDate>2015/12/04 08:41</PriceUpdateDate>
      <ItemCode>3600522344070</ItemCode>
      <ItemType>1</ItemType>
      <ItemName>אלביב מסכת קולור פרוטקט לוריאל (300 מל)</ItemName>
      <ManufactureName>לוריאל ישראל קוסמטיקס בעמ</ManufactureName>
      <ManufactureCountry />
      <ManufactureItemDescription />
      <UnitQty>יח`</UnitQty>
      <Quantity>300</Quantity>
      <UnitMeasure>מ"ל</UnitMeasure>
      <BisWeighted>0</BisWeighted>
      <QtyInPackage>1</QtyInPackage>
      <ItemPrice>29.90</ItemPrice>
      <UnitOfMeasurePrice>9.97</UnitOfMeasurePrice>
      <AllowDiscount>1</AllowDiscount>
      <itemStatus>1</itemStatus>
      <LastUpdateDate />
      <LastUpdateTime />
    </Product>
    <Product>
      <PriceUpdateDate>2015/12/04 08:40</PriceUpdateDate>
      <ItemCode>3600522344155</ItemCode>
      <ItemType>1</ItemType>
      <ItemName>מסיכה לשיער אלביב ארג`נין רזיסט 3X</ItemName>
      <ManufactureName>לוריאל ישראל קוסמטיקס בעמ</ManufactureName>
      <ManufactureCountry />
      <ManufactureItemDescription />
      <UnitQty>יח`</UnitQty>
      <Quantity>300</Quantity>
      <UnitMeasure>מ"ל</UnitMeasure>
      <BisWeighted>0</BisWeighted>
      <QtyInPackage>1</QtyInPackage>
      <ItemPrice>29.90</ItemPrice>
      <UnitOfMeasurePrice>9.97</UnitOfMeasurePrice>
      <AllowDiscount>1</AllowDiscount>
      <itemStatus>1</itemStatus>
      <LastUpdateDate />
      <LastUpdateTime />
    </Product>
    <Product>
      <PriceUpdateDate>2018/02/14 16:02</PriceUpdateDate>
      <ItemCode>3600523605972</ItemCode>
      <ItemType>1</ItemType>
      <ItemName>אלביב מסכה קוקוס 300 מל לוריאל</ItemName>
      <ManufactureName>לוריאל ישראל קוסמטיקס בעמ</ManufactureName>
      <ManufactureCountry />
      <ManufactureItemDescription />
      <UnitQty>יח`</UnitQty>
      <Quantity>300</Quantity>
      <UnitMeasure>מ"ל</UnitMeasure>
      <BisWeighted>0</BisWeighted>
      <QtyInPackage>1</QtyInPackage>
      <ItemPrice>29.90</ItemPrice>
      <UnitOfMeasurePrice>9.97</UnitOfMeasurePrice>
      <AllowDiscount>1</AllowDiscount>
      <itemStatus>1</itemStatus>
      <LastUpdateDate />
      <LastUpdateTime />
    </Product>
    <Product>
      <PriceUpdateDate>2019/02/26 10:04</PriceUpdateDate>
      <ItemCode>3600523651870</ItemCode>
      <ItemType>1</ItemType>
      <ItemName>שמפו ארגנין 500 מל אלביב</ItemName>
      <ManufactureName>לוריאל ישראל קוסמטיקס בעמ</ManufactureName>
      <ManufactureCountry />
      <ManufactureItemDescription />
      <UnitQty>יח`</UnitQty>
      <Quantity>550</Quantity>
      <UnitMeasure>מ"ל</UnitMeasure>
      <BisWeighted>0</BisWeighted>
      <QtyInPackage>1</QtyInPackage>
      <ItemPrice>15.90</ItemPrice>
      <UnitOfMeasurePrice>2.89</UnitOfMeasurePrice>
      <AllowDiscount>1</AllowDiscount>
      <itemStatus>1</itemStatus>
      <LastUpdateDate />
      <LastUpdateTime />
    </Product>
    <Product>
      <PriceUpdateDate>2019/02/26 10:04</PriceUpdateDate>
      <ItemCode>3600523651887</ItemCode>
      <ItemType>1</ItemType>
      <ItemName>שמפו טוטאל ריפר 550 מל אלביב</ItemName>
      <ManufactureName>לוריאל ישראל קוסמטיקס בעמ</ManufactureName>
      <ManufactureCountry />
      <ManufactureItemDescription />
      <UnitQty>יח`</UnitQty>
      <Quantity>550</Quantity>
      <UnitMeasure>מ"ל</UnitMeasure>
      <BisWeighted>0</BisWeighted>
      <QtyInPackage>1</QtyInPackage>
      <ItemPrice>15.90</ItemPrice>
      <UnitOfMeasurePrice>2.89</UnitOfMeasurePrice>
      <AllowDiscount>1</AllowDiscount>
      <itemStatus>1</itemStatus>
      <LastUpdateDate />
      <LastUpdateTime />
    </Product>
    <Product>
      <PriceUpdateDate>2019/02/26 10:04</PriceUpdateDate>
      <ItemCode>3600523651900</ItemCode>
      <ItemType>1</ItemType>
      <ItemName>מרכך ארגנין 550 מל אלביב</ItemName>
      <ManufactureName>לוריאל ישראל קוסמטיקס בעמ</ManufactureName>
      <ManufactureCountry />
      <ManufactureItemDescription />
      <UnitQty>יח`</UnitQty>
      <Quantity>550</Quantity>
      <UnitMeasure>מ"ל</UnitMeasure>
      <BisWeighted>0</BisWeighted>
      <QtyInPackage>1</QtyInPackage>
      <ItemPrice>15.90</ItemPrice>
      <UnitOfMeasurePrice>2.89</UnitOfMeasurePrice>
      <AllowDiscount>1</AllowDiscount>
      <itemStatus>1</itemStatus>
      <LastUpdateDate />
      <LastUpdateTime />
    </Product>
    <Product>
      <PriceUpdateDate>2019/02/26 10:04</PriceUpdateDate>
      <ItemCode>3600523652228</ItemCode>
      <ItemType>1</ItemType>
      <ItemName>מרכך טוטאל ריפר 550 מל אלביב</ItemName>
      <ManufactureName>לוריאל ישראל קוסמטיקס בעמ</ManufactureName>
      <ManufactureCountry />
      <ManufactureItemDescription />
      <UnitQty>יח`</UnitQty>
      <Quantity>550</Quantity>
      <UnitMeasure>מ"ל</UnitMeasure>
      <BisWeighted>0</BisWeighted>
      <QtyInPackage>1</QtyInPackage>
      <ItemPrice>15.90</ItemPrice>
      <UnitOfMeasurePrice>2.89</UnitOfMeasurePrice>
      <AllowDiscount>1</AllowDiscount>
      <itemStatus>1</itemStatus>
      <LastUpdateDate />
      <LastUpdateTime />
    </Product>
    <Product>
      <PriceUpdateDate>2019/02/26 10:04</PriceUpdateDate>
      <ItemCode>3600523652235</ItemCode>
      <ItemType>1</ItemType>
      <ItemName>שמפו ט.ריפר 2ב1 550 מל אלביב</ItemName>
      <ManufactureName>לוריאל ישראל קוסמטיקס בעמ</ManufactureName>
      <ManufactureCountry />
      <ManufactureItemDescription />
      <UnitQty>יח`</UnitQty>
      <Quantity>550</Quantity>
      <UnitMeasure>מ"ל</UnitMeasure>
      <BisWeighted>0</BisWeighted>
      <QtyInPackage>1</QtyInPackage>
      <ItemPrice>15.90</ItemPrice>
      <UnitOfMeasurePrice>2.89</UnitOfMeasurePrice>
      <AllowDiscount>1</AllowDiscount>
      <itemStatus>1</itemStatus>
      <LastUpdateDate />
      <LastUpdateTime />
    </Product>
    <Product>
      <PriceUpdateDate>2019/02/26 10:04</PriceUpdateDate>
      <ItemCode>3600523652242</ItemCode>
      <ItemType>1</ItemType>
      <ItemName>שמפו קולור 550 מל אלביב</ItemName>
      <ManufactureName>לוריאל ישראל קוסמטיקס בעמ</ManufactureName>
      <ManufactureCountry />
      <ManufactureItemDescription />
      <UnitQty>יח`</UnitQty>
      <Quantity>550</Quantity>
      <UnitMeasure>מ"ל</UnitMeasure>
      <BisWeighted>0</BisWeighted>
      <QtyInPackage>1</QtyInPackage>
      <ItemPrice>15.90</ItemPrice>
      <UnitOfMeasurePrice>2.89</UnitOfMeasurePrice>
      <AllowDiscount>1</AllowDiscount>
      <itemStatus>1</itemStatus>
      <LastUpdateDate />
      <LastUpdateTime />
    </Product>
    <Product>
      <PriceUpdateDate>2019/02/26 10:04</PriceUpdateDate>
      <ItemCode>3600523652280</ItemCode>
      <ItemType>1</ItemType>
      <ItemName>שמפו 6 שמנים 550 מל אלביב</ItemName>
      <ManufactureName>לוריאל ישראל קוסמטיקס בעמ</ManufactureName>
      <ManufactureCountry />
      <ManufactureItemDescription />
      <UnitQty>יח`</UnitQty>
      <Quantity>550</Quantity>
      <UnitMeasure>מ"ל</UnitMeasure>
      <BisWeighted>0</BisWeighted>
      <QtyInPackage>1</QtyInPackage>
      <ItemPrice>15.90</ItemPrice>
      <UnitOfMeasurePrice>2.89</UnitOfMeasurePrice>
      <AllowDiscount>1</AllowDiscount>
      <itemStatus>1</itemStatus>
      <LastUpdateDate />
      <LastUpdateTime />
    </Product>
    <Product>
      <PriceUpdateDate>2019/06/17 12:22</PriceUpdateDate>
      <ItemCode>3600523782567</ItemCode>
      <ItemType>1</ItemType>
      <ItemName>שמפו דרים לונג 500 מל אלביב</ItemName>
      <ManufactureName>לוריאל ישראל קוסמטיקס בעמ</ManufactureName>
      <ManufactureCountry />
      <ManufactureItemDescription />
      <UnitQty>יח`</UnitQty>
      <Quantity>500</Quantity>
      <UnitMeasure>מ"ל</UnitMeasure>
      <BisWeighted>0</BisWeighted>
      <QtyInPackage>1</QtyInPackage>
      <ItemPrice>15.90</ItemPrice>
      <UnitOfMeasurePrice>3.18</UnitOfMeasurePrice>
      <AllowDiscount>1</AllowDiscount>
      <itemStatus>1</itemStatus>
      <LastUpdateDate />
      <LastUpdateTime />
    </Product>
    <Product>
      <PriceUpdateDate>2019/06/17 12:22</PriceUpdateDate>
      <ItemCode>3600523782581</ItemCode>
      <ItemType>1</ItemType>
      <ItemName>מרכך דרים לונג 500 מל אלביב</ItemName>
      <ManufactureName>לוריאל ישראל קוסמטיקס בעמ</ManufactureName>
      <ManufactureCountry />
      <ManufactureItemDescription />
      <UnitQty>יח`</UnitQty>
      <Quantity>500</Quantity>
      <UnitMeasure>מ"ל</UnitMeasure>
      <BisWeighted>0</BisWeighted>
      <QtyInPackage>1</QtyInPackage>
      <ItemPrice>15.90</ItemPrice>
      <UnitOfMeasurePrice>3.18</UnitOfMeasurePrice>
      <AllowDiscount>1</AllowDiscount>
      <itemStatus>1</itemStatus>
      <LastUpdateDate />
      <LastUpdateTime />
    </Product>
    <Product>
      <PriceUpdateDate>2019/06/16 12:57</PriceUpdateDate>
      <ItemCode>3600523815791</ItemCode>
      <ItemType>1</ItemType>
      <ItemName>שמפו אלביב ארגנין 360 מל</ItemName>
      <ManufactureName>לוריאל ישראל קוסמטיקס בעמ</ManufactureName>
      <ManufactureCountry />
      <ManufactureItemDescription />
      <UnitQty>יח`</UnitQty>
      <Quantity>360</Quantity>
      <UnitMeasure>מ"ל</UnitMeasure>
      <BisWeighted>0</BisWeighted>
      <QtyInPackage>1</QtyInPackage>
      <ItemPrice>9.90</ItemPrice>
      <UnitOfMeasurePrice>2.75</UnitOfMeasurePrice>
      <AllowDiscount>1</AllowDiscount>
      <itemStatus>1</itemStatus>
      <LastUpdateDate />
      <LastUpdateTime />
    </Product>
    <Product>
      <PriceUpdateDate>2019/06/17 12:22</PriceUpdateDate>
      <ItemCode>3600523815807</ItemCode>
      <ItemType>1</ItemType>
      <ItemName>מרכך ארגנין 360 מל אלביב</ItemName>
      <ManufactureName>לוריאל ישראל קוסמטיקס בעמ</ManufactureName>
      <ManufactureCountry />
      <ManufactureItemDescription />
      <UnitQty>יח`</UnitQty>
      <Quantity>360</Quantity>
      <UnitMeasure>מ"ל</UnitMeasure>
      <BisWeighted>0</BisWeighted>
      <QtyInPackage>1</QtyInPackage>
      <ItemPrice>9.90</ItemPrice>
      <UnitOfMeasurePrice>2.75</UnitOfMeasurePrice>
      <AllowDiscount>1</AllowDiscount>
      <itemStatus>1</itemStatus>
      <LastUpdateDate />
      <LastUpdateTime />
    </Product>
    <Product>
      <PriceUpdateDate>2015/12/04 08:41</PriceUpdateDate>
      <ItemCode>3600540308603</ItemCode>
      <ItemType>1</ItemType>
      <ItemName>צבע לשיער קולור נטורלס שחור טבעי 1</ItemName>
      <ManufactureName>לוריאל ישראל קוסמטיקס בעמ</ManufactureName>
      <ManufactureCountry />
      <ManufactureItemDescription />
      <UnitQty>יח`</UnitQty>
      <Quantity>1</Quantity>
      <UnitMeasure />
      <BisWeighted>0</BisWeighted>
      <QtyInPackage>1</QtyInPackage>
      <ItemPrice>21.90</ItemPrice>
      <UnitOfMeasurePrice>21.90</UnitOfMeasurePrice>
      <AllowDiscount>1</AllowDiscount>
      <itemStatus>1</itemStatus>
      <LastUpdateDate />
      <LastUpdateTime />
    </Product>
    <Product>
      <PriceUpdateDate>2015/12/04 08:41</PriceUpdateDate>
      <ItemCode>3600540308665</ItemCode>
      <ItemType>1</ItemType>
      <ItemName>צבע לשיער קולור נטורלס בלונד בהיר 8</ItemName>
      <ManufactureName>לוריאל ישראל קוסמטיקס בעמ</ManufactureName>
      <ManufactureCountry />
      <ManufactureItemDescription />
      <UnitQty>יח`</UnitQty>
      <Quantity>1</Quantity>
      <UnitMeasure />
      <BisWeighted>0</BisWeighted>
      <QtyInPackage>1</QtyInPackage>
      <ItemPrice>21.90</ItemPrice>
      <UnitOfMeasurePrice>21.90</UnitOfMeasurePrice>
      <AllowDiscount>1</AllowDiscount>
      <itemStatus>1</itemStatus>
      <LastUpdateDate />
      <LastUpdateTime />
    </Product>
    <Product>
      <PriceUpdateDate>2015/12/04 08:41</PriceUpdateDate>
      <ItemCode>3600540308801</ItemCode>
      <ItemType>1</ItemType>
      <ItemName>צבע לשיער קולור נטורלס בלונד זהוב 7.3</ItemName>
      <ManufactureName>לוריאל ישראל קוסמטיקס בעמ</ManufactureName>
      <ManufactureCountry />
      <ManufactureItemDescription />
      <UnitQty>יח`</UnitQty>
      <Quantity>1</Quantity>
      <UnitMeasure />
      <BisWeighted>0</BisWeighted>
      <QtyInPackage>1</QtyInPackage>
      <ItemPrice>21.90</ItemPrice>
      <UnitOfMeasurePrice>21.90</UnitOfMeasurePrice>
      <AllowDiscount>1</AllowDiscount>
      <itemStatus>1</itemStatus>
      <LastUpdateDate />
      <LastUpdateTime />
    </Product>
    <Product>
      <PriceUpdateDate>2015/12/04 08:40</PriceUpdateDate>
      <ItemCode>3600540308948</ItemCode>
      <ItemType>1</ItemType>
      <ItemName>צבע לשיער קולור נטורלס בהיר זהוב 113</ItemName>
      <ManufactureName>לוריאל ישראל קוסמטיקס בעמ</ManufactureName>
      <ManufactureCountry />
      <ManufactureItemDescription />
      <UnitQty>יח`</UnitQty>
      <Quantity>1</Quantity>
      <UnitMeasure />
      <BisWeighted>0</BisWeighted>
      <QtyInPackage>1</QtyInPackage>
      <ItemPrice>21.90</ItemPrice>
      <UnitOfMeasurePrice>21.90</UnitOfMeasurePrice>
      <AllowDiscount>1</AllowDiscount>
      <itemStatus>1</itemStatus>
      <LastUpdateDate />
      <LastUpdateTime />
    </Product>
    <Product>
      <PriceUpdateDate>2015/12/04 08:41</PriceUpdateDate>
      <ItemCode>3600541014305</ItemCode>
      <ItemType>1</ItemType>
      <ItemName>צבע לשיער גרנייה קולור נטורלס 1/2 4</ItemName>
      <ManufactureName>לוריאל ישראל קוסמטיקס בעמ</ManufactureName>
      <ManufactureCountry />
      <ManufactureItemDescription />
      <UnitQty>יח`</UnitQty>
      <Quantity>1</Quantity>
      <UnitMeasure />
      <BisWeighted>0</BisWeighted>
      <QtyInPackage>1</QtyInPackage>
      <ItemPrice>21.90</ItemPrice>
      <UnitOfMeasurePrice>21.90</UnitOfMeasurePrice>
      <AllowDiscount>1</AllowDiscount>
      <itemStatus>1</itemStatus>
      <LastUpdateDate />
      <LastUpdateTime />
    </Product>
    <Product>
      <PriceUpdateDate>2019/04/15 12:01</PriceUpdateDate>
      <ItemCode>3614224056537</ItemCode>
      <ItemType>1</ItemType>
      <ItemName>אדידס דאו ספריי לאשה אדיפאוור 150 מל</ItemName>
      <ManufactureName>דנשר (1963) בעמ</ManufactureName>
      <ManufactureCountry />
      <ManufactureItemDescription />
      <UnitQty>יח`</UnitQty>
      <Quantity>150</Quantity>
      <UnitMeasure>מ"ל</UnitMeasure>
      <BisWeighted>0</BisWeighted>
      <QtyInPackage>1</QtyInPackage>
      <ItemPrice>19.90</ItemPrice>
      <UnitOfMeasurePrice>13.27</UnitOfMeasurePrice>
      <AllowDiscount>1</AllowDiscount>
      <itemStatus>1</itemStatus>
      <LastUpdateDate />
      <LastUpdateTime />
    </Product>
    <Product>
      <PriceUpdateDate>2015/05/27 15:30</PriceUpdateDate>
      <ItemCode>3661163970448</ItemCode>
      <ItemType>1</ItemType>
      <ItemName>אדידס דאו ספריי גברים 200 מל</ItemName>
      <ManufactureName>דנשר (1963) בעמ</ManufactureName>
      <ManufactureCountry />
      <ManufactureItemDescription />
      <UnitQty>יח`</UnitQty>
      <Quantity>200</Quantity>
      <UnitMeasure>מ"ל</UnitMeasure>
      <BisWeighted>0</BisWeighted>
      <QtyInPackage>1</QtyInPackage>
      <ItemPrice>25.90</ItemPrice>
      <UnitOfMeasurePrice>12.95</UnitOfMeasurePrice>
      <AllowDiscount>1</AllowDiscount>
      <itemStatus>1</itemStatus>
      <LastUpdateDate />
      <LastUpdateTime />
    </Product>
    <Product>
      <PriceUpdateDate>2017/05/15 16:54</PriceUpdateDate>
      <ItemCode>3661163991580</ItemCode>
      <ItemType>1</ItemType>
      <ItemName>אדידס דאו ספריי לאשה מקס אינטנסיב</ItemName>
      <ManufactureName>דנשר (1963) בעמ</ManufactureName>
      <ManufactureCountry />
      <ManufactureItemDescription />
      <UnitQty>יח`</UnitQty>
      <Quantity>200</Quantity>
      <UnitMeasure>מ"ל</UnitMeasure>
      <BisWeighted>0</BisWeighted>
      <QtyInPackage>1</QtyInPackage>
      <ItemPrice>19.90</ItemPrice>
      <UnitOfMeasurePrice>9.95</UnitOfMeasurePrice>
      <AllowDiscount>1</AllowDiscount>
      <itemStatus>1</itemStatus>
      <LastUpdateDate />
      <LastUpdateTime />
    </Product>
    <Product>
      <PriceUpdateDate>2020/04/20 06:49</PriceUpdateDate>
      <ItemCode>4000351109380</ItemCode>
      <ItemType>1</ItemType>
      <ItemName>שמן קנולה 1 ליטר BROLIO</ItemName>
      <ManufactureName>המותג-לא פעיל להקלדה</ManufactureName>
      <ManufactureCountry />
      <ManufactureItemDescription />
      <UnitQty>יח`</UnitQty>
      <Quantity>1000</Quantity>
      <UnitMeasure>מ"ל</UnitMeasure>
      <BisWeighted>0</BisWeighted>
      <QtyInPackage>1</QtyInPackage>
      <ItemPrice>5.90</ItemPrice>
      <UnitOfMeasurePrice>0.59</UnitOfMeasurePrice>
      <AllowDiscount>0</AllowDiscount>
      <itemStatus>1</itemStatus>
      <LastUpdateDate />
      <LastUpdateTime />
    </Product>
    <Product>
      <PriceUpdateDate>2015/12/02 13:38</PriceUpdateDate>
      <ItemCode>4000417019004</ItemCode>
      <ItemType>1</ItemType>
      <ItemName>שוקולד ריטר חלבי אגוזים 100 גר`</ItemName>
      <ManufactureName>ליימן שליסל בעמ</ManufactureName>
      <ManufactureCountry />
      <ManufactureItemDescription />
      <UnitQty>יח`</UnitQty>
      <Quantity>100</Quantity>
      <UnitMeasure>גרם</UnitMeasure>
      <BisWeighted>0</BisWeighted>
      <QtyInPackage>1</QtyInPackage>
      <ItemPrice>9.90</ItemPrice>
      <UnitOfMeasurePrice>9.90</UnitOfMeasurePrice>
      <AllowDiscount>0</AllowDiscount>
      <itemStatus>1</itemStatus>
      <LastUpdateDate />
      <LastUpdateTime />
    </Product>
    <Product>
      <PriceUpdateDate>2015/12/02 13:38</PriceUpdateDate>
      <ItemCode>4000417022004</ItemCode>
      <ItemType>1</ItemType>
      <ItemName>שוקולד ריטר חלבי צימוקים/אגוזים 100 גר`</ItemName>
      <ManufactureName>ליימן שליסל בעמ</ManufactureName>
      <ManufactureCountry />
      <ManufactureItemDescription />
      <UnitQty>יח`</UnitQty>
      <Quantity>100</Quantity>
      <UnitMeasure>גרם</UnitMeasure>
      <BisWeighted>0</BisWeighted>
      <QtyInPackage>1</QtyInPackage>
      <ItemPrice>9.90</ItemPrice>
      <UnitOfMeasurePrice>9.90</UnitOfMeasurePrice>
      <AllowDiscount>0</AllowDiscount>
      <itemStatus>1</itemStatus>
      <LastUpdateDate />
      <LastUpdateTime />
    </Product>
    <Product>
      <PriceUpdateDate>2015/12/02 13:38</PriceUpdateDate>
      <ItemCode>4000417025005</ItemCode>
      <ItemType>1</ItemType>
      <ItemName>שוקולד ריטר מרציפן 100 גר`</ItemName>
      <ManufactureName>ליימן שליסל בעמ</ManufactureName>
      <ManufactureCountry />
      <ManufactureItemDescription />
      <UnitQty>יח`</UnitQty>
      <Quantity>100</Quantity>
      <UnitMeasure>גרם</UnitMeasure>
      <BisWeighted>0</BisWeighted>
      <QtyInPackage>1</QtyInPackage>
      <ItemPrice>9.90</ItemPrice>
      <UnitOfMeasurePrice>9.90</UnitOfMeasurePrice>
      <AllowDiscount>0</AllowDiscount>
      <itemStatus>1</itemStatus>
      <LastUpdateDate />
      <LastUpdateTime />
    </Product>
    <Product>
      <PriceUpdateDate>2015/12/02 13:38</PriceUpdateDate>
      <ItemCode>4000417224002</ItemCode>
      <ItemType>1</ItemType>
      <ItemName>שוקולד ריטר מריר אגוזים 100 גר</ItemName>
      <ManufactureName>ליימן שליסל בעמ</ManufactureName>
      <ManufactureCountry />
      <ManufactureItemDescription />
      <UnitQty>יח`</UnitQty>
      <Quantity>100</Quantity>
      <UnitMeasure>גרם</UnitMeasure>
      <BisWeighted>0</BisWeighted>
      <QtyInPackage>1</QtyInPackage>
      <ItemPrice>9.90</ItemPrice>
      <UnitOfMeasurePrice>9.90</UnitOfMeasurePrice>
      <AllowDiscount>0</AllowDiscount>
      <itemStatus>1</itemStatus>
      <LastUpdateDate />
      <LastUpdateTime />
    </Product>
    <Product>
      <PriceUpdateDate>2015/12/02 13:38</PriceUpdateDate>
      <ItemCode>4000417294005</ItemCode>
      <ItemType>1</ItemType>
      <ItemName>שוקולד ריטר מוס קקאו 100 גר`</ItemName>
      <ManufactureName>ליימן שליסל בעמ</ManufactureName>
      <ManufactureCountry />
      <ManufactureItemDescription />
      <UnitQty>יח`</UnitQty>
      <Quantity>100</Quantity>
      <UnitMeasure>גרם</UnitMeasure>
      <BisWeighted>0</BisWeighted>
      <QtyInPackage>1</QtyInPackage>
      <ItemPrice>9.90</ItemPrice>
      <UnitOfMeasurePrice>9.90</UnitOfMeasurePrice>
      <AllowDiscount>0</AllowDiscount>
      <itemStatus>1</itemStatus>
      <LastUpdateDate />
      <LastUpdateTime />
    </Product>
    <Product>
      <PriceUpdateDate>2014/11/11 08:48</PriceUpdateDate>
      <ItemCode>4000522061752</ItemCode>
      <ItemType>1</ItemType>
      <ItemName>צ`וי מקלות בייגלה מלוחים 100 גר</ItemName>
      <ManufactureName>ר.ב מוצרי דגנים בעמ</ManufactureName>
      <ManufactureCountry />
      <ManufactureItemDescription />
      <UnitQty>יח`</UnitQty>
      <Quantity>100</Quantity>
      <UnitMeasure>גרם</UnitMeasure>
      <BisWeighted>0</BisWeighted>
      <QtyInPackage>1</QtyInPackage>
      <ItemPrice>3.90</ItemPrice>
      <UnitOfMeasurePrice>3.90</UnitOfMeasurePrice>
      <AllowDiscount>1</AllowDiscount>
      <itemStatus>1</itemStatus>
      <LastUpdateDate />
      <LastUpdateTime />
    </Product>
    <Product>
      <PriceUpdateDate>2015/03/02 08:59</PriceUpdateDate>
      <ItemCode>4000869032569</ItemCode>
      <ItemType>1</ItemType>
      <ItemName>הפי מטהר אויר פרש יעקבי 150( גרם)</ItemName>
      <ManufactureName>יעקב יעקבי ובניו בעמ</ManufactureName>
      <ManufactureCountry />
      <ManufactureItemDescription />
      <UnitQty>יח`</UnitQty>
      <Quantity>1</Quantity>
      <UnitMeasure />
      <BisWeighted>0</BisWeighted>
      <QtyInPackage>1</QtyInPackage>
      <ItemPrice>9.90</ItemPrice>
      <UnitOfMeasurePrice>9.90</UnitOfMeasurePrice>
      <AllowDiscount>0</AllowDiscount>
      <itemStatus>1</itemStatus>
      <LastUpdateDate />
      <LastUpdateTime />
    </Product>
    <Product>
      <PriceUpdateDate>2015/05/28 12:36</PriceUpdateDate>
      <ItemCode>4001518000298</ItemCode>
      <ItemType>1</ItemType>
      <ItemName>עוגיות שוקולד צ`יפס גריסון (150 גרם)</ItemName>
      <ManufactureName>ר.ב מוצרי דגנים בעמ</ManufactureName>
      <ManufactureCountry />
      <ManufactureItemDescription />
      <UnitQty>יח`</UnitQty>
      <Quantity>150</Quantity>
      <UnitMeasure>גרם</UnitMeasure>
      <BisWeighted>0</BisWeighted>
      <QtyInPackage>1</QtyInPackage>
      <ItemPrice>7.90</ItemPrice>
      <UnitOfMeasurePrice>5.27</UnitOfMeasurePrice>
      <AllowDiscount>1</AllowDiscount>
      <itemStatus>1</itemStatus>
      <LastUpdateDate />
      <LastUpdateTime />
    </Product>
    <Product>
      <PriceUpdateDate>2015/05/28 12:36</PriceUpdateDate>
      <ItemCode>4001518001219</ItemCode>
      <ItemType>1</ItemType>
      <ItemName>גריסון עוגיות שוקו צ`יפס עם אגוזים 150ג</ItemName>
      <ManufactureName>ר.ב מוצרי דגנים בעמ</ManufactureName>
      <ManufactureCountry />
      <ManufactureItemDescription />
      <UnitQty>יח`</UnitQty>
      <Quantity>150</Quantity>
      <UnitMeasure>גרם</UnitMeasure>
      <BisWeighted>0</BisWeighted>
      <QtyInPackage>1</QtyInPackage>
      <ItemPrice>7.90</ItemPrice>
      <UnitOfMeasurePrice>5.27</UnitOfMeasurePrice>
      <AllowDiscount>1</AllowDiscount>
      <itemStatus>1</itemStatus>
      <LastUpdateDate />
      <LastUpdateTime />
    </Product>
    <Product>
      <PriceUpdateDate>2015/12/01 15:08</PriceUpdateDate>
      <ItemCode>4001518108642</ItemCode>
      <ItemType>1</ItemType>
      <ItemName>עוגיות סנדוויץ` וניל בלאק 5 (180 גרם)</ItemName>
      <ManufactureName>ר.ב מוצרי דגנים בעמ</ManufactureName>
      <ManufactureCountry />
      <ManufactureItemDescription />
      <UnitQty>יח`</UnitQty>
      <Quantity>180</Quantity>
      <UnitMeasure>גרם</UnitMeasure>
      <BisWeighted>0</BisWeighted>
      <QtyInPackage>1</QtyInPackage>
      <ItemPrice>7.90</ItemPrice>
      <UnitOfMeasurePrice>4.39</UnitOfMeasurePrice>
      <AllowDiscount>1</AllowDiscount>
      <itemStatus>1</itemStatus>
      <LastUpdateDate />
      <LastUpdateTime />
    </Product>
    <Product>
      <PriceUpdateDate>2019/10/27 12:00</PriceUpdateDate>
      <ItemCode>4001683011525</ItemCode>
      <ItemType>1</ItemType>
      <ItemName>או בה מיני פרו קומפורט 32 יח</ItemName>
      <ManufactureName>פארמה דיל (פ.א.ב.) שיווק והפצה</ManufactureName>
      <ManufactureCountry />
      <ManufactureItemDescription />
      <UnitQty>יח`</UnitQty>
      <Quantity>1</Quantity>
      <UnitMeasure />
      <BisWeighted>0</BisWeighted>
      <QtyInPackage>1</QtyInPackage>
      <ItemPrice>19.90</ItemPrice>
      <UnitOfMeasurePrice>19.90</UnitOfMeasurePrice>
      <AllowDiscount>0</AllowDiscount>
      <itemStatus>1</itemStatus>
      <LastUpdateDate />
      <LastUpdateTime />
    </Product>
    <Product>
      <PriceUpdateDate>2020/03/01 15:02</PriceUpdateDate>
      <ItemCode>4002448017684</ItemCode>
      <ItemType>1</ItemType>
      <ItemName>סיליט באנג מסיר אבנית 750 מל</ItemName>
      <ManufactureName>רקיט בנקיזר (ניר איסט) בעמ</ManufactureName>
      <ManufactureCountry />
      <ManufactureItemDescription />
      <UnitQty>יח`</UnitQty>
      <Quantity>750</Quantity>
      <UnitMeasure>מ"ל</UnitMeasure>
      <BisWeighted>0</BisWeighted>
      <QtyInPackage>1</QtyInPackage>
      <ItemPrice>9.90</ItemPrice>
      <UnitOfMeasurePrice>1.32</UnitOfMeasurePrice>
      <AllowDiscount>0</AllowDiscount>
      <itemStatus>1</itemStatus>
      <LastUpdateDate />
      <LastUpdateTime />
    </Product>
    <Product>
      <PriceUpdateDate>2017/02/07 12:52</PriceUpdateDate>
      <ItemCode>4002911138021</ItemCode>
      <ItemType>1</ItemType>
      <ItemName>נרות חימום פאלאס) (100</ItemName>
      <ManufactureName>פאלאס תעשיות נטו (2014) בעמ</ManufactureName>
      <ManufactureCountry />
      <ManufactureItemDescription />
      <UnitQty>יח`</UnitQty>
      <Quantity>100</Quantity>
      <UnitMeasure>יח`</UnitMeasure>
      <BisWeighted>0</BisWeighted>
      <QtyInPackage>1</QtyInPackage>
      <ItemPrice>19.90</ItemPrice>
      <UnitOfMeasurePrice>0.20</UnitOfMeasurePrice>
      <AllowDiscount>0</AllowDiscount>
      <itemStatus>1</itemStatus>
      <LastUpdateDate />
      <LastUpdateTime />
    </Product>
    <Product>
      <PriceUpdateDate>2019/04/10 09:18</PriceUpdateDate>
      <ItemCode>4004666107819</ItemCode>
      <ItemType>1</ItemType>
      <ItemName>מלרוד לניקוי וטיהור מזגן 500 מל יעקובי</ItemName>
      <ManufactureName>יעקב יעקבי ובניו בעמ</ManufactureName>
      <ManufactureCountry />
      <ManufactureItemDescription />
      <UnitQty>יח`</UnitQty>
      <Quantity>500</Quantity>
      <UnitMeasure>מ"ל</UnitMeasure>
      <BisWeighted>0</BisWeighted>
      <QtyInPackage>1</QtyInPackage>
      <ItemPrice>24.90</ItemPrice>
      <UnitOfMeasurePrice>4.98</UnitOfMeasurePrice>
      <AllowDiscount>0</AllowDiscount>
      <itemStatus>1</itemStatus>
      <LastUpdateDate />
      <LastUpdateTime />
    </Product>
    <Product>
      <PriceUpdateDate>2017/12/19 12:40</PriceUpdateDate>
      <ItemCode>4005808628087</ItemCode>
      <ItemType>1</ItemType>
      <ItemName>ניאווה פיור אימפקט ג`ל רחצה לגבר 500</ItemName>
      <ManufactureName>אלפא- ב.ד.ף בעמ</ManufactureName>
      <ManufactureCountry />
      <ManufactureItemDescription />
      <UnitQty>יח`</UnitQty>
      <Quantity>500</Quantity>
      <UnitMeasure>מ"ל</UnitMeasure>
      <BisWeighted>0</BisWeighted>
      <QtyInPackage>1</QtyInPackage>
      <ItemPrice>14.90</ItemPrice>
      <UnitOfMeasurePrice>2.98</UnitOfMeasurePrice>
      <AllowDiscount>0</AllowDiscount>
      <itemStatus>1</itemStatus>
      <LastUpdateDate />
      <LastUpdateTime />
    </Product>
    <Product>
      <PriceUpdateDate>2017/05/30 09:01</PriceUpdateDate>
      <ItemCode>4005808670314</ItemCode>
      <ItemType>1</ItemType>
      <ItemName>ניוואה קרם לחות לעור רגיל/מעורב 50 מל</ItemName>
      <ManufactureName>אלפא- ב.ד.ף בעמ</ManufactureName>
      <ManufactureCountry />
      <ManufactureItemDescription />
      <UnitQty>יח`</UnitQty>
      <Quantity>50</Quantity>
      <UnitMeasure>מ"ל</UnitMeasure>
      <BisWeighted>0</BisWeighted>
      <QtyInPackage>1</QtyInPackage>
      <ItemPrice>49.90</ItemPrice>
      <UnitOfMeasurePrice>99.80</UnitOfMeasurePrice>
      <AllowDiscount>1</AllowDiscount>
      <itemStatus>1</itemStatus>
      <LastUpdateDate />
      <LastUpdateTime />
    </Product>
    <Product>
      <PriceUpdateDate>2015/03/30 11:22</PriceUpdateDate>
      <ItemCode>4005808890507</ItemCode>
      <ItemType>1</ItemType>
      <ItemName>קרם סופט 200 מל</ItemName>
      <ManufactureName>אלפא- ב.ד.ף בעמ</ManufactureName>
      <ManufactureCountry />
      <ManufactureItemDescription />
      <UnitQty>יח`</UnitQty>
      <Quantity>200</Quantity>
      <UnitMeasure>מ"ל</UnitMeasure>
      <BisWeighted>0</BisWeighted>
      <QtyInPackage>1</QtyInPackage>
      <ItemPrice>29.90</ItemPrice>
      <UnitOfMeasurePrice>14.95</UnitOfMeasurePrice>
      <AllowDiscount>1</AllowDiscount>
      <itemStatus>1</itemStatus>
      <LastUpdateDate />
      <LastUpdateTime />
    </Product>
    <Product>
      <PriceUpdateDate>2017/10/10 15:05</PriceUpdateDate>
      <ItemCode>4005900036506</ItemCode>
      <ItemType>1</ItemType>
      <ItemName>רול און בלק אנד ווייט לגבר</ItemName>
      <ManufactureName>אלפא- ב.ד.ף בעמ</ManufactureName>
      <ManufactureCountry />
      <ManufactureItemDescription />
      <UnitQty>יח`</UnitQty>
      <Quantity>50</Quantity>
      <UnitMeasure>מ"ל</UnitMeasure>
      <BisWeighted>0</BisWeighted>
      <QtyInPackage>1</QtyInPackage>
      <ItemPrice>14.90</ItemPrice>
      <UnitOfMeasurePrice>29.80</UnitOfMeasurePrice>
      <AllowDiscount>1</AllowDiscount>
      <itemStatus>1</itemStatus>
      <LastUpdateDate />
      <LastUpdateTime />
    </Product>
    <Product>
      <PriceUpdateDate>2018/08/05 14:16</PriceUpdateDate>
      <ItemCode>4005900243669</ItemCode>
      <ItemType>1</ItemType>
      <ItemName>רול און לאישה פרוטקט &amp; קייר</ItemName>
      <ManufactureName>אלפא- ב.ד.ף בעמ</ManufactureName>
      <ManufactureCountry />
      <ManufactureItemDescription />
      <UnitQty>יח`</UnitQty>
      <Quantity>1</Quantity>
      <UnitMeasure />
      <BisWeighted>0</BisWeighted>
      <QtyInPackage>1</QtyInPackage>
      <ItemPrice>14.90</ItemPrice>
      <UnitOfMeasurePrice>14.90</UnitOfMeasurePrice>
      <AllowDiscount>1</AllowDiscount>
      <itemStatus>1</itemStatus>
      <LastUpdateDate />
      <LastUpdateTime />
    </Product>
    <Product>
      <PriceUpdateDate>2017/10/25 08:30</PriceUpdateDate>
      <ItemCode>4005900828095</ItemCode>
      <ItemType>1</ItemType>
      <ItemName>דאודורנט רול-און לאישה פרש</ItemName>
      <ManufactureName>אלפא- ב.ד.ף בעמ</ManufactureName>
      <ManufactureCountry />
      <ManufactureItemDescription />
      <UnitQty>יח`</UnitQty>
      <Quantity>1</Quantity>
      <UnitMeasure />
      <BisWeighted>0</BisWeighted>
      <QtyInPackage>1</QtyInPackage>
      <ItemPrice>14.90</ItemPrice>
      <UnitOfMeasurePrice>14.90</UnitOfMeasurePrice>
      <AllowDiscount>1</AllowDiscount>
      <itemStatus>1</itemStatus>
      <LastUpdateDate />
      <LastUpdateTime />
    </Product>
    <Product>
      <PriceUpdateDate>2019/12/24 13:10</PriceUpdateDate>
      <ItemCode>4008400230726</ItemCode>
      <ItemType>1</ItemType>
      <ItemName>קינדר ביצת הפתעה מקסי 100 גר</ItemName>
      <ManufactureName>פרימיום-חברה לדברי מתיקה ולמסח</ManufactureName>
      <ManufactureCountry />
      <ManufactureItemDescription />
      <UnitQty>יח`</UnitQty>
      <Quantity>1</Quantity>
      <UnitMeasure />
      <BisWeighted>0</BisWeighted>
      <QtyInPackage>1</QtyInPackage>
      <ItemPrice>22.90</ItemPrice>
      <UnitOfMeasurePrice>22.90</UnitOfMeasurePrice>
      <AllowDiscount>0</AllowDiscount>
      <itemStatus>1</itemStatus>
      <LastUpdateDate />
      <LastUpdateTime />
    </Product>
    <Product>
      <PriceUpdateDate>2016/01/12 08:18</PriceUpdateDate>
      <ItemCode>4009300525684</ItemCode>
      <ItemType>1</ItemType>
      <ItemName>חליטת צמחים ג`ינג`ר לימון פומפדור) (20</ItemName>
      <ManufactureName>ש.שסטוביץ בעמ</ManufactureName>
      <ManufactureCountry />
      <ManufactureItemDescription />
      <UnitQty>יח`</UnitQty>
      <Quantity>35</Quantity>
      <UnitMeasure>גרם</UnitMeasure>
      <BisWeighted>0</BisWeighted>
      <QtyInPackage>1</QtyInPackage>
      <ItemPrice>15.90</ItemPrice>
      <UnitOfMeasurePrice>45.43</UnitOfMeasurePrice>
      <AllowDiscount>0</AllowDiscount>
      <itemStatus>1</itemStatus>
      <LastUpdateDate />
      <LastUpdateTime />
    </Product>
    <Product>
      <PriceUpdateDate>2013/11/13 07:47</PriceUpdateDate>
      <ItemCode>4009900013581</ItemCode>
      <ItemType>1</ItemType>
      <ItemName>מסטיק אורביט מארז חמישייה</ItemName>
      <ManufactureName>מרס ריגלי ישראל בעמ</ManufactureName>
      <ManufactureCountry />
      <ManufactureItemDescription />
      <UnitQty>יח`</UnitQty>
      <Quantity>1</Quantity>
      <UnitMeasure />
      <BisWeighted>0</BisWeighted>
      <QtyInPackage>1</QtyInPackage>
      <ItemPrice>9.90</ItemPrice>
      <UnitOfMeasurePrice>9.90</UnitOfMeasurePrice>
      <AllowDiscount>0</AllowDiscount>
      <itemStatus>1</itemStatus>
      <LastUpdateDate />
      <LastUpdateTime />
    </Product>
    <Product>
      <PriceUpdateDate>2015/12/03 16:04</PriceUpdateDate>
      <ItemCode>4009900379564</ItemCode>
      <ItemType>1</ItemType>
      <ItemName>מסטיק טייפ בטעם פירות הובה בובה (56 גרם)</ItemName>
      <ManufactureName>מרס ריגלי ישראל בעמ</ManufactureName>
      <ManufactureCountry />
      <ManufactureItemDescription />
      <UnitQty>יח`</UnitQty>
      <Quantity>56</Quantity>
      <UnitMeasure>גרם</UnitMeasure>
      <BisWeighted>0</BisWeighted>
      <QtyInPackage>1</QtyInPackage>
      <ItemPrice>6.90</ItemPrice>
      <UnitOfMeasurePrice>12.32</UnitOfMeasurePrice>
      <AllowDiscount>0</AllowDiscount>
      <itemStatus>1</itemStatus>
      <LastUpdateDate />
      <LastUpdateTime />
    </Product>
    <Product>
      <PriceUpdateDate>2013/11/13 07:47</PriceUpdateDate>
      <ItemCode>4009900385824</ItemCode>
      <ItemType>1</ItemType>
      <ItemName>מסטיק אורביט מארז חמישייה</ItemName>
      <ManufactureName>מרס ריגלי ישראל בעמ</ManufactureName>
      <ManufactureCountry />
      <ManufactureItemDescription />
      <UnitQty>יח`</UnitQty>
      <Quantity>1</Quantity>
      <UnitMeasure />
      <BisWeighted>0</BisWeighted>
      <QtyInPackage>1</QtyInPackage>
      <ItemPrice>9.90</ItemPrice>
      <UnitOfMeasurePrice>9.90</UnitOfMeasurePrice>
      <AllowDiscount>0</AllowDiscount>
      <itemStatus>1</itemStatus>
      <LastUpdateDate />
      <LastUpdateTime />
    </Product>
    <Product>
      <PriceUpdateDate>2018/12/26 20:36</PriceUpdateDate>
      <ItemCode>4009900402965</ItemCode>
      <ItemType>1</ItemType>
      <ItemName>מסטיק אורביט בקבוקון פירות</ItemName>
      <ManufactureName>מרס ריגלי ישראל בעמ</ManufactureName>
      <ManufactureCountry />
      <ManufactureItemDescription />
      <UnitQty>יח`</UnitQty>
      <Quantity>1</Quantity>
      <UnitMeasure />
      <BisWeighted>0</BisWeighted>
      <QtyInPackage>1</QtyInPackage>
      <ItemPrice>10.90</ItemPrice>
      <UnitOfMeasurePrice>10.90</UnitOfMeasurePrice>
      <AllowDiscount>1</AllowDiscount>
      <itemStatus>1</itemStatus>
      <LastUpdateDate />
      <LastUpdateTime />
    </Product>
    <Product>
      <PriceUpdateDate>2018/12/26 20:36</PriceUpdateDate>
      <ItemCode>4009900403023</ItemCode>
      <ItemType>1</ItemType>
      <ItemName>מסטיק אורביט בקבוקון</ItemName>
      <ManufactureName>מרס ריגלי ישראל בעמ</ManufactureName>
      <ManufactureCountry />
      <ManufactureItemDescription />
      <UnitQty>יח`</UnitQty>
      <Quantity>1</Quantity>
      <UnitMeasure />
      <BisWeighted>0</BisWeighted>
      <QtyInPackage>1</QtyInPackage>
      <ItemPrice>10.90</ItemPrice>
      <UnitOfMeasurePrice>10.90</UnitOfMeasurePrice>
      <AllowDiscount>1</AllowDiscount>
      <itemStatus>1</itemStatus>
      <LastUpdateDate />
      <LastUpdateTime />
    </Product>
    <Product>
      <PriceUpdateDate>2015/12/03 16:04</PriceUpdateDate>
      <ItemCode>4009900406918</ItemCode>
      <ItemType>1</ItemType>
      <ItemName>הובה בובה טייפ טריפל מיקס</ItemName>
      <ManufactureName>מרס ריגלי ישראל בעמ</ManufactureName>
      <ManufactureCountry />
      <ManufactureItemDescription />
      <UnitQty>יח`</UnitQty>
      <Quantity>56</Quantity>
      <UnitMeasure>גרם</UnitMeasure>
      <BisWeighted>0</BisWeighted>
      <QtyInPackage>1</QtyInPackage>
      <ItemPrice>6.90</ItemPrice>
      <UnitOfMeasurePrice>12.32</UnitOfMeasurePrice>
      <AllowDiscount>0</AllowDiscount>
      <itemStatus>1</itemStatus>
      <LastUpdateDate />
      <LastUpdateTime />
    </Product>
    <Product>
      <PriceUpdateDate>2019/01/20 12:03</PriceUpdateDate>
      <ItemCode>4009900420129</ItemCode>
      <ItemType>1</ItemType>
      <ItemName>מסטיק אורביט בקבוקון פרופשיונל פפרמינט</ItemName>
      <ManufactureName>מרס ריגלי ישראל בעמ</ManufactureName>
      <ManufactureCountry />
      <ManufactureItemDescription />
      <UnitQty>יח`</UnitQty>
      <Quantity>1</Quantity>
      <UnitMeasure />
      <BisWeighted>0</BisWeighted>
      <QtyInPackage>1</QtyInPackage>
      <ItemPrice>10.90</ItemPrice>
      <UnitOfMeasurePrice>10.90</UnitOfMeasurePrice>
      <AllowDiscount>1</AllowDiscount>
      <itemStatus>1</itemStatus>
      <LastUpdateDate />
      <LastUpdateTime />
    </Product>
    <Product>
      <PriceUpdateDate>2019/01/13 11:32</PriceUpdateDate>
      <ItemCode>4009900426039</ItemCode>
      <ItemType>1</ItemType>
      <ItemName>בקבוקון איירוויבז מנטה אקליפטוס</ItemName>
      <ManufactureName>מרס ריגלי ישראל בעמ</ManufactureName>
      <ManufactureCountry />
      <ManufactureItemDescription />
      <UnitQty>יח`</UnitQty>
      <Quantity>1</Quantity>
      <UnitMeasure />
      <BisWeighted>0</BisWeighted>
      <QtyInPackage>1</QtyInPackage>
      <ItemPrice>10.90</ItemPrice>
      <UnitOfMeasurePrice>10.90</UnitOfMeasurePrice>
      <AllowDiscount>0</AllowDiscount>
      <itemStatus>1</itemStatus>
      <LastUpdateDate />
      <LastUpdateTime />
    </Product>
    <Product>
      <PriceUpdateDate>2019/01/13 11:32</PriceUpdateDate>
      <ItemCode>4009900426121</ItemCode>
      <ItemType>1</ItemType>
      <ItemName>בקבוקון איירוויבז אוכמניות</ItemName>
      <ManufactureName>מרס ריגלי ישראל בעמ</ManufactureName>
      <ManufactureCountry />
      <ManufactureItemDescription />
      <UnitQty>יח`</UnitQty>
      <Quantity>1</Quantity>
      <UnitMeasure />
      <BisWeighted>0</BisWeighted>
      <QtyInPackage>1</QtyInPackage>
      <ItemPrice>10.90</ItemPrice>
      <UnitOfMeasurePrice>10.90</UnitOfMeasurePrice>
      <AllowDiscount>0</AllowDiscount>
      <itemStatus>1</itemStatus>
      <LastUpdateDate />
      <LastUpdateTime />
    </Product>
    <Product>
      <PriceUpdateDate>2014/11/20 08:17</PriceUpdateDate>
      <ItemCode>4009900455299</ItemCode>
      <ItemType>1</ItemType>
      <ItemName>סוכריות פירות סקיטלס (174 גרם)</ItemName>
      <ManufactureName>מרס ריגלי ישראל בעמ</ManufactureName>
      <ManufactureCountry />
      <ManufactureItemDescription />
      <UnitQty>יח`</UnitQty>
      <Quantity>174</Quantity>
      <UnitMeasure>גרם</UnitMeasure>
      <BisWeighted>0</BisWeighted>
      <QtyInPackage>1</QtyInPackage>
      <ItemPrice>8.90</ItemPrice>
      <UnitOfMeasurePrice>5.11</UnitOfMeasurePrice>
      <AllowDiscount>0</AllowDiscount>
      <itemStatus>1</itemStatus>
      <LastUpdateDate />
      <LastUpdateTime />
    </Product>
    <Product>
      <PriceUpdateDate>2019/12/22 11:04</PriceUpdateDate>
      <ItemCode>4009900458504</ItemCode>
      <ItemType>1</ItemType>
      <ItemName>מסטיק אורביט וויט הדרים 64 גר`</ItemName>
      <ManufactureName>מרס ריגלי ישראל בעמ</ManufactureName>
      <ManufactureCountry />
      <ManufactureItemDescription />
      <UnitQty>יח`</UnitQty>
      <Quantity>1</Quantity>
      <UnitMeasure />
      <BisWeighted>0</BisWeighted>
      <QtyInPackage>1</QtyInPackage>
      <ItemPrice>10.90</ItemPrice>
      <UnitOfMeasurePrice>10.90</UnitOfMeasurePrice>
      <AllowDiscount>1</AllowDiscount>
      <itemStatus>1</itemStatus>
      <LastUpdateDate />
      <LastUpdateTime />
    </Product>
    <Product>
      <PriceUpdateDate>2018/12/26 20:36</PriceUpdateDate>
      <ItemCode>4009900479998</ItemCode>
      <ItemType>1</ItemType>
      <ItemName>מסטיק אורביט בקבוקון אוכמניות</ItemName>
      <ManufactureName>מרס ריגלי ישראל בעמ</ManufactureName>
      <ManufactureCountry />
      <ManufactureItemDescription />
      <UnitQty>יח`</UnitQty>
      <Quantity>1</Quantity>
      <UnitMeasure />
      <BisWeighted>0</BisWeighted>
      <QtyInPackage>1</QtyInPackage>
      <ItemPrice>10.90</ItemPrice>
      <UnitOfMeasurePrice>10.90</UnitOfMeasurePrice>
      <AllowDiscount>1</AllowDiscount>
      <itemStatus>1</itemStatus>
      <LastUpdateDate />
      <LastUpdateTime />
    </Product>
    <Product>
      <PriceUpdateDate>2018/12/26 20:36</PriceUpdateDate>
      <ItemCode>4009900482417</ItemCode>
      <ItemType>1</ItemType>
      <ItemName>מסטיק אורביט בקבוקון באבל מינט</ItemName>
      <ManufactureName>מרס ריגלי ישראל בעמ</ManufactureName>
      <ManufactureCountry />
      <ManufactureItemDescription />
      <UnitQty>יח`</UnitQty>
      <Quantity>1</Quantity>
      <UnitMeasure />
      <BisWeighted>0</BisWeighted>
      <QtyInPackage>1</QtyInPackage>
      <ItemPrice>10.90</ItemPrice>
      <UnitOfMeasurePrice>10.90</UnitOfMeasurePrice>
      <AllowDiscount>1</AllowDiscount>
      <itemStatus>1</itemStatus>
      <LastUpdateDate />
      <LastUpdateTime />
    </Product>
    <Product>
      <PriceUpdateDate>2019/04/08 10:38</PriceUpdateDate>
      <ItemCode>4009900483803</ItemCode>
      <ItemType>1</ItemType>
      <ItemName>מסטיק אירוובס בקבוק m מנטה אקליפטוס</ItemName>
      <ManufactureName>מרס ריגלי ישראל בעמ</ManufactureName>
      <ManufactureCountry />
      <ManufactureItemDescription />
      <UnitQty>יח`</UnitQty>
      <Quantity>84</Quantity>
      <UnitMeasure>גרם</UnitMeasure>
      <BisWeighted>0</BisWeighted>
      <QtyInPackage>1</QtyInPackage>
      <ItemPrice>13</ItemPrice>
      <UnitOfMeasurePrice>15.48</UnitOfMeasurePrice>
      <AllowDiscount>0</AllowDiscount>
      <itemStatus>1</itemStatus>
      <LastUpdateDate />
      <LastUpdateTime />
    </Product>
    <Product>
      <PriceUpdateDate>2013/12/31 12:18</PriceUpdateDate>
      <ItemCode>4009900484060</ItemCode>
      <ItemType>1</ItemType>
      <ItemName>מסטיק אורביט בקבוק 60 יח</ItemName>
      <ManufactureName>מרס ריגלי ישראל בעמ</ManufactureName>
      <ManufactureCountry />
      <ManufactureItemDescription />
      <UnitQty>יח`</UnitQty>
      <Quantity>84</Quantity>
      <UnitMeasure>גרם</UnitMeasure>
      <BisWeighted>0</BisWeighted>
      <QtyInPackage>1</QtyInPackage>
      <ItemPrice>13</ItemPrice>
      <UnitOfMeasurePrice>15.48</UnitOfMeasurePrice>
      <AllowDiscount>0</AllowDiscount>
      <itemStatus>1</itemStatus>
      <LastUpdateDate />
      <LastUpdateTime />
    </Product>
    <Product>
      <PriceUpdateDate>2013/12/31 12:18</PriceUpdateDate>
      <ItemCode>4009900484091</ItemCode>
      <ItemType>1</ItemType>
      <ItemName>מסטיק אורביט בקבוק 60 יח</ItemName>
      <ManufactureName>מרס ריגלי ישראל בעמ</ManufactureName>
      <ManufactureCountry />
      <ManufactureItemDescription />
      <UnitQty>יח`</UnitQty>
      <Quantity>84</Quantity>
      <UnitMeasure>גרם</UnitMeasure>
      <BisWeighted>0</BisWeighted>
      <QtyInPackage>1</QtyInPackage>
      <ItemPrice>13</ItemPrice>
      <UnitOfMeasurePrice>15.48</UnitOfMeasurePrice>
      <AllowDiscount>0</AllowDiscount>
      <itemStatus>1</itemStatus>
      <LastUpdateDate />
      <LastUpdateTime />
    </Product>
    <Product>
      <PriceUpdateDate>2013/12/31 12:18</PriceUpdateDate>
      <ItemCode>4009900484305</ItemCode>
      <ItemType>1</ItemType>
      <ItemName>מסטיק אורביט בקבוק 60 יח</ItemName>
      <ManufactureName>מרס ריגלי ישראל בעמ</ManufactureName>
      <ManufactureCountry />
      <ManufactureItemDescription />
      <UnitQty>יח`</UnitQty>
      <Quantity>84</Quantity>
      <UnitMeasure>גרם</UnitMeasure>
      <BisWeighted>0</BisWeighted>
      <QtyInPackage>1</QtyInPackage>
      <ItemPrice>13</ItemPrice>
      <UnitOfMeasurePrice>15.48</UnitOfMeasurePrice>
      <AllowDiscount>0</AllowDiscount>
      <itemStatus>1</itemStatus>
      <LastUpdateDate />
      <LastUpdateTime />
    </Product>
    <Product>
      <PriceUpdateDate>2019/04/10 09:19</PriceUpdateDate>
      <ItemCode>4009900484695</ItemCode>
      <ItemType>1</ItemType>
      <ItemName>שקית אורביט ספירמינט 42 יח `</ItemName>
      <ManufactureName>מרס ריגלי ישראל בעמ</ManufactureName>
      <ManufactureCountry />
      <ManufactureItemDescription />
      <UnitQty>יח`</UnitQty>
      <Quantity>100</Quantity>
      <UnitMeasure>גרם</UnitMeasure>
      <BisWeighted>0</BisWeighted>
      <QtyInPackage>1</QtyInPackage>
      <ItemPrice>7.90</ItemPrice>
      <UnitOfMeasurePrice>7.90</UnitOfMeasurePrice>
      <AllowDiscount>1</AllowDiscount>
      <itemStatus>1</itemStatus>
      <LastUpdateDate />
      <LastUpdateTime />
    </Product>
    <Product>
      <PriceUpdateDate>2019/04/17 12:21</PriceUpdateDate>
      <ItemCode>4009900484732</ItemCode>
      <ItemType>1</ItemType>
      <ItemName>שקית אורביט פפרמינט 42 יח `</ItemName>
      <ManufactureName>מרס ריגלי ישראל בעמ</ManufactureName>
      <ManufactureCountry />
      <ManufactureItemDescription />
      <UnitQty>יח`</UnitQty>
      <Quantity>100</Quantity>
      <UnitMeasure>גרם</UnitMeasure>
      <BisWeighted>0</BisWeighted>
      <QtyInPackage>1</QtyInPackage>
      <ItemPrice>7.90</ItemPrice>
      <UnitOfMeasurePrice>7.90</UnitOfMeasurePrice>
      <AllowDiscount>1</AllowDiscount>
      <itemStatus>1</itemStatus>
      <LastUpdateDate />
      <LastUpdateTime />
    </Product>
    <Product>
      <PriceUpdateDate>2013/11/13 07:47</PriceUpdateDate>
      <ItemCode>4009900487283</ItemCode>
      <ItemType>1</ItemType>
      <ItemName>מסטיק אורביט מארז חמישייה</ItemName>
      <ManufactureName>מרס ריגלי ישראל בעמ</ManufactureName>
      <ManufactureCountry />
      <ManufactureItemDescription />
      <UnitQty>יח`</UnitQty>
      <Quantity>1</Quantity>
      <UnitMeasure />
      <BisWeighted>0</BisWeighted>
      <QtyInPackage>1</QtyInPackage>
      <ItemPrice>9.90</ItemPrice>
      <UnitOfMeasurePrice>9.90</UnitOfMeasurePrice>
      <AllowDiscount>0</AllowDiscount>
      <itemStatus>1</itemStatus>
      <LastUpdateDate />
      <LastUpdateTime />
    </Product>
    <Product>
      <PriceUpdateDate>2017/07/06 08:30</PriceUpdateDate>
      <ItemCode>4009900496247</ItemCode>
      <ItemType>1</ItemType>
      <ItemName>מסטיק אורביט בטעם בבלמינט 60 יח בקבוק</ItemName>
      <ManufactureName>מרס ריגלי ישראל בעמ</ManufactureName>
      <ManufactureCountry />
      <ManufactureItemDescription />
      <UnitQty>יח`</UnitQty>
      <Quantity>84</Quantity>
      <UnitMeasure>גרם</UnitMeasure>
      <BisWeighted>0</BisWeighted>
      <QtyInPackage>1</QtyInPackage>
      <ItemPrice>13</ItemPrice>
      <UnitOfMeasurePrice>15.48</UnitOfMeasurePrice>
      <AllowDiscount>0</AllowDiscount>
      <itemStatus>1</itemStatus>
      <LastUpdateDate />
      <LastUpdateTime />
    </Product>
    <Product>
      <PriceUpdateDate>2018/12/26 20:36</PriceUpdateDate>
      <ItemCode>4009900504218</ItemCode>
      <ItemType>1</ItemType>
      <ItemName>מסטיק אורביט תפוז בקבוקון</ItemName>
      <ManufactureName>מרס ריגלי ישראל בעמ</ManufactureName>
      <ManufactureCountry />
      <ManufactureItemDescription />
      <UnitQty>יח`</UnitQty>
      <Quantity>1</Quantity>
      <UnitMeasure />
      <BisWeighted>0</BisWeighted>
      <QtyInPackage>1</QtyInPackage>
      <ItemPrice>10.90</ItemPrice>
      <UnitOfMeasurePrice>10.90</UnitOfMeasurePrice>
      <AllowDiscount>1</AllowDiscount>
      <itemStatus>1</itemStatus>
      <LastUpdateDate />
      <LastUpdateTime />
    </Product>
    <Product>
      <PriceUpdateDate>2016/06/09 09:04</PriceUpdateDate>
      <ItemCode>4009900506977</ItemCode>
      <ItemType>1</ItemType>
      <ItemName>סקיטלס HP פירות חמוצים 4 יח</ItemName>
      <ManufactureName>מרס ריגלי ישראל בעמ</ManufactureName>
      <ManufactureCountry />
      <ManufactureItemDescription />
      <UnitQty>יח`</UnitQty>
      <Quantity>180</Quantity>
      <UnitMeasure>גרם</UnitMeasure>
      <BisWeighted>0</BisWeighted>
      <QtyInPackage>1</QtyInPackage>
      <ItemPrice>10</ItemPrice>
      <UnitOfMeasurePrice>5.56</UnitOfMeasurePrice>
      <AllowDiscount>0</AllowDiscount>
      <itemStatus>1</itemStatus>
      <LastUpdateDate />
      <LastUpdateTime />
    </Product>
    <Product>
      <PriceUpdateDate>2016/05/16 11:02</PriceUpdateDate>
      <ItemCode>4009900509770</ItemCode>
      <ItemType>1</ItemType>
      <ItemName>אורביט באריזת בקבוק 60 יח בטעם תות</ItemName>
      <ManufactureName>מרס ריגלי ישראל בעמ</ManufactureName>
      <ManufactureCountry />
      <ManufactureItemDescription />
      <UnitQty>יח`</UnitQty>
      <Quantity>1</Quantity>
      <UnitMeasure />
      <BisWeighted>0</BisWeighted>
      <QtyInPackage>1</QtyInPackage>
      <ItemPrice>13</ItemPrice>
      <UnitOfMeasurePrice>13</UnitOfMeasurePrice>
      <AllowDiscount>0</AllowDiscount>
      <itemStatus>1</itemStatus>
      <LastUpdateDate />
      <LastUpdateTime />
    </Product>
    <Product>
      <PriceUpdateDate>2017/12/27 08:40</PriceUpdateDate>
      <ItemCode>4009900509992</ItemCode>
      <ItemType>1</ItemType>
      <ItemName>בקבוקון איירוויבז מנטה חזקה אקליפטוס.</ItemName>
      <ManufactureName>מרס ריגלי ישראל בעמ</ManufactureName>
      <ManufactureCountry />
      <ManufactureItemDescription />
      <UnitQty>יח`</UnitQty>
      <Quantity>1</Quantity>
      <UnitMeasure />
      <BisWeighted>0</BisWeighted>
      <QtyInPackage>1</QtyInPackage>
      <ItemPrice>10</ItemPrice>
      <UnitOfMeasurePrice>10</UnitOfMeasurePrice>
      <AllowDiscount>0</AllowDiscount>
      <itemStatus>1</itemStatus>
      <LastUpdateDate />
      <LastUpdateTime />
    </Product>
    <Product>
      <PriceUpdateDate>2019/01/13 11:32</PriceUpdateDate>
      <ItemCode>4009900512329</ItemCode>
      <ItemType>1</ItemType>
      <ItemName>מסטיק בטעם מנטה בוקס פייב ( 69 גרם)</ItemName>
      <ManufactureName>מרס ריגלי ישראל בעמ</ManufactureName>
      <ManufactureCountry />
      <ManufactureItemDescription />
      <UnitQty>יח`</UnitQty>
      <Quantity>69</Quantity>
      <UnitMeasure>גרם</UnitMeasure>
      <BisWeighted>0</BisWeighted>
      <QtyInPackage>1</QtyInPackage>
      <ItemPrice>10.90</ItemPrice>
      <UnitOfMeasurePrice>15.80</UnitOfMeasurePrice>
      <AllowDiscount>1</AllowDiscount>
      <itemStatus>1</itemStatus>
      <LastUpdateDate />
      <LastUpdateTime />
    </Product>
    <Product>
      <PriceUpdateDate>2019/01/13 11:32</PriceUpdateDate>
      <ItemCode>4009900512350</ItemCode>
      <ItemType>1</ItemType>
      <ItemName>מסטיק בטעם אבטיח בוקס פייב (69 גרם)</ItemName>
      <ManufactureName>מרס ריגלי ישראל בעמ</ManufactureName>
      <ManufactureCountry />
      <ManufactureItemDescription />
      <UnitQty>יח`</UnitQty>
      <Quantity>1</Quantity>
      <UnitMeasure />
      <BisWeighted>0</BisWeighted>
      <QtyInPackage>1</QtyInPackage>
      <ItemPrice>10.90</ItemPrice>
      <UnitOfMeasurePrice>10.90</UnitOfMeasurePrice>
      <AllowDiscount>1</AllowDiscount>
      <itemStatus>1</itemStatus>
      <LastUpdateDate />
      <LastUpdateTime />
    </Product>
    <Product>
      <PriceUpdateDate>2018/11/19 09:38</PriceUpdateDate>
      <ItemCode>4009900521611</ItemCode>
      <ItemType>1</ItemType>
      <ItemName>אורביט סוכריות מינטס מנטה בבקבוקון</ItemName>
      <ManufactureName>מרס ריגלי ישראל בעמ</ManufactureName>
      <ManufactureCountry />
      <ManufactureItemDescription />
      <UnitQty>יח`</UnitQty>
      <Quantity>0</Quantity>
      <UnitMeasure>גרם</UnitMeasure>
      <BisWeighted>0</BisWeighted>
      <QtyInPackage>1</QtyInPackage>
      <ItemPrice>10</ItemPrice>
      <UnitOfMeasurePrice>10</UnitOfMeasurePrice>
      <AllowDiscount>0</AllowDiscount>
      <itemStatus>1</itemStatus>
      <LastUpdateDate />
      <LastUpdateTime />
    </Product>
    <Product>
      <PriceUpdateDate>2019/01/13 11:32</PriceUpdateDate>
      <ItemCode>4009900523288</ItemCode>
      <ItemType>1</ItemType>
      <ItemName>מסטיק בטעם תות בוקס פייב (69 גרם)</ItemName>
      <ManufactureName>מרס ריגלי ישראל בעמ</ManufactureName>
      <ManufactureCountry />
      <ManufactureItemDescription />
      <UnitQty>יח`</UnitQty>
      <Quantity>1</Quantity>
      <UnitMeasure />
      <BisWeighted>0</BisWeighted>
      <QtyInPackage>1</QtyInPackage>
      <ItemPrice>10.90</ItemPrice>
      <UnitOfMeasurePrice>10.90</UnitOfMeasurePrice>
      <AllowDiscount>1</AllowDiscount>
      <itemStatus>1</itemStatus>
      <LastUpdateDate />
      <LastUpdateTime />
    </Product>
    <Product>
      <PriceUpdateDate>2019/12/22 11:04</PriceUpdateDate>
      <ItemCode>4009900525138</ItemCode>
      <ItemType>1</ItemType>
      <ItemName>מסטיק אורביט וויט תות 64 גר`</ItemName>
      <ManufactureName>מרס ריגלי ישראל בעמ</ManufactureName>
      <ManufactureCountry />
      <ManufactureItemDescription />
      <UnitQty>יח`</UnitQty>
      <Quantity>1</Quantity>
      <UnitMeasure />
      <BisWeighted>0</BisWeighted>
      <QtyInPackage>1</QtyInPackage>
      <ItemPrice>10.90</ItemPrice>
      <UnitOfMeasurePrice>10.90</UnitOfMeasurePrice>
      <AllowDiscount>1</AllowDiscount>
      <itemStatus>1</itemStatus>
      <LastUpdateDate />
      <LastUpdateTime />
    </Product>
    <Product>
      <PriceUpdateDate>2019/01/20 12:03</PriceUpdateDate>
      <ItemCode>4009900531122</ItemCode>
      <ItemType>1</ItemType>
      <ItemName>מסטיק אורביט בקבוקון פרופשיונל ספירמינט</ItemName>
      <ManufactureName>מרס ריגלי ישראל בעמ</ManufactureName>
      <ManufactureCountry />
      <ManufactureItemDescription />
      <UnitQty>יח`</UnitQty>
      <Quantity>1</Quantity>
      <UnitMeasure />
      <BisWeighted>0</BisWeighted>
      <QtyInPackage>1</QtyInPackage>
      <ItemPrice>10.90</ItemPrice>
      <UnitOfMeasurePrice>10.90</UnitOfMeasurePrice>
      <AllowDiscount>1</AllowDiscount>
      <itemStatus>1</itemStatus>
      <LastUpdateDate />
      <LastUpdateTime />
    </Product>
    <Product>
      <PriceUpdateDate>2016/11/20 08:37</PriceUpdateDate>
      <ItemCode>4011100001220</ItemCode>
      <ItemType>1</ItemType>
      <ItemName>מרס חטיף שוקולד עם קרמל מארז 403 גרם</ItemName>
      <ManufactureName>מרס ריגלי ישראל בעמ</ManufactureName>
      <ManufactureCountry />
      <ManufactureItemDescription />
      <UnitQty>יח`</UnitQty>
      <Quantity>400</Quantity>
      <UnitMeasure>גרם</UnitMeasure>
      <BisWeighted>0</BisWeighted>
      <QtyInPackage>1</QtyInPackage>
      <ItemPrice>19.90</ItemPrice>
      <UnitOfMeasurePrice>4.98</UnitOfMeasurePrice>
      <AllowDiscount>0</AllowDiscount>
      <itemStatus>1</itemStatus>
      <LastUpdateDate />
      <LastUpdateTime />
    </Product>
    <Product>
      <PriceUpdateDate>2016/11/20 08:37</PriceUpdateDate>
      <ItemCode>4011100002227</ItemCode>
      <ItemType>1</ItemType>
      <ItemName>באונטי חטיף שוקולד קוקוס מארז 403 גרם</ItemName>
      <ManufactureName>מרס ריגלי ישראל בעמ</ManufactureName>
      <ManufactureCountry />
      <ManufactureItemDescription />
      <UnitQty>יח`</UnitQty>
      <Quantity>403</Quantity>
      <UnitMeasure>גרם</UnitMeasure>
      <BisWeighted>0</BisWeighted>
      <QtyInPackage>1</QtyInPackage>
      <ItemPrice>19.90</ItemPrice>
      <UnitOfMeasurePrice>4.94</UnitOfMeasurePrice>
      <AllowDiscount>0</AllowDiscount>
      <itemStatus>1</itemStatus>
      <LastUpdateDate />
      <LastUpdateTime />
    </Product>
    <Product>
      <PriceUpdateDate>2015/05/27 15:30</PriceUpdateDate>
      <ItemCode>4011800567613</ItemCode>
      <ItemType>1</ItemType>
      <ItemName>חטיף קורני שחור לבן רביעייה</ItemName>
      <ManufactureName>דנשר (1963) בעמ</ManufactureName>
      <ManufactureCountry />
      <ManufactureItemDescription />
      <UnitQty>יח`</UnitQty>
      <Quantity>120</Quantity>
      <UnitMeasure>גרם</UnitMeasure>
      <BisWeighted>0</BisWeighted>
      <QtyInPackage>1</QtyInPackage>
      <ItemPrice>15.90</ItemPrice>
      <UnitOfMeasurePrice>13.25</UnitOfMeasurePrice>
      <AllowDiscount>1</AllowDiscount>
      <itemStatus>1</itemStatus>
      <LastUpdateDate />
      <LastUpdateTime />
    </Product>
    <Product>
      <PriceUpdateDate>2018/02/14 16:02</PriceUpdateDate>
      <ItemCode>4011800568610</ItemCode>
      <ItemType>1</ItemType>
      <ItemName>חטיף קורני שישייה סנדוויץ`</ItemName>
      <ManufactureName>דנשר (1963) בעמ</ManufactureName>
      <ManufactureCountry />
      <ManufactureItemDescription />
      <UnitQty>יח`</UnitQty>
      <Quantity>120</Quantity>
      <UnitMeasure>גרם</UnitMeasure>
      <BisWeighted>0</BisWeighted>
      <QtyInPackage>1</QtyInPackage>
      <ItemPrice>11.90</ItemPrice>
      <UnitOfMeasurePrice>9.92</UnitOfMeasurePrice>
      <AllowDiscount>1</AllowDiscount>
      <itemStatus>1</itemStatus>
      <LastUpdateDate />
      <LastUpdateTime />
    </Product>
    <Product>
      <PriceUpdateDate>2018/02/14 16:02</PriceUpdateDate>
      <ItemCode>4011800628512</ItemCode>
      <ItemType>1</ItemType>
      <ItemName>חטיף קורני שישייה שוקולדה</ItemName>
      <ManufactureName>דנשר (1963) בעמ</ManufactureName>
      <ManufactureCountry />
      <ManufactureItemDescription />
      <UnitQty>יח`</UnitQty>
      <Quantity>150</Quantity>
      <UnitMeasure>גרם</UnitMeasure>
      <BisWeighted>0</BisWeighted>
      <QtyInPackage>1</QtyInPackage>
      <ItemPrice>11.90</ItemPrice>
      <UnitOfMeasurePrice>7.93</UnitOfMeasurePrice>
      <AllowDiscount>1</AllowDiscount>
      <itemStatus>1</itemStatus>
      <LastUpdateDate />
      <LastUpdateTime />
    </Product>
    <Product>
      <PriceUpdateDate>2018/02/14 16:02</PriceUpdateDate>
      <ItemCode>4011800629519</ItemCode>
      <ItemType>1</ItemType>
      <ItemName>חטיף קורני שישייה אוגזים</ItemName>
      <ManufactureName>דנשר (1963) בעמ</ManufactureName>
      <ManufactureCountry />
      <ManufactureItemDescription />
      <UnitQty>יח`</UnitQty>
      <Quantity>150</Quantity>
      <UnitMeasure>גרם</UnitMeasure>
      <BisWeighted>0</BisWeighted>
      <QtyInPackage>1</QtyInPackage>
      <ItemPrice>11.90</ItemPrice>
      <UnitOfMeasurePrice>7.93</UnitOfMeasurePrice>
      <AllowDiscount>1</AllowDiscount>
      <itemStatus>1</itemStatus>
      <LastUpdateDate />
      <LastUpdateTime />
    </Product>
    <Product>
      <PriceUpdateDate>2018/02/14 16:02</PriceUpdateDate>
      <ItemCode>4011800630515</ItemCode>
      <ItemType>1</ItemType>
      <ItemName>חטיף קורני שישייה שוקולד חלבי ובננה</ItemName>
      <ManufactureName>דנשר (1963) בעמ</ManufactureName>
      <ManufactureCountry />
      <ManufactureItemDescription />
      <UnitQty>יח`</UnitQty>
      <Quantity>150</Quantity>
      <UnitMeasure>גרם</UnitMeasure>
      <BisWeighted>0</BisWeighted>
      <QtyInPackage>1</QtyInPackage>
      <ItemPrice>11.90</ItemPrice>
      <UnitOfMeasurePrice>7.93</UnitOfMeasurePrice>
      <AllowDiscount>1</AllowDiscount>
      <itemStatus>1</itemStatus>
      <LastUpdateDate />
      <LastUpdateTime />
    </Product>
    <Product>
      <PriceUpdateDate>2018/02/14 16:02</PriceUpdateDate>
      <ItemCode>4011800633516</ItemCode>
      <ItemType>1</ItemType>
      <ItemName>חטיף קורני שישייה שוקולד מריר</ItemName>
      <ManufactureName>דנשר (1963) בעמ</ManufactureName>
      <ManufactureCountry />
      <ManufactureItemDescription />
      <UnitQty>יח`</UnitQty>
      <Quantity>150</Quantity>
      <UnitMeasure>גרם</UnitMeasure>
      <BisWeighted>0</BisWeighted>
      <QtyInPackage>1</QtyInPackage>
      <ItemPrice>11.90</ItemPrice>
      <UnitOfMeasurePrice>7.93</UnitOfMeasurePrice>
      <AllowDiscount>1</AllowDiscount>
      <itemStatus>1</itemStatus>
      <LastUpdateDate />
      <LastUpdateTime />
    </Product>
    <Product>
      <PriceUpdateDate>2020/01/02 17:20</PriceUpdateDate>
      <ItemCode>4013227013391</ItemCode>
      <ItemType>1</ItemType>
      <ItemName>אייריש קרים הכרם (700 מל)</ItemName>
      <ManufactureName>הכרם - משקאות חריפים בעמ</ManufactureName>
      <ManufactureCountry />
      <ManufactureItemDescription />
      <UnitQty>יח`</UnitQty>
      <Quantity>700</Quantity>
      <UnitMeasure>מ"ל</UnitMeasure>
      <BisWeighted>0</BisWeighted>
      <QtyInPackage>1</QtyInPackage>
      <ItemPrice>39.90</ItemPrice>
      <UnitOfMeasurePrice>5.66</UnitOfMeasurePrice>
      <AllowDiscount>0</AllowDiscount>
      <itemStatus>1</itemStatus>
      <LastUpdateDate />
      <LastUpdateTime />
    </Product>
    <Product>
      <PriceUpdateDate>2015/04/12 17:40</PriceUpdateDate>
      <ItemCode>4014400900217</ItemCode>
      <ItemType>1</ItemType>
      <ItemName>מרסי 400 גר`</ItemName>
      <ManufactureName>ליימן שליסל בעמ</ManufactureName>
      <ManufactureCountry />
      <ManufactureItemDescription />
      <UnitQty>יח`</UnitQty>
      <Quantity>400</Quantity>
      <UnitMeasure>גרם</UnitMeasure>
      <BisWeighted>0</BisWeighted>
      <QtyInPackage>1</QtyInPackage>
      <ItemPrice>50.90</ItemPrice>
      <UnitOfMeasurePrice>12.73</UnitOfMeasurePrice>
      <AllowDiscount>0</AllowDiscount>
      <itemStatus>1</itemStatus>
      <LastUpdateDate />
      <LastUpdateTime />
    </Product>
    <Product>
      <PriceUpdateDate>2015/04/06 12:36</PriceUpdateDate>
      <ItemCode>4014400901191</ItemCode>
      <ItemType>1</ItemType>
      <ItemName>מרסי 250 גר`</ItemName>
      <ManufactureName>ליימן שליסל בעמ</ManufactureName>
      <ManufactureCountry />
      <ManufactureItemDescription />
      <UnitQty>יח`</UnitQty>
      <Quantity>250</Quantity>
      <UnitMeasure>גרם</UnitMeasure>
      <BisWeighted>0</BisWeighted>
      <QtyInPackage>1</QtyInPackage>
      <ItemPrice>27.90</ItemPrice>
      <UnitOfMeasurePrice>11.16</UnitOfMeasurePrice>
      <AllowDiscount>0</AllowDiscount>
      <itemStatus>1</itemStatus>
      <LastUpdateDate />
      <LastUpdateTime />
    </Product>
    <Product>
      <PriceUpdateDate>2015/04/06 12:36</PriceUpdateDate>
      <ItemCode>4014400901405</ItemCode>
      <ItemType>1</ItemType>
      <ItemName>בונבוניירה שוקולד חלב מרסי (250 גרם)</ItemName>
      <ManufactureName>ליימן שליסל בעמ</ManufactureName>
      <ManufactureCountry />
      <ManufactureItemDescription />
      <UnitQty>יח`</UnitQty>
      <Quantity>250</Quantity>
      <UnitMeasure>גרם</UnitMeasure>
      <BisWeighted>0</BisWeighted>
      <QtyInPackage>1</QtyInPackage>
      <ItemPrice>27.90</ItemPrice>
      <UnitOfMeasurePrice>11.16</UnitOfMeasurePrice>
      <AllowDiscount>0</AllowDiscount>
      <itemStatus>1</itemStatus>
      <LastUpdateDate />
      <LastUpdateTime />
    </Product>
    <Product>
      <PriceUpdateDate>2019/11/17 08:35</PriceUpdateDate>
      <ItemCode>4014400904307</ItemCode>
      <ItemType>1</ItemType>
      <ItemName>סוכריות שטורק קליפורניה 425 גר`</ItemName>
      <ManufactureName>ליימן שליסל בעמ</ManufactureName>
      <ManufactureCountry />
      <ManufactureItemDescription />
      <UnitQty>יח`</UnitQty>
      <Quantity>425</Quantity>
      <UnitMeasure>גרם</UnitMeasure>
      <BisWeighted>0</BisWeighted>
      <QtyInPackage>1</QtyInPackage>
      <ItemPrice>14.90</ItemPrice>
      <UnitOfMeasurePrice>3.51</UnitOfMeasurePrice>
      <AllowDiscount>0</AllowDiscount>
      <itemStatus>1</itemStatus>
      <LastUpdateDate />
      <LastUpdateTime />
    </Product>
    <Product>
      <PriceUpdateDate>2019/11/17 08:33</PriceUpdateDate>
      <ItemCode>4014400904376</ItemCode>
      <ItemType>1</ItemType>
      <ItemName>סוכריות שטורק שוקולדן 325 גר`</ItemName>
      <ManufactureName>ליימן שליסל בעמ</ManufactureName>
      <ManufactureCountry />
      <ManufactureItemDescription />
      <UnitQty>יח`</UnitQty>
      <Quantity>325</Quantity>
      <UnitMeasure>גרם</UnitMeasure>
      <BisWeighted>0</BisWeighted>
      <QtyInPackage>1</QtyInPackage>
      <ItemPrice>14.90</ItemPrice>
      <UnitOfMeasurePrice>4.58</UnitOfMeasurePrice>
      <AllowDiscount>0</AllowDiscount>
      <itemStatus>1</itemStatus>
      <LastUpdateDate />
      <LastUpdateTime />
    </Product>
    <Product>
      <PriceUpdateDate>2018/02/06 10:09</PriceUpdateDate>
      <ItemCode>4014400907902</ItemCode>
      <ItemType>1</ItemType>
      <ItemName>וורטר ללא סוכר בקופסא 42 גרם</ItemName>
      <ManufactureName>ליימן שליסל בעמ</ManufactureName>
      <ManufactureCountry />
      <ManufactureItemDescription />
      <UnitQty>יח`</UnitQty>
      <Quantity>42</Quantity>
      <UnitMeasure>גרם</UnitMeasure>
      <BisWeighted>0</BisWeighted>
      <QtyInPackage>1</QtyInPackage>
      <ItemPrice>7.90</ItemPrice>
      <UnitOfMeasurePrice>18.81</UnitOfMeasurePrice>
      <AllowDiscount>0</AllowDiscount>
      <itemStatus>1</itemStatus>
      <LastUpdateDate />
      <LastUpdateTime />
    </Product>
    <Product>
      <PriceUpdateDate>2019/06/30 12:22</PriceUpdateDate>
      <ItemCode>4014400914696</ItemCode>
      <ItemType>1</ItemType>
      <ItemName>וורטר שקית חמאה ללא סוכר 80 גר`</ItemName>
      <ManufactureName>ליימן שליסל בעמ</ManufactureName>
      <ManufactureCountry />
      <ManufactureItemDescription />
      <UnitQty>יח`</UnitQty>
      <Quantity>80</Quantity>
      <UnitMeasure>גרם</UnitMeasure>
      <BisWeighted>0</BisWeighted>
      <QtyInPackage>1</QtyInPackage>
      <ItemPrice>8.90</ItemPrice>
      <UnitOfMeasurePrice>11.13</UnitOfMeasurePrice>
      <AllowDiscount>0</AllowDiscount>
      <itemStatus>1</itemStatus>
      <LastUpdateDate />
      <LastUpdateTime />
    </Product>
    <Product>
      <PriceUpdateDate>2019/06/30 12:22</PriceUpdateDate>
      <ItemCode>4014400920857</ItemCode>
      <ItemType>1</ItemType>
      <ItemName>וורטר ללא סוכר בטעם שוקולד 70גר`</ItemName>
      <ManufactureName>ליימן שליסל בעמ</ManufactureName>
      <ManufactureCountry />
      <ManufactureItemDescription />
      <UnitQty>יח`</UnitQty>
      <Quantity>70</Quantity>
      <UnitMeasure>גרם</UnitMeasure>
      <BisWeighted>0</BisWeighted>
      <QtyInPackage>1</QtyInPackage>
      <ItemPrice>8.90</ItemPrice>
      <UnitOfMeasurePrice>12.71</UnitOfMeasurePrice>
      <AllowDiscount>0</AllowDiscount>
      <itemStatus>1</itemStatus>
      <LastUpdateDate />
      <LastUpdateTime />
    </Product>
    <Product>
      <PriceUpdateDate>2017/02/20 08:34</PriceUpdateDate>
      <ItemCode>4014400923711</ItemCode>
      <ItemType>1</ItemType>
      <ItemName>חטיפי שוקולד טופיפי (125 גרם)</ItemName>
      <ManufactureName>ליימן שליסל בעמ</ManufactureName>
      <ManufactureCountry />
      <ManufactureItemDescription />
      <UnitQty>יח`</UnitQty>
      <Quantity>125</Quantity>
      <UnitMeasure>גרם</UnitMeasure>
      <BisWeighted>0</BisWeighted>
      <QtyInPackage>1</QtyInPackage>
      <ItemPrice>12.90</ItemPrice>
      <UnitOfMeasurePrice>10.32</UnitOfMeasurePrice>
      <AllowDiscount>0</AllowDiscount>
      <itemStatus>1</itemStatus>
      <LastUpdateDate />
      <LastUpdateTime />
    </Product>
    <Product>
      <PriceUpdateDate>2016/10/23 08:46</PriceUpdateDate>
      <ItemCode>4015400564034</ItemCode>
      <ItemType>1</ItemType>
      <ItemName>מגן תחתון אולווייז מגה פק לונג פלוס 58 י</ItemName>
      <ManufactureName>דיפלומט מפיצים (1968) בעמ</ManufactureName>
      <ManufactureCountry />
      <ManufactureItemDescription />
      <UnitQty>יח`</UnitQty>
      <Quantity>1</Quantity>
      <UnitMeasure />
      <BisWeighted>0</BisWeighted>
      <QtyInPackage>1</QtyInPackage>
      <ItemPrice>26.90</ItemPrice>
      <UnitOfMeasurePrice>26.90</UnitOfMeasurePrice>
      <AllowDiscount>1</AllowDiscount>
      <itemStatus>1</itemStatus>
      <LastUpdateDate />
      <LastUpdateTime />
    </Product>
    <Product>
      <PriceUpdateDate>2015/08/23 10:21</PriceUpdateDate>
      <ItemCode>4015400598329</ItemCode>
      <ItemType>1</ItemType>
      <ItemName>אולוויז קוואטרו נורמל פלוס 56 יח`</ItemName>
      <ManufactureName>דיפלומט מפיצים (1968) בעמ</ManufactureName>
      <ManufactureCountry />
      <ManufactureItemDescription />
      <UnitQty>יח`</UnitQty>
      <Quantity>1</Quantity>
      <UnitMeasure />
      <BisWeighted>0</BisWeighted>
      <QtyInPackage>1</QtyInPackage>
      <ItemPrice>39.90</ItemPrice>
      <UnitOfMeasurePrice>39.90</UnitOfMeasurePrice>
      <AllowDiscount>0</AllowDiscount>
      <itemStatus>1</itemStatus>
      <LastUpdateDate />
      <LastUpdateTime />
    </Product>
    <Product>
      <PriceUpdateDate>2015/08/23 10:21</PriceUpdateDate>
      <ItemCode>4015400598381</ItemCode>
      <ItemType>1</ItemType>
      <ItemName>אולוויז קוואטרו לונג פלוס 48 יח`</ItemName>
      <ManufactureName>דיפלומט מפיצים (1968) בעמ</ManufactureName>
      <ManufactureCountry />
      <ManufactureItemDescription />
      <UnitQty>יח`</UnitQty>
      <Quantity>1</Quantity>
      <UnitMeasure />
      <BisWeighted>0</BisWeighted>
      <QtyInPackage>1</QtyInPackage>
      <ItemPrice>39.90</ItemPrice>
      <UnitOfMeasurePrice>39.90</UnitOfMeasurePrice>
      <AllowDiscount>0</AllowDiscount>
      <itemStatus>1</itemStatus>
      <LastUpdateDate />
      <LastUpdateTime />
    </Product>
    <Product>
      <PriceUpdateDate>2015/08/12 16:26</PriceUpdateDate>
      <ItemCode>4015400681670</ItemCode>
      <ItemType>1</ItemType>
      <ItemName>תחבושות לילה בטוח אולווייז (18)</ItemName>
      <ManufactureName>דיפלומט מפיצים (1968) בעמ</ManufactureName>
      <ManufactureCountry />
      <ManufactureItemDescription />
      <UnitQty>יח`</UnitQty>
      <Quantity>1</Quantity>
      <UnitMeasure />
      <BisWeighted>0</BisWeighted>
      <QtyInPackage>1</QtyInPackage>
      <ItemPrice>19.90</ItemPrice>
      <UnitOfMeasurePrice>19.90</UnitOfMeasurePrice>
      <AllowDiscount>1</AllowDiscount>
      <itemStatus>1</itemStatus>
      <LastUpdateDate />
      <LastUpdateTime />
    </Product>
    <Product>
      <PriceUpdateDate>2017/06/08 09:30</PriceUpdateDate>
      <ItemCode>4015400690313</ItemCode>
      <ItemType>1</ItemType>
      <ItemName>טמפקס קומפאק פרל רגולר 18 יח</ItemName>
      <ManufactureName>דיפלומט מפיצים (1968) בעמ</ManufactureName>
      <ManufactureCountry />
      <ManufactureItemDescription />
      <UnitQty>יח`</UnitQty>
      <Quantity>1</Quantity>
      <UnitMeasure />
      <BisWeighted>0</BisWeighted>
      <QtyInPackage>1</QtyInPackage>
      <ItemPrice>21.90</ItemPrice>
      <UnitOfMeasurePrice>21.90</UnitOfMeasurePrice>
      <AllowDiscount>1</AllowDiscount>
      <itemStatus>1</itemStatus>
      <LastUpdateDate />
      <LastUpdateTime />
    </Product>
    <Product>
      <PriceUpdateDate>2016/08/08 08:26</PriceUpdateDate>
      <ItemCode>4015400731719</ItemCode>
      <ItemType>1</ItemType>
      <ItemName>תחבושות לילה וליו פק אולווייז (20)</ItemName>
      <ManufactureName>דיפלומט מפיצים (1968) בעמ</ManufactureName>
      <ManufactureCountry />
      <ManufactureItemDescription />
      <UnitQty>יח`</UnitQty>
      <Quantity>1</Quantity>
      <UnitMeasure />
      <BisWeighted>0</BisWeighted>
      <QtyInPackage>1</QtyInPackage>
      <ItemPrice>19.90</ItemPrice>
      <UnitOfMeasurePrice>19.90</UnitOfMeasurePrice>
      <AllowDiscount>1</AllowDiscount>
      <itemStatus>1</itemStatus>
      <LastUpdateDate />
      <LastUpdateTime />
    </Product>
    <Product>
      <PriceUpdateDate>2016/08/08 08:26</PriceUpdateDate>
      <ItemCode>4015400755487</ItemCode>
      <ItemType>1</ItemType>
      <ItemName>תחבושות אולטרה לונג פלוס אולווייז (24)</ItemName>
      <ManufactureName>דיפלומט מפיצים (1968) בעמ</ManufactureName>
      <ManufactureCountry />
      <ManufactureItemDescription />
      <UnitQty>יח`</UnitQty>
      <Quantity>1</Quantity>
      <UnitMeasure />
      <BisWeighted>0</BisWeighted>
      <QtyInPackage>1</QtyInPackage>
      <ItemPrice>19.90</ItemPrice>
      <UnitOfMeasurePrice>19.90</UnitOfMeasurePrice>
      <AllowDiscount>1</AllowDiscount>
      <itemStatus>1</itemStatus>
      <LastUpdateDate />
      <LastUpdateTime />
    </Product>
    <Product>
      <PriceUpdateDate>2015/01/20 08:47</PriceUpdateDate>
      <ItemCode>4015400824749</ItemCode>
      <ItemType>1</ItemType>
      <ItemName>טמפונים סופר פלוס עם מוליך טמפקס) (30</ItemName>
      <ManufactureName>דיפלומט מפיצים (1968) בעמ</ManufactureName>
      <ManufactureCountry />
      <ManufactureItemDescription />
      <UnitQty>יח`</UnitQty>
      <Quantity>1</Quantity>
      <UnitMeasure />
      <BisWeighted>0</BisWeighted>
      <QtyInPackage>1</QtyInPackage>
      <ItemPrice>34.90</ItemPrice>
      <UnitOfMeasurePrice>34.90</UnitOfMeasurePrice>
      <AllowDiscount>0</AllowDiscount>
      <itemStatus>1</itemStatus>
      <LastUpdateDate />
      <LastUpdateTime />
    </Product>
    <Product>
      <PriceUpdateDate>2020/03/11 13:52</PriceUpdateDate>
      <ItemCode>4015400990543</ItemCode>
      <ItemType>1</ItemType>
      <ItemName>אבקת כביסה אריאל קולור 8 קג</ItemName>
      <ManufactureName>דיפלומט מפיצים (1968) בעמ</ManufactureName>
      <ManufactureCountry />
      <ManufactureItemDescription />
      <UnitQty>יח`</UnitQty>
      <Quantity>8</Quantity>
      <UnitMeasure>ק"ג</UnitMeasure>
      <BisWeighted>0</BisWeighted>
      <QtyInPackage>1</QtyInPackage>
      <ItemPrice>54.90</ItemPrice>
      <UnitOfMeasurePrice>6.86</UnitOfMeasurePrice>
      <AllowDiscount>0</AllowDiscount>
      <itemStatus>1</itemStatus>
      <LastUpdateDate />
      <LastUpdateTime />
    </Product>
    <Product>
      <PriceUpdateDate>2020/02/16 07:15</PriceUpdateDate>
      <ItemCode>4015600762742</ItemCode>
      <ItemType>1</ItemType>
      <ItemName>הד אנד שולדרס שמפו 500 מל כחול</ItemName>
      <ManufactureName>דיפלומט מפיצים (1968) בעמ</ManufactureName>
      <ManufactureCountry />
      <ManufactureItemDescription />
      <UnitQty>יח`</UnitQty>
      <Quantity>500</Quantity>
      <UnitMeasure>מ"ל</UnitMeasure>
      <BisWeighted>0</BisWeighted>
      <QtyInPackage>1</QtyInPackage>
      <ItemPrice>20.90</ItemPrice>
      <UnitOfMeasurePrice>4.18</UnitOfMeasurePrice>
      <AllowDiscount>1</AllowDiscount>
      <itemStatus>1</itemStatus>
      <LastUpdateDate />
      <LastUpdateTime />
    </Product>
    <Product>
      <PriceUpdateDate>2020/02/16 07:15</PriceUpdateDate>
      <ItemCode>4015600762780</ItemCode>
      <ItemType>1</ItemType>
      <ItemName>הד אנד שולדרס שמפו 500 מל</ItemName>
      <ManufactureName>דיפלומט מפיצים (1968) בעמ</ManufactureName>
      <ManufactureCountry />
      <ManufactureItemDescription />
      <UnitQty>יח`</UnitQty>
      <Quantity>500</Quantity>
      <UnitMeasure>מ"ל</UnitMeasure>
      <BisWeighted>0</BisWeighted>
      <QtyInPackage>1</QtyInPackage>
      <ItemPrice>20.90</ItemPrice>
      <UnitOfMeasurePrice>4.18</UnitOfMeasurePrice>
      <AllowDiscount>1</AllowDiscount>
      <itemStatus>1</itemStatus>
      <LastUpdateDate />
      <LastUpdateTime />
    </Product>
    <Product>
      <PriceUpdateDate>2020/02/16 07:15</PriceUpdateDate>
      <ItemCode>4015600762902</ItemCode>
      <ItemType>1</ItemType>
      <ItemName>הד אנד שולדרס שמפו 500 מל נענע</ItemName>
      <ManufactureName>דיפלומט מפיצים (1968) בעמ</ManufactureName>
      <ManufactureCountry />
      <ManufactureItemDescription />
      <UnitQty>יח`</UnitQty>
      <Quantity>500</Quantity>
      <UnitMeasure>מ"ל</UnitMeasure>
      <BisWeighted>0</BisWeighted>
      <QtyInPackage>1</QtyInPackage>
      <ItemPrice>20.90</ItemPrice>
      <UnitOfMeasurePrice>4.18</UnitOfMeasurePrice>
      <AllowDiscount>1</AllowDiscount>
      <itemStatus>1</itemStatus>
      <LastUpdateDate />
      <LastUpdateTime />
    </Product>
    <Product>
      <PriceUpdateDate>2020/02/16 07:15</PriceUpdateDate>
      <ItemCode>4015600763022</ItemCode>
      <ItemType>1</ItemType>
      <ItemName>הד אנד שולדרס שמפו 500 מל ורוד</ItemName>
      <ManufactureName>דיפלומט מפיצים (1968) בעמ</ManufactureName>
      <ManufactureCountry />
      <ManufactureItemDescription />
      <UnitQty>יח`</UnitQty>
      <Quantity>500</Quantity>
      <UnitMeasure>מ"ל</UnitMeasure>
      <BisWeighted>0</BisWeighted>
      <QtyInPackage>1</QtyInPackage>
      <ItemPrice>20.90</ItemPrice>
      <UnitOfMeasurePrice>4.18</UnitOfMeasurePrice>
      <AllowDiscount>1</AllowDiscount>
      <itemStatus>1</itemStatus>
      <LastUpdateDate />
      <LastUpdateTime />
    </Product>
    <Product>
      <PriceUpdateDate>2019/03/10 13:34</PriceUpdateDate>
      <ItemCode>4015600807436</ItemCode>
      <ItemType>1</ItemType>
      <ItemName>דאודורנט פאוור בידס 75 מל לגבר</ItemName>
      <ManufactureName>דיפלומט מפיצים (1968) בעמ</ManufactureName>
      <ManufactureCountry />
      <ManufactureItemDescription />
      <UnitQty>יח`</UnitQty>
      <Quantity>75</Quantity>
      <UnitMeasure>מ"ל</UnitMeasure>
      <BisWeighted>0</BisWeighted>
      <QtyInPackage>1</QtyInPackage>
      <ItemPrice>26.90</ItemPrice>
      <UnitOfMeasurePrice>35.87</UnitOfMeasurePrice>
      <AllowDiscount>0</AllowDiscount>
      <itemStatus>1</itemStatus>
      <LastUpdateDate />
      <LastUpdateTime />
    </Product>
    <Product>
      <PriceUpdateDate>2019/03/10 13:34</PriceUpdateDate>
      <ItemCode>4015600807573</ItemCode>
      <ItemType>1</ItemType>
      <ItemName>דאודורנט פאוור בידס 75 מל לגבר</ItemName>
      <ManufactureName>דיפלומט מפיצים (1968) בעמ</ManufactureName>
      <ManufactureCountry />
      <ManufactureItemDescription />
      <UnitQty>יח`</UnitQty>
      <Quantity>75</Quantity>
      <UnitMeasure>מ"ל</UnitMeasure>
      <BisWeighted>0</BisWeighted>
      <QtyInPackage>1</QtyInPackage>
      <ItemPrice>26.90</ItemPrice>
      <UnitOfMeasurePrice>35.87</UnitOfMeasurePrice>
      <AllowDiscount>0</AllowDiscount>
      <itemStatus>1</itemStatus>
      <LastUpdateDate />
      <LastUpdateTime />
    </Product>
    <Product>
      <PriceUpdateDate>2015/12/02 13:38</PriceUpdateDate>
      <ItemCode>4017100198151</ItemCode>
      <ItemType>1</ItemType>
      <ItemName>היט עוגיות וניל באלזן (220 גרם)</ItemName>
      <ManufactureName>ליימן שליסל בעמ</ManufactureName>
      <ManufactureCountry />
      <ManufactureItemDescription />
      <UnitQty>יח`</UnitQty>
      <Quantity>220</Quantity>
      <UnitMeasure>גרם</UnitMeasure>
      <BisWeighted>0</BisWeighted>
      <QtyInPackage>1</QtyInPackage>
      <ItemPrice>9.90</ItemPrice>
      <UnitOfMeasurePrice>4.50</UnitOfMeasurePrice>
      <AllowDiscount>1</AllowDiscount>
      <itemStatus>1</itemStatus>
      <LastUpdateDate />
      <LastUpdateTime />
    </Product>
    <Product>
      <PriceUpdateDate>2015/07/07 08:42</PriceUpdateDate>
      <ItemCode>4017100210105</ItemCode>
      <ItemType>1</ItemType>
      <ItemName>וופלטן מריר 100 גר בלזן</ItemName>
      <ManufactureName>ליימן שליסל בעמ</ManufactureName>
      <ManufactureCountry />
      <ManufactureItemDescription />
      <UnitQty>יח`</UnitQty>
      <Quantity>100</Quantity>
      <UnitMeasure>גרם</UnitMeasure>
      <BisWeighted>0</BisWeighted>
      <QtyInPackage>1</QtyInPackage>
      <ItemPrice>12.90</ItemPrice>
      <UnitOfMeasurePrice>12.90</UnitOfMeasurePrice>
      <AllowDiscount>0</AllowDiscount>
      <itemStatus>1</itemStatus>
      <LastUpdateDate />
      <LastUpdateTime />
    </Product>
    <Product>
      <PriceUpdateDate>2016/10/06 08:31</PriceUpdateDate>
      <ItemCode>4017100216800</ItemCode>
      <ItemType>1</ItemType>
      <ItemName>וופל מיניס שוקולד 100 גרם בלזן</ItemName>
      <ManufactureName>ליימן שליסל בעמ</ManufactureName>
      <ManufactureCountry />
      <ManufactureItemDescription />
      <UnitQty>יח`</UnitQty>
      <Quantity>100</Quantity>
      <UnitMeasure>גרם</UnitMeasure>
      <BisWeighted>0</BisWeighted>
      <QtyInPackage>1</QtyInPackage>
      <ItemPrice>9.90</ItemPrice>
      <UnitOfMeasurePrice>9.90</UnitOfMeasurePrice>
      <AllowDiscount>0</AllowDiscount>
      <itemStatus>1</itemStatus>
      <LastUpdateDate />
      <LastUpdateTime />
    </Product>
    <Product>
      <PriceUpdateDate>2014/11/26 15:08</PriceUpdateDate>
      <ItemCode>4017100290008</ItemCode>
      <ItemType>1</ItemType>
      <ItemName>ביסקוויט שוקולד חלב באלזן (125 גרם)</ItemName>
      <ManufactureName>ליימן שליסל בעמ</ManufactureName>
      <ManufactureCountry />
      <ManufactureItemDescription />
      <UnitQty>יח`</UnitQty>
      <Quantity>125</Quantity>
      <UnitMeasure>גרם</UnitMeasure>
      <BisWeighted>0</BisWeighted>
      <QtyInPackage>1</QtyInPackage>
      <ItemPrice>12.90</ItemPrice>
      <UnitOfMeasurePrice>10.32</UnitOfMeasurePrice>
      <AllowDiscount>1</AllowDiscount>
      <itemStatus>1</itemStatus>
      <LastUpdateDate />
      <LastUpdateTime />
    </Product>
    <Product>
      <PriceUpdateDate>2017/01/05 08:12</PriceUpdateDate>
      <ItemCode>4017100291005</ItemCode>
      <ItemType>1</ItemType>
      <ItemName>בלזן ביסקוויט מצופה שוקולד מריר</ItemName>
      <ManufactureName>ליימן שליסל בעמ</ManufactureName>
      <ManufactureCountry />
      <ManufactureItemDescription />
      <UnitQty>יח`</UnitQty>
      <Quantity>125</Quantity>
      <UnitMeasure>גרם</UnitMeasure>
      <BisWeighted>0</BisWeighted>
      <QtyInPackage>1</QtyInPackage>
      <ItemPrice>12.90</ItemPrice>
      <UnitOfMeasurePrice>10.32</UnitOfMeasurePrice>
      <AllowDiscount>1</AllowDiscount>
      <itemStatus>1</itemStatus>
      <LastUpdateDate />
      <LastUpdateTime />
    </Product>
    <Product>
      <PriceUpdateDate>2015/04/20 09:03</PriceUpdateDate>
      <ItemCode>4017100364112</ItemCode>
      <ItemType>1</ItemType>
      <ItemName>היט עוגיות סנדוויץ` שוקו באלזן (220 גרם)</ItemName>
      <ManufactureName>ליימן שליסל בעמ</ManufactureName>
      <ManufactureCountry />
      <ManufactureItemDescription />
      <UnitQty>יח`</UnitQty>
      <Quantity>220</Quantity>
      <UnitMeasure>גרם</UnitMeasure>
      <BisWeighted>0</BisWeighted>
      <QtyInPackage>1</QtyInPackage>
      <ItemPrice>9.90</ItemPrice>
      <UnitOfMeasurePrice>4.50</UnitOfMeasurePrice>
      <AllowDiscount>1</AllowDiscount>
      <itemStatus>1</itemStatus>
      <LastUpdateDate />
      <LastUpdateTime />
    </Product>
    <Product>
      <PriceUpdateDate>2019/08/25 11:50</PriceUpdateDate>
      <ItemCode>4017100366239</ItemCode>
      <ItemType>1</ItemType>
      <ItemName>ליבניץ אנד קרים 190 גר</ItemName>
      <ManufactureName>ליימן שליסל בעמ</ManufactureName>
      <ManufactureCountry />
      <ManufactureItemDescription />
      <UnitQty>יח`</UnitQty>
      <Quantity>190</Quantity>
      <UnitMeasure>גרם</UnitMeasure>
      <BisWeighted>0</BisWeighted>
      <QtyInPackage>1</QtyInPackage>
      <ItemPrice>12.90</ItemPrice>
      <UnitOfMeasurePrice>6.79</UnitOfMeasurePrice>
      <AllowDiscount>0</AllowDiscount>
      <itemStatus>1</itemStatus>
      <LastUpdateDate />
      <LastUpdateTime />
    </Product>
    <Product>
      <PriceUpdateDate>2019/01/08 08:48</PriceUpdateDate>
      <ItemCode>4022025001905</ItemCode>
      <ItemType>1</ItemType>
      <ItemName>בלו ווין מבעבע זהב 750 מל כשר</ItemName>
      <ManufactureName>היכל היין שקד גולן בעמ</ManufactureName>
      <ManufactureCountry />
      <ManufactureItemDescription />
      <UnitQty>יח`</UnitQty>
      <Quantity>750</Quantity>
      <UnitMeasure>מ"ל</UnitMeasure>
      <BisWeighted>0</BisWeighted>
      <QtyInPackage>1</QtyInPackage>
      <ItemPrice>54.90</ItemPrice>
      <UnitOfMeasurePrice>7.28</UnitOfMeasurePrice>
      <AllowDiscount>1</AllowDiscount>
      <itemStatus>1</itemStatus>
      <LastUpdateDate />
      <LastUpdateTime />
    </Product>
    <Product>
      <PriceUpdateDate>2019/01/08 08:48</PriceUpdateDate>
      <ItemCode>4022025001929</ItemCode>
      <ItemType>1</ItemType>
      <ItemName>בלו ווין מבעבע כחול 750 מל</ItemName>
      <ManufactureName>היכל היין שקד גולן בעמ</ManufactureName>
      <ManufactureCountry />
      <ManufactureItemDescription />
      <UnitQty>יח`</UnitQty>
      <Quantity>750</Quantity>
      <UnitMeasure>מ"ל</UnitMeasure>
      <BisWeighted>0</BisWeighted>
      <QtyInPackage>1</QtyInPackage>
      <ItemPrice>54.90</ItemPrice>
      <UnitOfMeasurePrice>7.28</UnitOfMeasurePrice>
      <AllowDiscount>1</AllowDiscount>
      <itemStatus>1</itemStatus>
      <LastUpdateDate />
      <LastUpdateTime />
    </Product>
    <Product>
      <PriceUpdateDate>2019/08/29 10:52</PriceUpdateDate>
      <ItemCode>4022025002100</ItemCode>
      <ItemType>1</ItemType>
      <ItemName>בלו ווין מבעבע רוזה K24 750 מל כשר</ItemName>
      <ManufactureName>היכל היין שקד גולן בעמ</ManufactureName>
      <ManufactureCountry />
      <ManufactureItemDescription />
      <UnitQty>יח`</UnitQty>
      <Quantity>750</Quantity>
      <UnitMeasure>מ"ל</UnitMeasure>
      <BisWeighted>0</BisWeighted>
      <QtyInPackage>1</QtyInPackage>
      <ItemPrice>54.90</ItemPrice>
      <UnitOfMeasurePrice>7.28</UnitOfMeasurePrice>
      <AllowDiscount>0</AllowDiscount>
      <itemStatus>1</itemStatus>
      <LastUpdateDate />
      <LastUpdateTime />
    </Product>
    <Product>
      <PriceUpdateDate>2017/09/03 08:40</PriceUpdateDate>
      <ItemCode>4022025261002</ItemCode>
      <ItemType>1</ItemType>
      <ItemName>בלו ווין גוורצטאמניר כשר</ItemName>
      <ManufactureName>היכל היין שקד גולן בעמ</ManufactureName>
      <ManufactureCountry />
      <ManufactureItemDescription />
      <UnitQty>יח`</UnitQty>
      <Quantity>750</Quantity>
      <UnitMeasure>מ"ל</UnitMeasure>
      <BisWeighted>0</BisWeighted>
      <QtyInPackage>1</QtyInPackage>
      <ItemPrice>49.90</ItemPrice>
      <UnitOfMeasurePrice>6.61</UnitOfMeasurePrice>
      <AllowDiscount>1</AllowDiscount>
      <itemStatus>1</itemStatus>
      <LastUpdateDate />
      <LastUpdateTime />
    </Product>
    <Product>
      <PriceUpdateDate>2019/12/01 11:02</PriceUpdateDate>
      <ItemCode>4033100013348</ItemCode>
      <ItemType>1</ItemType>
      <ItemName>ל.ד כחול בודד</ItemName>
      <ManufactureName>גלוברנדס בעמ - שיווק סיגריות</ManufactureName>
      <ManufactureCountry />
      <ManufactureItemDescription />
      <UnitQty>יח`</UnitQty>
      <Quantity>1</Quantity>
      <UnitMeasure />
      <BisWeighted>0</BisWeighted>
      <QtyInPackage>1</QtyInPackage>
      <ItemPrice>25</ItemPrice>
      <UnitOfMeasurePrice>25</UnitOfMeasurePrice>
      <AllowDiscount>0</AllowDiscount>
      <itemStatus>1</itemStatus>
      <LastUpdateDate />
      <LastUpdateTime />
    </Product>
    <Product>
      <PriceUpdateDate>2019/12/01 11:02</PriceUpdateDate>
      <ItemCode>4033100014468</ItemCode>
      <ItemType>1</ItemType>
      <ItemName>ל.ד אדום בודד</ItemName>
      <ManufactureName>גלוברנדס בעמ - שיווק סיגריות</ManufactureName>
      <ManufactureCountry />
      <ManufactureItemDescription />
      <UnitQty>יח`</UnitQty>
      <Quantity>1</Quantity>
      <UnitMeasure />
      <BisWeighted>0</BisWeighted>
      <QtyInPackage>1</QtyInPackage>
      <ItemPrice>25</ItemPrice>
      <UnitOfMeasurePrice>25</UnitOfMeasurePrice>
      <AllowDiscount>0</AllowDiscount>
      <itemStatus>1</itemStatus>
      <LastUpdateDate />
      <LastUpdateTime />
    </Product>
    <Product>
      <PriceUpdateDate>2019/12/01 11:02</PriceUpdateDate>
      <ItemCode>4033100014499</ItemCode>
      <ItemType>1</ItemType>
      <ItemName>ל.ד כחול סודד</ItemName>
      <ManufactureName>גלוברנדס בעמ - שיווק סיגריות</ManufactureName>
      <ManufactureCountry />
      <ManufactureItemDescription />
      <UnitQty>יח`</UnitQty>
      <Quantity>1</Quantity>
      <UnitMeasure />
      <BisWeighted>0</BisWeighted>
      <QtyInPackage>1</QtyInPackage>
      <ItemPrice>25</ItemPrice>
      <UnitOfMeasurePrice>25</UnitOfMeasurePrice>
      <AllowDiscount>0</AllowDiscount>
      <itemStatus>1</itemStatus>
      <LastUpdateDate />
      <LastUpdateTime />
    </Product>
    <Product>
      <PriceUpdateDate>2018/12/05 08:22</PriceUpdateDate>
      <ItemCode>4033100024146</ItemCode>
      <ItemType>1</ItemType>
      <ItemName>סיגריות ווינסטון בודד</ItemName>
      <ManufactureName>גלוברנדס בעמ - שיווק סיגריות</ManufactureName>
      <ManufactureCountry />
      <ManufactureItemDescription />
      <UnitQty>יח`</UnitQty>
      <Quantity>1</Quantity>
      <UnitMeasure />
      <BisWeighted>0</BisWeighted>
      <QtyInPackage>1</QtyInPackage>
      <ItemPrice>30.50</ItemPrice>
      <UnitOfMeasurePrice>30.50</UnitOfMeasurePrice>
      <AllowDiscount>0</AllowDiscount>
      <itemStatus>1</itemStatus>
      <LastUpdateDate />
      <LastUpdateTime />
    </Product>
    <Product>
      <PriceUpdateDate>2018/12/05 08:22</PriceUpdateDate>
      <ItemCode>4033100024252</ItemCode>
      <ItemType>1</ItemType>
      <ItemName>סיגריות ווינסטון בודד</ItemName>
      <ManufactureName>גלוברנדס בעמ - שיווק סיגריות</ManufactureName>
      <ManufactureCountry />
      <ManufactureItemDescription />
      <UnitQty>יח`</UnitQty>
      <Quantity>1</Quantity>
      <UnitMeasure />
      <BisWeighted>0</BisWeighted>
      <QtyInPackage>1</QtyInPackage>
      <ItemPrice>30.50</ItemPrice>
      <UnitOfMeasurePrice>30.50</UnitOfMeasurePrice>
      <AllowDiscount>0</AllowDiscount>
      <itemStatus>1</itemStatus>
      <LastUpdateDate />
      <LastUpdateTime />
    </Product>
    <Product>
      <PriceUpdateDate>2020/05/03 12:10</PriceUpdateDate>
      <ItemCode>4050328191948</ItemCode>
      <ItemType>1</ItemType>
      <ItemName>ענבים שחור מידנייט ארוז</ItemName>
      <ManufactureName>מהדרין תנופורט יצוא ( ש.מ.)</ManufactureName>
      <ManufactureCountry />
      <ManufactureItemDescription />
      <UnitQty>יח`</UnitQty>
      <Quantity>1</Quantity>
      <UnitMeasure />
      <BisWeighted>0</BisWeighted>
      <QtyInPackage>1</QtyInPackage>
      <ItemPrice>10</ItemPrice>
      <UnitOfMeasurePrice>10</UnitOfMeasurePrice>
      <AllowDiscount>1</AllowDiscount>
      <itemStatus>1</itemStatus>
      <LastUpdateDate />
      <LastUpdateTime />
    </Product>
    <Product>
      <PriceUpdateDate>2018/02/04 12:38</PriceUpdateDate>
      <ItemCode>4079400131047</ItemCode>
      <ItemType>1</ItemType>
      <ItemName>בירה חיטה 5.3% אלכוהול שישייה בקבוקים 33</ItemName>
      <ManufactureName>אבאל יזמות בעמ</ManufactureName>
      <ManufactureCountry />
      <ManufactureItemDescription />
      <UnitQty>יח`</UnitQty>
      <Quantity>1.98</Quantity>
      <UnitMeasure>1 ליטר</UnitMeasure>
      <BisWeighted>0</BisWeighted>
      <QtyInPackage>1</QtyInPackage>
      <ItemPrice>34.90</ItemPrice>
      <UnitOfMeasurePrice>16.72</UnitOfMeasurePrice>
      <AllowDiscount>0</AllowDiscount>
      <itemStatus>1</itemStatus>
      <LastUpdateDate />
      <LastUpdateTime />
    </Product>
    <Product>
      <PriceUpdateDate>2017/05/07 07:29</PriceUpdateDate>
      <ItemCode>4079400182742</ItemCode>
      <ItemType>1</ItemType>
      <ItemName>בירה פילסנר 4.9% שישייה בקבוק 330 מל</ItemName>
      <ManufactureName>אבאל יזמות בעמ</ManufactureName>
      <ManufactureCountry />
      <ManufactureItemDescription />
      <UnitQty>יח`</UnitQty>
      <Quantity>1.98</Quantity>
      <UnitMeasure>1 ליטר</UnitMeasure>
      <BisWeighted>0</BisWeighted>
      <QtyInPackage>1</QtyInPackage>
      <ItemPrice>29.90</ItemPrice>
      <UnitOfMeasurePrice>14.19</UnitOfMeasurePrice>
      <AllowDiscount>1</AllowDiscount>
      <itemStatus>1</itemStatus>
      <LastUpdateDate />
      <LastUpdateTime />
    </Product>
    <Product>
      <PriceUpdateDate>2017/05/10 07:23</PriceUpdateDate>
      <ItemCode>4079400330129</ItemCode>
      <ItemType>1</ItemType>
      <ItemName>בירה וולטרס (500 מל)</ItemName>
      <ManufactureName>אבאל יזמות בעמ</ManufactureName>
      <ManufactureCountry />
      <ManufactureItemDescription />
      <UnitQty>יח`</UnitQty>
      <Quantity>500</Quantity>
      <UnitMeasure>מ"ל</UnitMeasure>
      <BisWeighted>0</BisWeighted>
      <QtyInPackage>1</QtyInPackage>
      <ItemPrice>5.90</ItemPrice>
      <UnitOfMeasurePrice>1.12</UnitOfMeasurePrice>
      <AllowDiscount>1</AllowDiscount>
      <itemStatus>1</itemStatus>
      <LastUpdateDate />
      <LastUpdateTime />
    </Product>
    <Product>
      <PriceUpdateDate>2019/04/25 10:59</PriceUpdateDate>
      <ItemCode>4084500088917</ItemCode>
      <ItemType>1</ItemType>
      <ItemName>נוזל לניקוי כלים לימון פיירי (650 מל)</ItemName>
      <ManufactureName>דיפלומט מפיצים (1968) בעמ</ManufactureName>
      <ManufactureCountry />
      <ManufactureItemDescription />
      <UnitQty>יח`</UnitQty>
      <Quantity>650</Quantity>
      <UnitMeasure>מ"ל</UnitMeasure>
      <BisWeighted>0</BisWeighted>
      <QtyInPackage>1</QtyInPackage>
      <ItemPrice>11.90</ItemPrice>
      <UnitOfMeasurePrice>1.83</UnitOfMeasurePrice>
      <AllowDiscount>1</AllowDiscount>
      <itemStatus>1</itemStatus>
      <LastUpdateDate />
      <LastUpdateTime />
    </Product>
    <Product>
      <PriceUpdateDate>2016/05/04 14:16</PriceUpdateDate>
      <ItemCode>4084500178137</ItemCode>
      <ItemType>1</ItemType>
      <ItemName>טייד ג`ל 4 ליטר</ItemName>
      <ManufactureName>דיפלומט מפיצים (1968) בעמ</ManufactureName>
      <ManufactureCountry />
      <ManufactureItemDescription />
      <UnitQty>יח`</UnitQty>
      <Quantity>4</Quantity>
      <UnitMeasure>1 ליטר</UnitMeasure>
      <BisWeighted>0</BisWeighted>
      <QtyInPackage>1</QtyInPackage>
      <ItemPrice>44.90</ItemPrice>
      <UnitOfMeasurePrice>11.23</UnitOfMeasurePrice>
      <AllowDiscount>0</AllowDiscount>
      <itemStatus>1</itemStatus>
      <LastUpdateDate />
      <LastUpdateTime />
    </Product>
    <Product>
      <PriceUpdateDate>2020/03/11 06:55</PriceUpdateDate>
      <ItemCode>4084500371422</ItemCode>
      <ItemType>1</ItemType>
      <ItemName>אריאל 8 קג שושן צחור</ItemName>
      <ManufactureName>דיפלומט מפיצים (1968) בעמ</ManufactureName>
      <ManufactureCountry />
      <ManufactureItemDescription />
      <UnitQty>יח`</UnitQty>
      <Quantity>8000</Quantity>
      <UnitMeasure>גרם</UnitMeasure>
      <BisWeighted>0</BisWeighted>
      <QtyInPackage>1</QtyInPackage>
      <ItemPrice>54.90</ItemPrice>
      <UnitOfMeasurePrice>0.69</UnitOfMeasurePrice>
      <AllowDiscount>0</AllowDiscount>
      <itemStatus>1</itemStatus>
      <LastUpdateDate />
      <LastUpdateTime />
    </Product>
    <Product>
      <PriceUpdateDate>2015/04/14 08:53</PriceUpdateDate>
      <ItemCode>4084500371453</ItemCode>
      <ItemType>1</ItemType>
      <ItemName>טייד 8 קג`- אלפיין</ItemName>
      <ManufactureName>דיפלומט מפיצים (1968) בעמ</ManufactureName>
      <ManufactureCountry />
      <ManufactureItemDescription />
      <UnitQty>יח`</UnitQty>
      <Quantity>8000</Quantity>
      <UnitMeasure>גרם</UnitMeasure>
      <BisWeighted>0</BisWeighted>
      <QtyInPackage>1</QtyInPackage>
      <ItemPrice>59.90</ItemPrice>
      <UnitOfMeasurePrice>0.75</UnitOfMeasurePrice>
      <AllowDiscount>1</AllowDiscount>
      <itemStatus>1</itemStatus>
      <LastUpdateDate />
      <LastUpdateTime />
    </Product>
    <Product>
      <PriceUpdateDate>2019/04/25 10:59</PriceUpdateDate>
      <ItemCode>4084500853744</ItemCode>
      <ItemType>1</ItemType>
      <ItemName>נוזל כלים פלטינום לימון פיירי (515 מל)</ItemName>
      <ManufactureName>דיפלומט מפיצים (1968) בעמ</ManufactureName>
      <ManufactureCountry />
      <ManufactureItemDescription />
      <UnitQty>יח`</UnitQty>
      <Quantity>515</Quantity>
      <UnitMeasure>מ"ל</UnitMeasure>
      <BisWeighted>0</BisWeighted>
      <QtyInPackage>1</QtyInPackage>
      <ItemPrice>11.90</ItemPrice>
      <UnitOfMeasurePrice>2.31</UnitOfMeasurePrice>
      <AllowDiscount>1</AllowDiscount>
      <itemStatus>1</itemStatus>
      <LastUpdateDate />
      <LastUpdateTime />
    </Product>
    <Product>
      <PriceUpdateDate>2019/04/25 10:59</PriceUpdateDate>
      <ItemCode>4084500853836</ItemCode>
      <ItemType>1</ItemType>
      <ItemName>פיירי ורדים ומשי 515 מל</ItemName>
      <ManufactureName>דיפלומט מפיצים (1968) בעמ</ManufactureName>
      <ManufactureCountry />
      <ManufactureItemDescription />
      <UnitQty>יח`</UnitQty>
      <Quantity>515</Quantity>
      <UnitMeasure>מ"ל</UnitMeasure>
      <BisWeighted>0</BisWeighted>
      <QtyInPackage>1</QtyInPackage>
      <ItemPrice>11.90</ItemPrice>
      <UnitOfMeasurePrice>2.31</UnitOfMeasurePrice>
      <AllowDiscount>1</AllowDiscount>
      <itemStatus>1</itemStatus>
      <LastUpdateDate />
      <LastUpdateTime />
    </Product>
    <Product>
      <PriceUpdateDate>2019/04/25 10:59</PriceUpdateDate>
      <ItemCode>4084500853898</ItemCode>
      <ItemType>1</ItemType>
      <ItemName>פיירי אלוורה ומלפפונים 515 מל</ItemName>
      <ManufactureName>דיפלומט מפיצים (1968) בעמ</ManufactureName>
      <ManufactureCountry />
      <ManufactureItemDescription />
      <UnitQty>יח`</UnitQty>
      <Quantity>515</Quantity>
      <UnitMeasure>מ"ל</UnitMeasure>
      <BisWeighted>0</BisWeighted>
      <QtyInPackage>1</QtyInPackage>
      <ItemPrice>11.90</ItemPrice>
      <UnitOfMeasurePrice>2.31</UnitOfMeasurePrice>
      <AllowDiscount>1</AllowDiscount>
      <itemStatus>1</itemStatus>
      <LastUpdateDate />
      <LastUpdateTime />
    </Product>
    <Product>
      <PriceUpdateDate>2015/10/19 08:34</PriceUpdateDate>
      <ItemCode>4084500854048</ItemCode>
      <ItemType>1</ItemType>
      <ItemName>נוזל לניקוי כלים לימון פיירי (1.24 ליטר)</ItemName>
      <ManufactureName>דיפלומט מפיצים (1968) בעמ</ManufactureName>
      <ManufactureCountry />
      <ManufactureItemDescription />
      <UnitQty>יח`</UnitQty>
      <Quantity>1.24</Quantity>
      <UnitMeasure>1 ליטר</UnitMeasure>
      <BisWeighted>0</BisWeighted>
      <QtyInPackage>1</QtyInPackage>
      <ItemPrice>17.90</ItemPrice>
      <UnitOfMeasurePrice>14.44</UnitOfMeasurePrice>
      <AllowDiscount>1</AllowDiscount>
      <itemStatus>1</itemStatus>
      <LastUpdateDate />
      <LastUpdateTime />
    </Product>
    <Product>
      <PriceUpdateDate>2015/10/19 08:34</PriceUpdateDate>
      <ItemCode>4084500920880</ItemCode>
      <ItemType>1</ItemType>
      <ItemName>נוזל כלים אורגינל פיירי (1.24 ליטר)</ItemName>
      <ManufactureName>דיפלומט מפיצים (1968) בעמ</ManufactureName>
      <ManufactureCountry />
      <ManufactureItemDescription />
      <UnitQty>יח`</UnitQty>
      <Quantity>1.24</Quantity>
      <UnitMeasure>1 ליטר</UnitMeasure>
      <BisWeighted>0</BisWeighted>
      <QtyInPackage>1</QtyInPackage>
      <ItemPrice>17.90</ItemPrice>
      <UnitOfMeasurePrice>14.44</UnitOfMeasurePrice>
      <AllowDiscount>1</AllowDiscount>
      <itemStatus>1</itemStatus>
      <LastUpdateDate />
      <LastUpdateTime />
    </Product>
    <Product>
      <PriceUpdateDate>2020/01/14 17:55</PriceUpdateDate>
      <ItemCode>4100130937163</ItemCode>
      <ItemType>1</ItemType>
      <ItemName>בירה בק`ס (275x6 מל)</ItemName>
      <ManufactureName>הכרם - משקאות חריפים בעמ</ManufactureName>
      <ManufactureCountry />
      <ManufactureItemDescription />
      <UnitQty>יח`</UnitQty>
      <Quantity>1650</Quantity>
      <UnitMeasure>מ"ל</UnitMeasure>
      <BisWeighted>0</BisWeighted>
      <QtyInPackage>1</QtyInPackage>
      <ItemPrice>34.90</ItemPrice>
      <UnitOfMeasurePrice>2.01</UnitOfMeasurePrice>
      <AllowDiscount>1</AllowDiscount>
      <itemStatus>1</itemStatus>
      <LastUpdateDate />
      <LastUpdateTime />
    </Product>
    <Product>
      <PriceUpdateDate>2020/01/09 15:52</PriceUpdateDate>
      <ItemCode>4603400000043</ItemCode>
      <ItemType>1</ItemType>
      <ItemName>וודקה רוסקי יורוסטנדרט (700 מל)</ItemName>
      <ManufactureName>יורוסטנדרט בעמ</ManufactureName>
      <ManufactureCountry />
      <ManufactureItemDescription />
      <UnitQty>יח`</UnitQty>
      <Quantity>700</Quantity>
      <UnitMeasure>מ"ל</UnitMeasure>
      <BisWeighted>0</BisWeighted>
      <QtyInPackage>1</QtyInPackage>
      <ItemPrice>59.90</ItemPrice>
      <UnitOfMeasurePrice>8.51</UnitOfMeasurePrice>
      <AllowDiscount>0</AllowDiscount>
      <itemStatus>1</itemStatus>
      <LastUpdateDate />
      <LastUpdateTime />
    </Product>
    <Product>
      <PriceUpdateDate>2018/05/17 09:21</PriceUpdateDate>
      <ItemCode>4603928000983</ItemCode>
      <ItemType>1</ItemType>
      <ItemName>בלוגה וודקה 1 ליטר</ItemName>
      <ManufactureName>טמפו פרנו</ManufactureName>
      <ManufactureCountry />
      <ManufactureItemDescription />
      <UnitQty>יח`</UnitQty>
      <Quantity>1</Quantity>
      <UnitMeasure>1 ליטר</UnitMeasure>
      <BisWeighted>0</BisWeighted>
      <QtyInPackage>1</QtyInPackage>
      <ItemPrice>149</ItemPrice>
      <UnitOfMeasurePrice>149</UnitOfMeasurePrice>
      <AllowDiscount>0</AllowDiscount>
      <itemStatus>1</itemStatus>
      <LastUpdateDate />
      <LastUpdateTime />
    </Product>
    <Product>
      <PriceUpdateDate>2018/01/10 11:30</PriceUpdateDate>
      <ItemCode>4640018990342</ItemCode>
      <ItemType>1</ItemType>
      <ItemName>פיניש קאונטום לימון 54 טבליות</ItemName>
      <ManufactureName>רקיט בנקיזר (ניר איסט) בעמ</ManufactureName>
      <ManufactureCountry />
      <ManufactureItemDescription />
      <UnitQty>יח`</UnitQty>
      <Quantity>1</Quantity>
      <UnitMeasure />
      <BisWeighted>0</BisWeighted>
      <QtyInPackage>1</QtyInPackage>
      <ItemPrice>54.90</ItemPrice>
      <UnitOfMeasurePrice>54.90</UnitOfMeasurePrice>
      <AllowDiscount>1</AllowDiscount>
      <itemStatus>1</itemStatus>
      <LastUpdateDate />
      <LastUpdateTime />
    </Product>
    <Product>
      <PriceUpdateDate>2019/02/28 08:40</PriceUpdateDate>
      <ItemCode>4710068001692</ItemCode>
      <ItemType>1</ItemType>
      <ItemName>מאסטר קפה 250 מל לאטה</ItemName>
      <ManufactureName>טמפו משקאות בעמ</ManufactureName>
      <ManufactureCountry />
      <ManufactureItemDescription />
      <UnitQty>יח`</UnitQty>
      <Quantity>250</Quantity>
      <UnitMeasure>מ"ל</UnitMeasure>
      <BisWeighted>0</BisWeighted>
      <QtyInPackage>1</QtyInPackage>
      <ItemPrice>6.60</ItemPrice>
      <UnitOfMeasurePrice>2.64</UnitOfMeasurePrice>
      <AllowDiscount>0</AllowDiscount>
      <itemStatus>1</itemStatus>
      <LastUpdateDate />
      <LastUpdateTime />
    </Product>
    <Product>
      <PriceUpdateDate>2019/02/28 08:40</PriceUpdateDate>
      <ItemCode>4710068001739</ItemCode>
      <ItemType>1</ItemType>
      <ItemName>מאסטר קפה 250 מל קולומביאני</ItemName>
      <ManufactureName>טמפו משקאות בעמ</ManufactureName>
      <ManufactureCountry />
      <ManufactureItemDescription />
      <UnitQty>יח`</UnitQty>
      <Quantity>250</Quantity>
      <UnitMeasure>מ"ל</UnitMeasure>
      <BisWeighted>0</BisWeighted>
      <QtyInPackage>1</QtyInPackage>
      <ItemPrice>6.60</ItemPrice>
      <UnitOfMeasurePrice>2.64</UnitOfMeasurePrice>
      <AllowDiscount>0</AllowDiscount>
      <itemStatus>1</itemStatus>
      <LastUpdateDate />
      <LastUpdateTime />
    </Product>
    <Product>
      <PriceUpdateDate>2016/06/05 15:29</PriceUpdateDate>
      <ItemCode>4800888148957</ItemCode>
      <ItemType>1</ItemType>
      <ItemName>רקסונה נשים רול און טלק 50 מל</ItemName>
      <ManufactureName>יוניליוור ישראל שיווק בעמ</ManufactureName>
      <ManufactureCountry />
      <ManufactureItemDescription />
      <UnitQty>יח`</UnitQty>
      <Quantity>50</Quantity>
      <UnitMeasure>מ"ל</UnitMeasure>
      <BisWeighted>0</BisWeighted>
      <QtyInPackage>1</QtyInPackage>
      <ItemPrice>14.90</ItemPrice>
      <UnitOfMeasurePrice>29.80</UnitOfMeasurePrice>
      <AllowDiscount>1</AllowDiscount>
      <itemStatus>1</itemStatus>
      <LastUpdateDate />
      <LastUpdateTime />
    </Product>
    <Product>
      <PriceUpdateDate>2016/06/05 15:29</PriceUpdateDate>
      <ItemCode>4800888190529</ItemCode>
      <ItemType>1</ItemType>
      <ItemName>דאודורנט סטיק טלק סופט דאב (50 גרם)</ItemName>
      <ManufactureName>יוניליוור ישראל שיווק בעמ</ManufactureName>
      <ManufactureCountry />
      <ManufactureItemDescription />
      <UnitQty>יח`</UnitQty>
      <Quantity>50</Quantity>
      <UnitMeasure>גרם</UnitMeasure>
      <BisWeighted>0</BisWeighted>
      <QtyInPackage>1</QtyInPackage>
      <ItemPrice>14.90</ItemPrice>
      <UnitOfMeasurePrice>29.80</UnitOfMeasurePrice>
      <AllowDiscount>0</AllowDiscount>
      <itemStatus>1</itemStatus>
      <LastUpdateDate />
      <LastUpdateTime />
    </Product>
    <Product>
      <PriceUpdateDate>2016/01/12 08:18</PriceUpdateDate>
      <ItemCode>4891228430061</ItemCode>
      <ItemType>1</ItemType>
      <ItemName>סכיני גילוח לנשים עם אלוורה שיק) (10</ItemName>
      <ManufactureName>ש.שסטוביץ בעמ</ManufactureName>
      <ManufactureCountry />
      <ManufactureItemDescription />
      <UnitQty>יח`</UnitQty>
      <Quantity>1</Quantity>
      <UnitMeasure />
      <BisWeighted>0</BisWeighted>
      <QtyInPackage>1</QtyInPackage>
      <ItemPrice>26.90</ItemPrice>
      <UnitOfMeasurePrice>26.90</UnitOfMeasurePrice>
      <AllowDiscount>0</AllowDiscount>
      <itemStatus>1</itemStatus>
      <LastUpdateDate />
      <LastUpdateTime />
    </Product>
    <Product>
      <PriceUpdateDate>2018/03/05 09:40</PriceUpdateDate>
      <ItemCode>4903001904192</ItemCode>
      <ItemType>1</ItemType>
      <ItemName>רוטב סויה יאמסה פרימיום 500 מל`</ItemName>
      <ManufactureName>ליימן שליסל בעמ</ManufactureName>
      <ManufactureCountry />
      <ManufactureItemDescription />
      <UnitQty>יח`</UnitQty>
      <Quantity>500</Quantity>
      <UnitMeasure>מ"ל</UnitMeasure>
      <BisWeighted>0</BisWeighted>
      <QtyInPackage>1</QtyInPackage>
      <ItemPrice>17.90</ItemPrice>
      <UnitOfMeasurePrice>3.58</UnitOfMeasurePrice>
      <AllowDiscount>1</AllowDiscount>
      <itemStatus>1</itemStatus>
      <LastUpdateDate />
      <LastUpdateTime />
    </Product>
    <Product>
      <PriceUpdateDate>2019/06/16 12:50</PriceUpdateDate>
      <ItemCode>5000127533196</ItemCode>
      <ItemType>1</ItemType>
      <ItemName>קלוגס ווראייטי 191 גר`</ItemName>
      <ManufactureName>דיפלומט היינץ</ManufactureName>
      <ManufactureCountry />
      <ManufactureItemDescription />
      <UnitQty>יח`</UnitQty>
      <Quantity>191</Quantity>
      <UnitMeasure>גרם</UnitMeasure>
      <BisWeighted>0</BisWeighted>
      <QtyInPackage>1</QtyInPackage>
      <ItemPrice>22.90</ItemPrice>
      <UnitOfMeasurePrice>11.99</UnitOfMeasurePrice>
      <AllowDiscount>1</AllowDiscount>
      <itemStatus>1</itemStatus>
      <LastUpdateDate />
      <LastUpdateTime />
    </Product>
    <Product>
      <PriceUpdateDate>2019/07/17 08:54</PriceUpdateDate>
      <ItemCode>5000146057710</ItemCode>
      <ItemType>1</ItemType>
      <ItemName>וינדולין 750 מל</ItemName>
      <ManufactureName>רקיט בנקיזר (ניר איסט) בעמ</ManufactureName>
      <ManufactureCountry />
      <ManufactureItemDescription />
      <UnitQty>יח`</UnitQty>
      <Quantity>750</Quantity>
      <UnitMeasure>מ"ל</UnitMeasure>
      <BisWeighted>0</BisWeighted>
      <QtyInPackage>1</QtyInPackage>
      <ItemPrice>7.90</ItemPrice>
      <UnitOfMeasurePrice>1.05</UnitOfMeasurePrice>
      <AllowDiscount>0</AllowDiscount>
      <itemStatus>1</itemStatus>
      <LastUpdateDate />
      <LastUpdateTime />
    </Product>
    <Product>
      <PriceUpdateDate>2013/12/31 12:18</PriceUpdateDate>
      <ItemCode>5000159376655</ItemCode>
      <ItemType>1</ItemType>
      <ItemName>סוכריות פירות סקיטלס (38 גרם)</ItemName>
      <ManufactureName>מרס ריגלי ישראל בעמ</ManufactureName>
      <ManufactureCountry />
      <ManufactureItemDescription />
      <UnitQty>יח`</UnitQty>
      <Quantity>38</Quantity>
      <UnitMeasure>גרם</UnitMeasure>
      <BisWeighted>0</BisWeighted>
      <QtyInPackage>1</QtyInPackage>
      <ItemPrice>3</ItemPrice>
      <UnitOfMeasurePrice>7.89</UnitOfMeasurePrice>
      <AllowDiscount>0</AllowDiscount>
      <itemStatus>1</itemStatus>
      <LastUpdateDate />
      <LastUpdateTime />
    </Product>
    <Product>
      <PriceUpdateDate>2016/02/29 20:14</PriceUpdateDate>
      <ItemCode>5000159407236</ItemCode>
      <ItemType>1</ItemType>
      <ItemName>מרס חטיף שוקולד עם קרמל 51 גרם</ItemName>
      <ManufactureName>מרס ריגלי ישראל בעמ</ManufactureName>
      <ManufactureCountry />
      <ManufactureItemDescription />
      <UnitQty>יח`</UnitQty>
      <Quantity>50</Quantity>
      <UnitMeasure>גרם</UnitMeasure>
      <BisWeighted>0</BisWeighted>
      <QtyInPackage>1</QtyInPackage>
      <ItemPrice>3.90</ItemPrice>
      <UnitOfMeasurePrice>7.80</UnitOfMeasurePrice>
      <AllowDiscount>1</AllowDiscount>
      <itemStatus>1</itemStatus>
      <LastUpdateDate />
      <LastUpdateTime />
    </Product>
    <Product>
      <PriceUpdateDate>2016/11/20 08:37</PriceUpdateDate>
      <ItemCode>5000159442572</ItemCode>
      <ItemType>1</ItemType>
      <ItemName>טויקס חטיף שוקולד מארז 403 גרם</ItemName>
      <ManufactureName>מרס ריגלי ישראל בעמ</ManufactureName>
      <ManufactureCountry />
      <ManufactureItemDescription />
      <UnitQty>יח`</UnitQty>
      <Quantity>403</Quantity>
      <UnitMeasure>גרם</UnitMeasure>
      <BisWeighted>0</BisWeighted>
      <QtyInPackage>1</QtyInPackage>
      <ItemPrice>19.90</ItemPrice>
      <UnitOfMeasurePrice>4.94</UnitOfMeasurePrice>
      <AllowDiscount>0</AllowDiscount>
      <itemStatus>1</itemStatus>
      <LastUpdateDate />
      <LastUpdateTime />
    </Product>
    <Product>
      <PriceUpdateDate>2016/11/20 08:37</PriceUpdateDate>
      <ItemCode>5000159452977</ItemCode>
      <ItemType>1</ItemType>
      <ItemName>מיקס חטיפי מיני מארז 400 גרם</ItemName>
      <ManufactureName>מרס ריגלי ישראל בעמ</ManufactureName>
      <ManufactureCountry />
      <ManufactureItemDescription />
      <UnitQty>יח`</UnitQty>
      <Quantity>400</Quantity>
      <UnitMeasure>גרם</UnitMeasure>
      <BisWeighted>0</BisWeighted>
      <QtyInPackage>1</QtyInPackage>
      <ItemPrice>19.90</ItemPrice>
      <UnitOfMeasurePrice>4.98</UnitOfMeasurePrice>
      <AllowDiscount>0</AllowDiscount>
      <itemStatus>1</itemStatus>
      <LastUpdateDate />
      <LastUpdateTime />
    </Product>
    <Product>
      <PriceUpdateDate>2016/02/29 20:14</PriceUpdateDate>
      <ItemCode>5000159459228</ItemCode>
      <ItemType>1</ItemType>
      <ItemName>חטיף אצבעות קרמל ושוקולד טוויקס (50 גרם)</ItemName>
      <ManufactureName>מרס ריגלי ישראל בעמ</ManufactureName>
      <ManufactureCountry />
      <ManufactureItemDescription />
      <UnitQty>יח`</UnitQty>
      <Quantity>57</Quantity>
      <UnitMeasure>גרם</UnitMeasure>
      <BisWeighted>0</BisWeighted>
      <QtyInPackage>1</QtyInPackage>
      <ItemPrice>3.90</ItemPrice>
      <UnitOfMeasurePrice>6.84</UnitOfMeasurePrice>
      <AllowDiscount>1</AllowDiscount>
      <itemStatus>1</itemStatus>
      <LastUpdateDate />
      <LastUpdateTime />
    </Product>
    <Product>
      <PriceUpdateDate>2016/02/29 20:14</PriceUpdateDate>
      <ItemCode>5000159461122</ItemCode>
      <ItemType>1</ItemType>
      <ItemName>סניקרס חטיף שוקולד עם בוטנים 50 גרם</ItemName>
      <ManufactureName>מרס ריגלי ישראל בעמ</ManufactureName>
      <ManufactureCountry />
      <ManufactureItemDescription />
      <UnitQty>יח`</UnitQty>
      <Quantity>57</Quantity>
      <UnitMeasure>גרם</UnitMeasure>
      <BisWeighted>0</BisWeighted>
      <QtyInPackage>1</QtyInPackage>
      <ItemPrice>3.90</ItemPrice>
      <UnitOfMeasurePrice>6.84</UnitOfMeasurePrice>
      <AllowDiscount>1</AllowDiscount>
      <itemStatus>1</itemStatus>
      <LastUpdateDate />
      <LastUpdateTime />
    </Product>
    <Product>
      <PriceUpdateDate>2019/07/21 09:55</PriceUpdateDate>
      <ItemCode>5000159462594</ItemCode>
      <ItemType>1</ItemType>
      <ItemName>טוויקס חטיף שוקולד מארז 4+1</ItemName>
      <ManufactureName>מרס ריגלי ישראל בעמ</ManufactureName>
      <ManufactureCountry />
      <ManufactureItemDescription />
      <UnitQty>יח`</UnitQty>
      <Quantity>1</Quantity>
      <UnitMeasure />
      <BisWeighted>0</BisWeighted>
      <QtyInPackage>1</QtyInPackage>
      <ItemPrice>10</ItemPrice>
      <UnitOfMeasurePrice>10</UnitOfMeasurePrice>
      <AllowDiscount>0</AllowDiscount>
      <itemStatus>1</itemStatus>
      <LastUpdateDate />
      <LastUpdateTime />
    </Product>
    <Product>
      <PriceUpdateDate>2014/03/05 09:47</PriceUpdateDate>
      <ItemCode>5000159468510</ItemCode>
      <ItemType>1</ItemType>
      <ItemName>מארז מארס חמישיות</ItemName>
      <ManufactureName>מרס ריגלי ישראל בעמ</ManufactureName>
      <ManufactureCountry />
      <ManufactureItemDescription />
      <UnitQty>יח`</UnitQty>
      <Quantity>1</Quantity>
      <UnitMeasure />
      <BisWeighted>0</BisWeighted>
      <QtyInPackage>1</QtyInPackage>
      <ItemPrice>10</ItemPrice>
      <UnitOfMeasurePrice>10</UnitOfMeasurePrice>
      <AllowDiscount>0</AllowDiscount>
      <itemStatus>1</itemStatus>
      <LastUpdateDate />
      <LastUpdateTime />
    </Product>
    <Product>
      <PriceUpdateDate>2018/12/05 08:25</PriceUpdateDate>
      <ItemCode>5000168199320</ItemCode>
      <ItemType>1</ItemType>
      <ItemName>שוקולד מריר מעולה 72% מוצקי קקאו 90 גר`</ItemName>
      <ManufactureName>תה ויסוצקי (ישראל) בעמ</ManufactureName>
      <ManufactureCountry />
      <ManufactureItemDescription />
      <UnitQty>יח`</UnitQty>
      <Quantity>90</Quantity>
      <UnitMeasure>גרם</UnitMeasure>
      <BisWeighted>0</BisWeighted>
      <QtyInPackage>1</QtyInPackage>
      <ItemPrice>14.90</ItemPrice>
      <UnitOfMeasurePrice>16.56</UnitOfMeasurePrice>
      <AllowDiscount>0</AllowDiscount>
      <itemStatus>1</itemStatus>
      <LastUpdateDate />
      <LastUpdateTime />
    </Product>
    <Product>
      <PriceUpdateDate>2019/12/12 22:20</PriceUpdateDate>
      <ItemCode>5000204114867</ItemCode>
      <ItemType>1</ItemType>
      <ItemName>אירוסול בניחוח וניל 300 מל)</ItemName>
      <ManufactureName>דנשר (1963) בעמ</ManufactureName>
      <ManufactureCountry />
      <ManufactureItemDescription />
      <UnitQty>יח`</UnitQty>
      <Quantity>300</Quantity>
      <UnitMeasure>מ"ל</UnitMeasure>
      <BisWeighted>0</BisWeighted>
      <QtyInPackage>1</QtyInPackage>
      <ItemPrice>10.90</ItemPrice>
      <UnitOfMeasurePrice>3.63</UnitOfMeasurePrice>
      <AllowDiscount>1</AllowDiscount>
      <itemStatus>1</itemStatus>
      <LastUpdateDate />
      <LastUpdateTime />
    </Product>
    <Product>
      <PriceUpdateDate>2019/12/12 22:20</PriceUpdateDate>
      <ItemCode>5000204114980</ItemCode>
      <ItemType>1</ItemType>
      <ItemName>גלייד אורוסול בניחוח אודיסאה הכחולה</ItemName>
      <ManufactureName>דנשר (1963) בעמ</ManufactureName>
      <ManufactureCountry />
      <ManufactureItemDescription />
      <UnitQty>יח`</UnitQty>
      <Quantity>300</Quantity>
      <UnitMeasure>מ"ל</UnitMeasure>
      <BisWeighted>0</BisWeighted>
      <QtyInPackage>1</QtyInPackage>
      <ItemPrice>10.90</ItemPrice>
      <UnitOfMeasurePrice>3.63</UnitOfMeasurePrice>
      <AllowDiscount>1</AllowDiscount>
      <itemStatus>1</itemStatus>
      <LastUpdateDate />
      <LastUpdateTime />
    </Product>
    <Product>
      <PriceUpdateDate>2019/12/12 22:20</PriceUpdateDate>
      <ItemCode>5000204115048</ItemCode>
      <ItemType>1</ItemType>
      <ItemName>גלליד אורסול בניחוח לבנדר (300 מל)</ItemName>
      <ManufactureName>דנשר (1963) בעמ</ManufactureName>
      <ManufactureCountry />
      <ManufactureItemDescription />
      <UnitQty>יח`</UnitQty>
      <Quantity>300</Quantity>
      <UnitMeasure>מ"ל</UnitMeasure>
      <BisWeighted>0</BisWeighted>
      <QtyInPackage>1</QtyInPackage>
      <ItemPrice>10.90</ItemPrice>
      <UnitOfMeasurePrice>3.63</UnitOfMeasurePrice>
      <AllowDiscount>1</AllowDiscount>
      <itemStatus>1</itemStatus>
      <LastUpdateDate />
      <LastUpdateTime />
    </Product>
    <Product>
      <PriceUpdateDate>2019/12/12 22:20</PriceUpdateDate>
      <ItemCode>5000204139556</ItemCode>
      <ItemType>1</ItemType>
      <ItemName>דאק ג`ל נוזל לניקוי מתקדם בניחוח פירות 7</ItemName>
      <ManufactureName>דנשר (1963) בעמ</ManufactureName>
      <ManufactureCountry />
      <ManufactureItemDescription />
      <UnitQty>יח`</UnitQty>
      <Quantity>750</Quantity>
      <UnitMeasure>מ"ל</UnitMeasure>
      <BisWeighted>0</BisWeighted>
      <QtyInPackage>1</QtyInPackage>
      <ItemPrice>10.90</ItemPrice>
      <UnitOfMeasurePrice>1.45</UnitOfMeasurePrice>
      <AllowDiscount>1</AllowDiscount>
      <itemStatus>1</itemStatus>
      <LastUpdateDate />
      <LastUpdateTime />
    </Product>
    <Product>
      <PriceUpdateDate>2013/12/31 12:18</PriceUpdateDate>
      <ItemCode>5000204661392</ItemCode>
      <ItemType>1</ItemType>
      <ItemName>משחת נעליים שחורה קיווי אקסרא לארג`</ItemName>
      <ManufactureName>דנשר (1963) בעמ</ManufactureName>
      <ManufactureCountry />
      <ManufactureItemDescription />
      <UnitQty>יח`</UnitQty>
      <Quantity>88</Quantity>
      <UnitMeasure>מ"ל</UnitMeasure>
      <BisWeighted>0</BisWeighted>
      <QtyInPackage>1</QtyInPackage>
      <ItemPrice>12.90</ItemPrice>
      <UnitOfMeasurePrice>14.66</UnitOfMeasurePrice>
      <AllowDiscount>0</AllowDiscount>
      <itemStatus>1</itemStatus>
      <LastUpdateDate />
      <LastUpdateTime />
    </Product>
    <Product>
      <PriceUpdateDate>2018/09/04 17:12</PriceUpdateDate>
      <ItemCode>5000219009295</ItemCode>
      <ItemType>1</ItemType>
      <ItemName>פאקט פאל מאל אדום ארוך</ItemName>
      <ManufactureName>גלוברנדס בעמ - שיווק סיגריות</ManufactureName>
      <ManufactureCountry />
      <ManufactureItemDescription />
      <UnitQty>יח`</UnitQty>
      <Quantity>1</Quantity>
      <UnitMeasure />
      <BisWeighted>0</BisWeighted>
      <QtyInPackage>1</QtyInPackage>
      <ItemPrice>275</ItemPrice>
      <UnitOfMeasurePrice>275</UnitOfMeasurePrice>
      <AllowDiscount>0</AllowDiscount>
      <itemStatus>1</itemStatus>
      <LastUpdateDate />
      <LastUpdateTime />
    </Product>
    <Product>
      <PriceUpdateDate>2018/09/04 17:12</PriceUpdateDate>
      <ItemCode>5000219120112</ItemCode>
      <ItemType>1</ItemType>
      <ItemName>פאל מאל כחול ארוך סטרים פילטר פאקט</ItemName>
      <ManufactureName>גלוברנדס בעמ - שיווק סיגריות</ManufactureName>
      <ManufactureCountry />
      <ManufactureItemDescription />
      <UnitQty>יח`</UnitQty>
      <Quantity>1</Quantity>
      <UnitMeasure />
      <BisWeighted>0</BisWeighted>
      <QtyInPackage>1</QtyInPackage>
      <ItemPrice>275</ItemPrice>
      <UnitOfMeasurePrice>275</UnitOfMeasurePrice>
      <AllowDiscount>0</AllowDiscount>
      <itemStatus>1</itemStatus>
      <LastUpdateDate />
      <LastUpdateTime />
    </Product>
    <Product>
      <PriceUpdateDate>2019/03/06 09:23</PriceUpdateDate>
      <ItemCode>5000267024233</ItemCode>
      <ItemType>1</ItemType>
      <ItemName>וויסקי שחור ג`וני ווקר (700 מל)</ItemName>
      <ManufactureName>החברה המרכזית להפצת משקאות-אלכ</ManufactureName>
      <ManufactureCountry />
      <ManufactureItemDescription />
      <UnitQty>יח`</UnitQty>
      <Quantity>700</Quantity>
      <UnitMeasure>מ"ל</UnitMeasure>
      <BisWeighted>0</BisWeighted>
      <QtyInPackage>1</QtyInPackage>
      <ItemPrice>109.90</ItemPrice>
      <UnitOfMeasurePrice>15.66</UnitOfMeasurePrice>
      <AllowDiscount>0</AllowDiscount>
      <itemStatus>1</itemStatus>
      <LastUpdateDate />
      <LastUpdateTime />
    </Product>
    <Product>
      <PriceUpdateDate>2018/03/27 12:00</PriceUpdateDate>
      <ItemCode>5000394017641</ItemCode>
      <ItemType>1</ItemType>
      <ItemName>סוללות דורסל רביעיות AA</ItemName>
      <ManufactureName>דיפלומט מפיצים (1968) בעמ</ManufactureName>
      <ManufactureCountry />
      <ManufactureItemDescription />
      <UnitQty>יח`</UnitQty>
      <Quantity>1</Quantity>
      <UnitMeasure />
      <BisWeighted>0</BisWeighted>
      <QtyInPackage>1</QtyInPackage>
      <ItemPrice>19.90</ItemPrice>
      <UnitOfMeasurePrice>19.90</UnitOfMeasurePrice>
      <AllowDiscount>0</AllowDiscount>
      <itemStatus>1</itemStatus>
      <LastUpdateDate />
      <LastUpdateTime />
    </Product>
    <Product>
      <PriceUpdateDate>2016/11/27 08:31</PriceUpdateDate>
      <ItemCode>5000394076952</ItemCode>
      <ItemType>1</ItemType>
      <ItemName>AA4דורסל סוללות בייסיק</ItemName>
      <ManufactureName>דיפלומט מפיצים (1968) בעמ</ManufactureName>
      <ManufactureCountry />
      <ManufactureItemDescription />
      <UnitQty>יח`</UnitQty>
      <Quantity>1</Quantity>
      <UnitMeasure />
      <BisWeighted>0</BisWeighted>
      <QtyInPackage>1</QtyInPackage>
      <ItemPrice>15.90</ItemPrice>
      <UnitOfMeasurePrice>15.90</UnitOfMeasurePrice>
      <AllowDiscount>0</AllowDiscount>
      <itemStatus>1</itemStatus>
      <LastUpdateDate />
      <LastUpdateTime />
    </Product>
    <Product>
      <PriceUpdateDate>2018/06/14 16:43</PriceUpdateDate>
      <ItemCode>5010029221084</ItemCode>
      <ItemType>1</ItemType>
      <ItemName>דגני בוקר וויטביקס פרוטאין קראנץ 450 גר`</ItemName>
      <ManufactureName>ר.ב מוצרי דגנים בעמ</ManufactureName>
      <ManufactureCountry />
      <ManufactureItemDescription />
      <UnitQty>יח`</UnitQty>
      <Quantity>450</Quantity>
      <UnitMeasure>גרם</UnitMeasure>
      <BisWeighted>0</BisWeighted>
      <QtyInPackage>1</QtyInPackage>
      <ItemPrice>29.90</ItemPrice>
      <UnitOfMeasurePrice>6.64</UnitOfMeasurePrice>
      <AllowDiscount>1</AllowDiscount>
      <itemStatus>1</itemStatus>
      <LastUpdateDate />
      <LastUpdateTime />
    </Product>
    <Product>
      <PriceUpdateDate>2015/12/01 15:22</PriceUpdateDate>
      <ItemCode>5010182997338</ItemCode>
      <ItemType>1</ItemType>
      <ItemName>ג`ל לאסלה שדות ירוקים טואלט דאק (55 מל)</ItemName>
      <ManufactureName>דנשר (1963) בעמ</ManufactureName>
      <ManufactureCountry />
      <ManufactureItemDescription />
      <UnitQty>יח`</UnitQty>
      <Quantity>55</Quantity>
      <UnitMeasure>גרם</UnitMeasure>
      <BisWeighted>0</BisWeighted>
      <QtyInPackage>1</QtyInPackage>
      <ItemPrice>12.90</ItemPrice>
      <UnitOfMeasurePrice>23.45</UnitOfMeasurePrice>
      <AllowDiscount>1</AllowDiscount>
      <itemStatus>1</itemStatus>
      <LastUpdateDate />
      <LastUpdateTime />
    </Product>
    <Product>
      <PriceUpdateDate>2016/02/21 08:21</PriceUpdateDate>
      <ItemCode>5010182997574</ItemCode>
      <ItemType>1</ItemType>
      <ItemName>דאק נוזל בודד 750 מל כתום</ItemName>
      <ManufactureName>דנשר (1963) בעמ</ManufactureName>
      <ManufactureCountry />
      <ManufactureItemDescription />
      <UnitQty>יח`</UnitQty>
      <Quantity>750</Quantity>
      <UnitMeasure>מ"ל</UnitMeasure>
      <BisWeighted>0</BisWeighted>
      <QtyInPackage>1</QtyInPackage>
      <ItemPrice>10.90</ItemPrice>
      <UnitOfMeasurePrice>1.45</UnitOfMeasurePrice>
      <AllowDiscount>1</AllowDiscount>
      <itemStatus>1</itemStatus>
      <LastUpdateDate />
      <LastUpdateTime />
    </Product>
    <Product>
      <PriceUpdateDate>2015/10/21 11:32</PriceUpdateDate>
      <ItemCode>5010182997680</ItemCode>
      <ItemType>1</ItemType>
      <ItemName>קוטל נמלים רייד (300 מל)</ItemName>
      <ManufactureName>דנשר (1963) בעמ</ManufactureName>
      <ManufactureCountry />
      <ManufactureItemDescription />
      <UnitQty>יח`</UnitQty>
      <Quantity>400</Quantity>
      <UnitMeasure>מ"ל</UnitMeasure>
      <BisWeighted>0</BisWeighted>
      <QtyInPackage>1</QtyInPackage>
      <ItemPrice>17.90</ItemPrice>
      <UnitOfMeasurePrice>4.48</UnitOfMeasurePrice>
      <AllowDiscount>1</AllowDiscount>
      <itemStatus>1</itemStatus>
      <LastUpdateDate />
      <LastUpdateTime />
    </Product>
    <Product>
      <PriceUpdateDate>2015/12/01 15:22</PriceUpdateDate>
      <ItemCode>5010182997918</ItemCode>
      <ItemType>1</ItemType>
      <ItemName>טואלט דאק ג`ל לאסלה</ItemName>
      <ManufactureName>דנשר (1963) בעמ</ManufactureName>
      <ManufactureCountry />
      <ManufactureItemDescription />
      <UnitQty>יח`</UnitQty>
      <Quantity>55</Quantity>
      <UnitMeasure>גרם</UnitMeasure>
      <BisWeighted>0</BisWeighted>
      <QtyInPackage>1</QtyInPackage>
      <ItemPrice>12.90</ItemPrice>
      <UnitOfMeasurePrice>23.45</UnitOfMeasurePrice>
      <AllowDiscount>1</AllowDiscount>
      <itemStatus>1</itemStatus>
      <LastUpdateDate />
      <LastUpdateTime />
    </Product>
    <Product>
      <PriceUpdateDate>2016/02/21 08:21</PriceUpdateDate>
      <ItemCode>5010182998861</ItemCode>
      <ItemType>1</ItemType>
      <ItemName>דאק נוזל בודד 750מל ירוק</ItemName>
      <ManufactureName>דנשר (1963) בעמ</ManufactureName>
      <ManufactureCountry />
      <ManufactureItemDescription />
      <UnitQty>יח`</UnitQty>
      <Quantity>750</Quantity>
      <UnitMeasure>מ"ל</UnitMeasure>
      <BisWeighted>0</BisWeighted>
      <QtyInPackage>1</QtyInPackage>
      <ItemPrice>10.90</ItemPrice>
      <UnitOfMeasurePrice>1.45</UnitOfMeasurePrice>
      <AllowDiscount>1</AllowDiscount>
      <itemStatus>1</itemStatus>
      <LastUpdateDate />
      <LastUpdateTime />
    </Product>
    <Product>
      <PriceUpdateDate>2015/11/02 10:59</PriceUpdateDate>
      <ItemCode>5010327000046</ItemCode>
      <ItemType>1</ItemType>
      <ItemName>וויסקי גרנטס (700 מל)</ItemName>
      <ManufactureName>הכרם - משקאות חריפים בעמ</ManufactureName>
      <ManufactureCountry />
      <ManufactureItemDescription />
      <UnitQty>יח`</UnitQty>
      <Quantity>750</Quantity>
      <UnitMeasure>מ"ל</UnitMeasure>
      <BisWeighted>0</BisWeighted>
      <QtyInPackage>1</QtyInPackage>
      <ItemPrice>100</ItemPrice>
      <UnitOfMeasurePrice>13.29</UnitOfMeasurePrice>
      <AllowDiscount>0</AllowDiscount>
      <itemStatus>1</itemStatus>
      <LastUpdateDate />
      <LastUpdateTime />
    </Product>
    <Product>
      <PriceUpdateDate>2018/04/15 08:48</PriceUpdateDate>
      <ItemCode>5010677433655</ItemCode>
      <ItemType>1</ItemType>
      <ItemName>בריזר בקרדי תות (275 מל)</ItemName>
      <ManufactureName>טמפו משקאות בעמ</ManufactureName>
      <ManufactureCountry />
      <ManufactureItemDescription />
      <UnitQty>יח`</UnitQty>
      <Quantity>275</Quantity>
      <UnitMeasure>מ"ל</UnitMeasure>
      <BisWeighted>0</BisWeighted>
      <QtyInPackage>1</QtyInPackage>
      <ItemPrice>14</ItemPrice>
      <UnitOfMeasurePrice>4.98</UnitOfMeasurePrice>
      <AllowDiscount>0</AllowDiscount>
      <itemStatus>1</itemStatus>
      <LastUpdateDate />
      <LastUpdateTime />
    </Product>
    <Product>
      <PriceUpdateDate>2014/04/25 14:42</PriceUpdateDate>
      <ItemCode>5010677551281</ItemCode>
      <ItemType>1</ItemType>
      <ItemName>בריזר לימון בבקבוק בקרדי (275 מל)</ItemName>
      <ManufactureName>טמפו משקאות בעמ</ManufactureName>
      <ManufactureCountry />
      <ManufactureItemDescription />
      <UnitQty>יח`</UnitQty>
      <Quantity>275</Quantity>
      <UnitMeasure>מ"ל</UnitMeasure>
      <BisWeighted>0</BisWeighted>
      <QtyInPackage>1</QtyInPackage>
      <ItemPrice>14</ItemPrice>
      <UnitOfMeasurePrice>4.98</UnitOfMeasurePrice>
      <AllowDiscount>1</AllowDiscount>
      <itemStatus>1</itemStatus>
      <LastUpdateDate />
      <LastUpdateTime />
    </Product>
    <Product>
      <PriceUpdateDate>2014/04/25 14:42</PriceUpdateDate>
      <ItemCode>5010677552387</ItemCode>
      <ItemType>1</ItemType>
      <ItemName>בריזר אננס בקרדי (275 מל)</ItemName>
      <ManufactureName>טמפו משקאות בעמ</ManufactureName>
      <ManufactureCountry />
      <ManufactureItemDescription />
      <UnitQty>יח`</UnitQty>
      <Quantity>275</Quantity>
      <UnitMeasure>מ"ל</UnitMeasure>
      <BisWeighted>0</BisWeighted>
      <QtyInPackage>1</QtyInPackage>
      <ItemPrice>14</ItemPrice>
      <UnitOfMeasurePrice>4.98</UnitOfMeasurePrice>
      <AllowDiscount>1</AllowDiscount>
      <itemStatus>1</itemStatus>
      <LastUpdateDate />
      <LastUpdateTime />
    </Product>
    <Product>
      <PriceUpdateDate>2019/02/27 14:07</PriceUpdateDate>
      <ItemCode>5010677714006</ItemCode>
      <ItemType>1</ItemType>
      <ItemName>ג`ין בומביי ספייר 700 מל</ItemName>
      <ManufactureName>מ. אקרמן בעמ</ManufactureName>
      <ManufactureCountry />
      <ManufactureItemDescription />
      <UnitQty>יח`</UnitQty>
      <Quantity>700</Quantity>
      <UnitMeasure>מ"ל</UnitMeasure>
      <BisWeighted>0</BisWeighted>
      <QtyInPackage>1</QtyInPackage>
      <ItemPrice>119.90</ItemPrice>
      <UnitOfMeasurePrice>17.09</UnitOfMeasurePrice>
      <AllowDiscount>1</AllowDiscount>
      <itemStatus>1</itemStatus>
      <LastUpdateDate />
      <LastUpdateTime />
    </Product>
    <Product>
      <PriceUpdateDate>2016/12/21 08:15</PriceUpdateDate>
      <ItemCode>5011026108033</ItemCode>
      <ItemType>1</ItemType>
      <ItemName>טולמור דיו וויסקי אירי 700מל</ItemName>
      <ManufactureName>הכרם - משקאות חריפים בעמ</ManufactureName>
      <ManufactureCountry />
      <ManufactureItemDescription />
      <UnitQty>יח`</UnitQty>
      <Quantity>700</Quantity>
      <UnitMeasure>מ"ל</UnitMeasure>
      <BisWeighted>0</BisWeighted>
      <QtyInPackage>1</QtyInPackage>
      <ItemPrice>99</ItemPrice>
      <UnitOfMeasurePrice>14.10</UnitOfMeasurePrice>
      <AllowDiscount>1</AllowDiscount>
      <itemStatus>1</itemStatus>
      <LastUpdateDate />
      <LastUpdateTime />
    </Product>
    <Product>
      <PriceUpdateDate>2019/08/18 10:57</PriceUpdateDate>
      <ItemCode>5011417552247</ItemCode>
      <ItemType>1</ItemType>
      <ItemName>אירוויק נטול גז</ItemName>
      <ManufactureName>רקיט בנקיזר (ניר איסט) בעמ</ManufactureName>
      <ManufactureCountry />
      <ManufactureItemDescription />
      <UnitQty>יח`</UnitQty>
      <Quantity>345</Quantity>
      <UnitMeasure>מ"ל</UnitMeasure>
      <BisWeighted>0</BisWeighted>
      <QtyInPackage>1</QtyInPackage>
      <ItemPrice>12.90</ItemPrice>
      <UnitOfMeasurePrice>3.74</UnitOfMeasurePrice>
      <AllowDiscount>1</AllowDiscount>
      <itemStatus>1</itemStatus>
      <LastUpdateDate />
      <LastUpdateTime />
    </Product>
    <Product>
      <PriceUpdateDate>2017/03/01 08:11</PriceUpdateDate>
      <ItemCode>5011417556849</ItemCode>
      <ItemType>1</ItemType>
      <ItemName>איירוויק מילקווי כביסה ריחנית</ItemName>
      <ManufactureName>רקיט בנקיזר (ניר איסט) בעמ</ManufactureName>
      <ManufactureCountry />
      <ManufactureItemDescription />
      <UnitQty>יח`</UnitQty>
      <Quantity>345</Quantity>
      <UnitMeasure>מ"ל</UnitMeasure>
      <BisWeighted>0</BisWeighted>
      <QtyInPackage>1</QtyInPackage>
      <ItemPrice>20.90</ItemPrice>
      <UnitOfMeasurePrice>6.06</UnitOfMeasurePrice>
      <AllowDiscount>0</AllowDiscount>
      <itemStatus>1</itemStatus>
      <LastUpdateDate />
      <LastUpdateTime />
    </Product>
    <Product>
      <PriceUpdateDate>2019/03/24 11:47</PriceUpdateDate>
      <ItemCode>5012251012249</ItemCode>
      <ItemType>1</ItemType>
      <ItemName>תרחיץ פלינג לפנים בתוספת פחם פעיל 150 מ</ItemName>
      <ManufactureName>פארמה דיל (פ.א.ב.) שיווק והפצה</ManufactureName>
      <ManufactureCountry />
      <ManufactureItemDescription />
      <UnitQty>יח`</UnitQty>
      <Quantity>0</Quantity>
      <UnitMeasure>מ"ל</UnitMeasure>
      <BisWeighted>0</BisWeighted>
      <QtyInPackage>1</QtyInPackage>
      <ItemPrice>14.90</ItemPrice>
      <UnitOfMeasurePrice>14.90</UnitOfMeasurePrice>
      <AllowDiscount>0</AllowDiscount>
      <itemStatus>1</itemStatus>
      <LastUpdateDate />
      <LastUpdateTime />
    </Product>
    <Product>
      <PriceUpdateDate>2019/11/13 15:44</PriceUpdateDate>
      <ItemCode>5013931015741</ItemCode>
      <ItemType>1</ItemType>
      <ItemName>ידית הפלא לשטיפת כלים דיש מטיק</ItemName>
      <ManufactureName>מ.א.ייצור ויבוא מטליות בעמ</ManufactureName>
      <ManufactureCountry />
      <ManufactureItemDescription />
      <UnitQty>יח`</UnitQty>
      <Quantity>1</Quantity>
      <UnitMeasure />
      <BisWeighted>0</BisWeighted>
      <QtyInPackage>1</QtyInPackage>
      <ItemPrice>19.90</ItemPrice>
      <UnitOfMeasurePrice>19.90</UnitOfMeasurePrice>
      <AllowDiscount>0</AllowDiscount>
      <itemStatus>1</itemStatus>
      <LastUpdateDate />
      <LastUpdateTime />
    </Product>
    <Product>
      <PriceUpdateDate>2020/04/08 06:47</PriceUpdateDate>
      <ItemCode>5013931015789</ItemCode>
      <ItemType>1</ItemType>
      <ItemName>ידית הפלא עם כרית פלדה דיש מטיק</ItemName>
      <ManufactureName>מ.א.ייצור ויבוא מטליות בעמ</ManufactureName>
      <ManufactureCountry />
      <ManufactureItemDescription />
      <UnitQty>יח`</UnitQty>
      <Quantity>1</Quantity>
      <UnitMeasure />
      <BisWeighted>0</BisWeighted>
      <QtyInPackage>1</QtyInPackage>
      <ItemPrice>19.90</ItemPrice>
      <UnitOfMeasurePrice>19.90</UnitOfMeasurePrice>
      <AllowDiscount>0</AllowDiscount>
      <itemStatus>1</itemStatus>
      <LastUpdateDate />
      <LastUpdateTime />
    </Product>
    <Product>
      <PriceUpdateDate>2020/04/08 06:47</PriceUpdateDate>
      <ItemCode>5013931015819</ItemCode>
      <ItemType>1</ItemType>
      <ItemName>מארז כריות פלדה דיש מטיק (2 יח)</ItemName>
      <ManufactureName>מ.א.ייצור ויבוא מטליות בעמ</ManufactureName>
      <ManufactureCountry />
      <ManufactureItemDescription />
      <UnitQty>יח`</UnitQty>
      <Quantity>1</Quantity>
      <UnitMeasure />
      <BisWeighted>0</BisWeighted>
      <QtyInPackage>1</QtyInPackage>
      <ItemPrice>22.90</ItemPrice>
      <UnitOfMeasurePrice>22.90</UnitOfMeasurePrice>
      <AllowDiscount>0</AllowDiscount>
      <itemStatus>1</itemStatus>
      <LastUpdateDate />
      <LastUpdateTime />
    </Product>
    <Product>
      <PriceUpdateDate>2016/07/06 18:51</PriceUpdateDate>
      <ItemCode>5014271300429</ItemCode>
      <ItemType>1</ItemType>
      <ItemName>מעדן סנט דלפור משמש</ItemName>
      <ManufactureName>נטו מלינדה סחר בעמ</ManufactureName>
      <ManufactureCountry />
      <ManufactureItemDescription />
      <UnitQty>יח`</UnitQty>
      <Quantity>284</Quantity>
      <UnitMeasure>גרם</UnitMeasure>
      <BisWeighted>0</BisWeighted>
      <QtyInPackage>1</QtyInPackage>
      <ItemPrice>18.90</ItemPrice>
      <UnitOfMeasurePrice>6.65</UnitOfMeasurePrice>
      <AllowDiscount>1</AllowDiscount>
      <itemStatus>1</itemStatus>
      <LastUpdateDate />
      <LastUpdateTime />
    </Product>
    <Product>
      <PriceUpdateDate>2016/07/06 18:51</PriceUpdateDate>
      <ItemCode>5014271310428</ItemCode>
      <ItemType>1</ItemType>
      <ItemName>מעדן סנט דלפור דובדבן שחור</ItemName>
      <ManufactureName>נטו מלינדה סחר בעמ</ManufactureName>
      <ManufactureCountry />
      <ManufactureItemDescription />
      <UnitQty>יח`</UnitQty>
      <Quantity>284</Quantity>
      <UnitMeasure>גרם</UnitMeasure>
      <BisWeighted>0</BisWeighted>
      <QtyInPackage>1</QtyInPackage>
      <ItemPrice>18.90</ItemPrice>
      <UnitOfMeasurePrice>6.65</UnitOfMeasurePrice>
      <AllowDiscount>1</AllowDiscount>
      <itemStatus>1</itemStatus>
      <LastUpdateDate />
      <LastUpdateTime />
    </Product>
    <Product>
      <PriceUpdateDate>2016/07/06 18:51</PriceUpdateDate>
      <ItemCode>5014271360423</ItemCode>
      <ItemType>1</ItemType>
      <ItemName>מעדן סנט דלפור תפוז</ItemName>
      <ManufactureName>נטו מלינדה סחר בעמ</ManufactureName>
      <ManufactureCountry />
      <ManufactureItemDescription />
      <UnitQty>יח`</UnitQty>
      <Quantity>284</Quantity>
      <UnitMeasure>גרם</UnitMeasure>
      <BisWeighted>0</BisWeighted>
      <QtyInPackage>1</QtyInPackage>
      <ItemPrice>18.90</ItemPrice>
      <UnitOfMeasurePrice>6.65</UnitOfMeasurePrice>
      <AllowDiscount>1</AllowDiscount>
      <itemStatus>1</itemStatus>
      <LastUpdateDate />
      <LastUpdateTime />
    </Product>
    <Product>
      <PriceUpdateDate>2016/07/06 18:51</PriceUpdateDate>
      <ItemCode>5014271370422</ItemCode>
      <ItemType>1</ItemType>
      <ItemName>מעדן סנט דלפור אפרסק</ItemName>
      <ManufactureName>נטו מלינדה סחר בעמ</ManufactureName>
      <ManufactureCountry />
      <ManufactureItemDescription />
      <UnitQty>יח`</UnitQty>
      <Quantity>284</Quantity>
      <UnitMeasure>גרם</UnitMeasure>
      <BisWeighted>0</BisWeighted>
      <QtyInPackage>1</QtyInPackage>
      <ItemPrice>18.90</ItemPrice>
      <UnitOfMeasurePrice>6.65</UnitOfMeasurePrice>
      <AllowDiscount>1</AllowDiscount>
      <itemStatus>1</itemStatus>
      <LastUpdateDate />
      <LastUpdateTime />
    </Product>
    <Product>
      <PriceUpdateDate>2016/07/06 18:51</PriceUpdateDate>
      <ItemCode>5014271560427</ItemCode>
      <ItemType>1</ItemType>
      <ItemName>מעדן סנט דלפור תפוז ג`ינגי`ר 284 גר`</ItemName>
      <ManufactureName>נטו מלינדה סחר בעמ</ManufactureName>
      <ManufactureCountry />
      <ManufactureItemDescription />
      <UnitQty>יח`</UnitQty>
      <Quantity>284</Quantity>
      <UnitMeasure>גרם</UnitMeasure>
      <BisWeighted>0</BisWeighted>
      <QtyInPackage>1</QtyInPackage>
      <ItemPrice>18.90</ItemPrice>
      <UnitOfMeasurePrice>6.65</UnitOfMeasurePrice>
      <AllowDiscount>1</AllowDiscount>
      <itemStatus>1</itemStatus>
      <LastUpdateDate />
      <LastUpdateTime />
    </Product>
    <Product>
      <PriceUpdateDate>2016/07/06 18:51</PriceUpdateDate>
      <ItemCode>5014271795980</ItemCode>
      <ItemType>1</ItemType>
      <ItemName>מעדן סנט דלפור חמוציות ואוכמניות</ItemName>
      <ManufactureName>נטו מלינדה סחר בעמ</ManufactureName>
      <ManufactureCountry />
      <ManufactureItemDescription />
      <UnitQty>יח`</UnitQty>
      <Quantity>284</Quantity>
      <UnitMeasure>גרם</UnitMeasure>
      <BisWeighted>0</BisWeighted>
      <QtyInPackage>1</QtyInPackage>
      <ItemPrice>18.90</ItemPrice>
      <UnitOfMeasurePrice>6.65</UnitOfMeasurePrice>
      <AllowDiscount>1</AllowDiscount>
      <itemStatus>1</itemStatus>
      <LastUpdateDate />
      <LastUpdateTime />
    </Product>
    <Product>
      <PriceUpdateDate>2018/07/05 17:08</PriceUpdateDate>
      <ItemCode>5029053002408</ItemCode>
      <ItemType>1</ItemType>
      <ItemName>נייר טואלט קליניקס 9 לבן</ItemName>
      <ManufactureName>קימברלי קלארק ישראל שיווק בעמ</ManufactureName>
      <ManufactureCountry />
      <ManufactureItemDescription />
      <UnitQty>יח`</UnitQty>
      <Quantity>1184</Quantity>
      <UnitMeasure>גרם</UnitMeasure>
      <BisWeighted>0</BisWeighted>
      <QtyInPackage>1</QtyInPackage>
      <ItemPrice>29.90</ItemPrice>
      <UnitOfMeasurePrice>2.53</UnitOfMeasurePrice>
      <AllowDiscount>0</AllowDiscount>
      <itemStatus>1</itemStatus>
      <LastUpdateDate />
      <LastUpdateTime />
    </Product>
    <Product>
      <PriceUpdateDate>2015/05/28 14:02</PriceUpdateDate>
      <ItemCode>5029053510828</ItemCode>
      <ItemType>1</ItemType>
      <ItemName>תחבושות סופר פלוס עם כנפיים קוטקס (24)</ItemName>
      <ManufactureName>קימברלי קלארק ישראל שיווק בעמ</ManufactureName>
      <ManufactureCountry />
      <ManufactureItemDescription />
      <UnitQty>יח`</UnitQty>
      <Quantity>1</Quantity>
      <UnitMeasure />
      <BisWeighted>0</BisWeighted>
      <QtyInPackage>1</QtyInPackage>
      <ItemPrice>19.90</ItemPrice>
      <UnitOfMeasurePrice>19.90</UnitOfMeasurePrice>
      <AllowDiscount>1</AllowDiscount>
      <itemStatus>1</itemStatus>
      <LastUpdateDate />
      <LastUpdateTime />
    </Product>
    <Product>
      <PriceUpdateDate>2015/05/28 14:02</PriceUpdateDate>
      <ItemCode>5029053523446</ItemCode>
      <ItemType>1</ItemType>
      <ItemName>תחבושות עם כנפיים ללילה קוטקס (20)</ItemName>
      <ManufactureName>קימברלי קלארק ישראל שיווק בעמ</ManufactureName>
      <ManufactureCountry />
      <ManufactureItemDescription />
      <UnitQty>יח`</UnitQty>
      <Quantity>1</Quantity>
      <UnitMeasure />
      <BisWeighted>0</BisWeighted>
      <QtyInPackage>1</QtyInPackage>
      <ItemPrice>19.90</ItemPrice>
      <UnitOfMeasurePrice>19.90</UnitOfMeasurePrice>
      <AllowDiscount>1</AllowDiscount>
      <itemStatus>1</itemStatus>
      <LastUpdateDate />
      <LastUpdateTime />
    </Product>
    <Product>
      <PriceUpdateDate>2015/12/02 12:18</PriceUpdateDate>
      <ItemCode>5029053527581</ItemCode>
      <ItemType>1</ItemType>
      <ItemName>האגיס דריי נייטס בת M</ItemName>
      <ManufactureName>קימברלי קלארק ישראל שיווק בעמ</ManufactureName>
      <ManufactureCountry />
      <ManufactureItemDescription />
      <UnitQty>יח`</UnitQty>
      <Quantity>1</Quantity>
      <UnitMeasure>יח`</UnitMeasure>
      <BisWeighted>0</BisWeighted>
      <QtyInPackage>1</QtyInPackage>
      <ItemPrice>39.90</ItemPrice>
      <UnitOfMeasurePrice>39.90</UnitOfMeasurePrice>
      <AllowDiscount>1</AllowDiscount>
      <itemStatus>1</itemStatus>
      <LastUpdateDate />
      <LastUpdateTime />
    </Product>
    <Product>
      <PriceUpdateDate>2019/06/11 10:19</PriceUpdateDate>
      <ItemCode>5029053535234</ItemCode>
      <ItemType>1</ItemType>
      <ItemName>טמפונים סופר עם מוליך קוטקס) (16</ItemName>
      <ManufactureName>קימברלי קלארק ישראל שיווק בעמ</ManufactureName>
      <ManufactureCountry />
      <ManufactureItemDescription />
      <UnitQty>יח`</UnitQty>
      <Quantity>1</Quantity>
      <UnitMeasure />
      <BisWeighted>0</BisWeighted>
      <QtyInPackage>1</QtyInPackage>
      <ItemPrice>19.90</ItemPrice>
      <UnitOfMeasurePrice>19.90</UnitOfMeasurePrice>
      <AllowDiscount>0</AllowDiscount>
      <itemStatus>1</itemStatus>
      <LastUpdateDate />
      <LastUpdateTime />
    </Product>
    <Product>
      <PriceUpdateDate>2019/11/10 11:59</PriceUpdateDate>
      <ItemCode>5029053560762</ItemCode>
      <ItemType>1</ItemType>
      <ItemName>קלינקס מארז 8 יח טישו</ItemName>
      <ManufactureName>פארמה דיל (פ.א.ב.) שיווק והפצה</ManufactureName>
      <ManufactureCountry />
      <ManufactureItemDescription />
      <UnitQty>יח`</UnitQty>
      <Quantity>100</Quantity>
      <UnitMeasure>גרם</UnitMeasure>
      <BisWeighted>0</BisWeighted>
      <QtyInPackage>1</QtyInPackage>
      <ItemPrice>8.90</ItemPrice>
      <UnitOfMeasurePrice>8.90</UnitOfMeasurePrice>
      <AllowDiscount>0</AllowDiscount>
      <itemStatus>1</itemStatus>
      <LastUpdateDate />
      <LastUpdateTime />
    </Product>
    <Product>
      <PriceUpdateDate>2020/01/26 12:59</PriceUpdateDate>
      <ItemCode>5060517886486</ItemCode>
      <ItemType>1</ItemType>
      <ItemName>משקה אנר`גי פח 500 מל מונסטר</ItemName>
      <ManufactureName>החברה המרכזית להפצת משקאות בעמ</ManufactureName>
      <ManufactureCountry />
      <ManufactureItemDescription />
      <UnitQty>יח`</UnitQty>
      <Quantity>1</Quantity>
      <UnitMeasure />
      <BisWeighted>0</BisWeighted>
      <QtyInPackage>1</QtyInPackage>
      <ItemPrice>5.90</ItemPrice>
      <UnitOfMeasurePrice>5.90</UnitOfMeasurePrice>
      <AllowDiscount>1</AllowDiscount>
      <itemStatus>1</itemStatus>
      <LastUpdateDate />
      <LastUpdateTime />
    </Product>
    <Product>
      <PriceUpdateDate>2020/01/26 12:59</PriceUpdateDate>
      <ItemCode>5060517886547</ItemCode>
      <ItemType>1</ItemType>
      <ItemName>משקה אנר`גי רוזי פח 500 מל מונסטר</ItemName>
      <ManufactureName>החברה המרכזית להפצת משקאות בעמ</ManufactureName>
      <ManufactureCountry />
      <ManufactureItemDescription />
      <UnitQty>יח`</UnitQty>
      <Quantity>1</Quantity>
      <UnitMeasure />
      <BisWeighted>0</BisWeighted>
      <QtyInPackage>1</QtyInPackage>
      <ItemPrice>5.90</ItemPrice>
      <UnitOfMeasurePrice>5.90</UnitOfMeasurePrice>
      <AllowDiscount>1</AllowDiscount>
      <itemStatus>1</itemStatus>
      <LastUpdateDate />
      <LastUpdateTime />
    </Product>
    <Product>
      <PriceUpdateDate>2014/01/02 08:42</PriceUpdateDate>
      <ItemCode>5099864006377</ItemCode>
      <ItemType>1</ItemType>
      <ItemName>תחליף חלב שלב 1 מהדרין סימילאק (900 גרם)</ItemName>
      <ManufactureName>שקד תבל בעמ</ManufactureName>
      <ManufactureCountry />
      <ManufactureItemDescription />
      <UnitQty>יח`</UnitQty>
      <Quantity>900</Quantity>
      <UnitMeasure>גרם</UnitMeasure>
      <BisWeighted>0</BisWeighted>
      <QtyInPackage>1</QtyInPackage>
      <ItemPrice>77.90</ItemPrice>
      <UnitOfMeasurePrice>8.66</UnitOfMeasurePrice>
      <AllowDiscount>1</AllowDiscount>
      <itemStatus>1</itemStatus>
      <LastUpdateDate />
      <LastUpdateTime />
    </Product>
    <Product>
      <PriceUpdateDate>2014/01/02 08:42</PriceUpdateDate>
      <ItemCode>5099864006384</ItemCode>
      <ItemType>1</ItemType>
      <ItemName>תחליף חלב שלב 2 מהדרין סימילאק (900 גרם)</ItemName>
      <ManufactureName>שקד תבל בעמ</ManufactureName>
      <ManufactureCountry />
      <ManufactureItemDescription />
      <UnitQty>יח`</UnitQty>
      <Quantity>900</Quantity>
      <UnitMeasure>גרם</UnitMeasure>
      <BisWeighted>0</BisWeighted>
      <QtyInPackage>1</QtyInPackage>
      <ItemPrice>77.90</ItemPrice>
      <UnitOfMeasurePrice>8.66</UnitOfMeasurePrice>
      <AllowDiscount>1</AllowDiscount>
      <itemStatus>1</itemStatus>
      <LastUpdateDate />
      <LastUpdateTime />
    </Product>
    <Product>
      <PriceUpdateDate>2014/01/02 08:42</PriceUpdateDate>
      <ItemCode>5099864006391</ItemCode>
      <ItemType>1</ItemType>
      <ItemName>תחליף חלב שלב 3 מהדרין סימילאק (900 גרם)</ItemName>
      <ManufactureName>שקד תבל בעמ</ManufactureName>
      <ManufactureCountry />
      <ManufactureItemDescription />
      <UnitQty>יח`</UnitQty>
      <Quantity>900</Quantity>
      <UnitMeasure>גרם</UnitMeasure>
      <BisWeighted>0</BisWeighted>
      <QtyInPackage>1</QtyInPackage>
      <ItemPrice>77.90</ItemPrice>
      <UnitOfMeasurePrice>8.66</UnitOfMeasurePrice>
      <AllowDiscount>1</AllowDiscount>
      <itemStatus>1</itemStatus>
      <LastUpdateDate />
      <LastUpdateTime />
    </Product>
    <Product>
      <PriceUpdateDate>2018/04/25 13:28</PriceUpdateDate>
      <ItemCode>5200133120483</ItemCode>
      <ItemType>1</ItemType>
      <ItemName>גליליות וופלים 400 גרם וניל גולדן ברייק</ItemName>
      <ManufactureName>דיפלומט היינץ</ManufactureName>
      <ManufactureCountry />
      <ManufactureItemDescription />
      <UnitQty>יח`</UnitQty>
      <Quantity>400</Quantity>
      <UnitMeasure>גרם</UnitMeasure>
      <BisWeighted>0</BisWeighted>
      <QtyInPackage>1</QtyInPackage>
      <ItemPrice>16.90</ItemPrice>
      <UnitOfMeasurePrice>4.23</UnitOfMeasurePrice>
      <AllowDiscount>0</AllowDiscount>
      <itemStatus>1</itemStatus>
      <LastUpdateDate />
      <LastUpdateTime />
    </Product>
    <Product>
      <PriceUpdateDate>2015/03/08 13:35</PriceUpdateDate>
      <ItemCode>5201085540084</ItemCode>
      <ItemType>1</ItemType>
      <ItemName>מיקס סוכריות 800 גר גילו</ItemName>
      <ManufactureName>בני פאוזי שמשום (2009) בעמ</ManufactureName>
      <ManufactureCountry />
      <ManufactureItemDescription />
      <UnitQty>יח`</UnitQty>
      <Quantity>800</Quantity>
      <UnitMeasure>גרם</UnitMeasure>
      <BisWeighted>0</BisWeighted>
      <QtyInPackage>1</QtyInPackage>
      <ItemPrice>19.90</ItemPrice>
      <UnitOfMeasurePrice>2.49</UnitOfMeasurePrice>
      <AllowDiscount>0</AllowDiscount>
      <itemStatus>1</itemStatus>
      <LastUpdateDate />
      <LastUpdateTime />
    </Product>
    <Product>
      <PriceUpdateDate>2014/07/11 07:02</PriceUpdateDate>
      <ItemCode>5201178801054</ItemCode>
      <ItemType>1</ItemType>
      <ItemName>קרם ניוואה 250 מל</ItemName>
      <ManufactureName>אלפא- ב.ד.ף בעמ</ManufactureName>
      <ManufactureCountry />
      <ManufactureItemDescription />
      <UnitQty>יח`</UnitQty>
      <Quantity>250</Quantity>
      <UnitMeasure>גרם</UnitMeasure>
      <BisWeighted>0</BisWeighted>
      <QtyInPackage>1</QtyInPackage>
      <ItemPrice>34.90</ItemPrice>
      <UnitOfMeasurePrice>13.96</UnitOfMeasurePrice>
      <AllowDiscount>1</AllowDiscount>
      <itemStatus>1</itemStatus>
      <LastUpdateDate />
      <LastUpdateTime />
    </Product>
    <Product>
      <PriceUpdateDate>2019/01/22 11:44</PriceUpdateDate>
      <ItemCode>5201360571376</ItemCode>
      <ItemType>1</ItemType>
      <ItemName>מיני קרואסון עם מילוי קרם קקאו 60 גר`</ItemName>
      <ManufactureName>אבאל יזמות בעמ</ManufactureName>
      <ManufactureCountry />
      <ManufactureItemDescription />
      <UnitQty>יח`</UnitQty>
      <Quantity>60</Quantity>
      <UnitMeasure>גרם</UnitMeasure>
      <BisWeighted>0</BisWeighted>
      <QtyInPackage>1</QtyInPackage>
      <ItemPrice>5.90</ItemPrice>
      <UnitOfMeasurePrice>9.83</UnitOfMeasurePrice>
      <AllowDiscount>1</AllowDiscount>
      <itemStatus>1</itemStatus>
      <LastUpdateDate />
      <LastUpdateTime />
    </Product>
    <Product>
      <PriceUpdateDate>2018/06/11 19:06</PriceUpdateDate>
      <ItemCode>5201360724147</ItemCode>
      <ItemType>1</ItemType>
      <ItemName>מארז רולדות אישיות במילוי קקאו</ItemName>
      <ManufactureName>אבאל יזמות בעמ</ManufactureName>
      <ManufactureCountry />
      <ManufactureItemDescription />
      <UnitQty>יח`</UnitQty>
      <Quantity>1</Quantity>
      <UnitMeasure />
      <BisWeighted>0</BisWeighted>
      <QtyInPackage>1</QtyInPackage>
      <ItemPrice>10.90</ItemPrice>
      <UnitOfMeasurePrice>10.90</UnitOfMeasurePrice>
      <AllowDiscount>1</AllowDiscount>
      <itemStatus>1</itemStatus>
      <LastUpdateDate />
      <LastUpdateTime />
    </Product>
    <Product>
      <PriceUpdateDate>2018/06/11 19:06</PriceUpdateDate>
      <ItemCode>5201360724741</ItemCode>
      <ItemType>1</ItemType>
      <ItemName>מארז רולדות אישיות במילוי וניל</ItemName>
      <ManufactureName>אבאל יזמות בעמ</ManufactureName>
      <ManufactureCountry />
      <ManufactureItemDescription />
      <UnitQty>יח`</UnitQty>
      <Quantity>1</Quantity>
      <UnitMeasure />
      <BisWeighted>0</BisWeighted>
      <QtyInPackage>1</QtyInPackage>
      <ItemPrice>10.90</ItemPrice>
      <UnitOfMeasurePrice>10.90</UnitOfMeasurePrice>
      <AllowDiscount>1</AllowDiscount>
      <itemStatus>1</itemStatus>
      <LastUpdateDate />
      <LastUpdateTime />
    </Product>
    <Product>
      <PriceUpdateDate>2018/06/11 19:06</PriceUpdateDate>
      <ItemCode>5201360797097</ItemCode>
      <ItemType>1</ItemType>
      <ItemName>עוגות ספוג אישיות שמינייה</ItemName>
      <ManufactureName>אבאל יזמות בעמ</ManufactureName>
      <ManufactureCountry />
      <ManufactureItemDescription />
      <UnitQty>יח`</UnitQty>
      <Quantity>1</Quantity>
      <UnitMeasure />
      <BisWeighted>0</BisWeighted>
      <QtyInPackage>1</QtyInPackage>
      <ItemPrice>11.90</ItemPrice>
      <UnitOfMeasurePrice>11.90</UnitOfMeasurePrice>
      <AllowDiscount>1</AllowDiscount>
      <itemStatus>1</itemStatus>
      <LastUpdateDate />
      <LastUpdateTime />
    </Product>
    <Product>
      <PriceUpdateDate>2018/06/11 19:06</PriceUpdateDate>
      <ItemCode>5201360797196</ItemCode>
      <ItemType>1</ItemType>
      <ItemName>עוגת ספוג מצופה קקאו סבן דייז (32x8 גרם)</ItemName>
      <ManufactureName>אבאל יזמות בעמ</ManufactureName>
      <ManufactureCountry />
      <ManufactureItemDescription />
      <UnitQty>יח`</UnitQty>
      <Quantity>1</Quantity>
      <UnitMeasure />
      <BisWeighted>0</BisWeighted>
      <QtyInPackage>1</QtyInPackage>
      <ItemPrice>11.90</ItemPrice>
      <UnitOfMeasurePrice>11.90</UnitOfMeasurePrice>
      <AllowDiscount>1</AllowDiscount>
      <itemStatus>1</itemStatus>
      <LastUpdateDate />
      <LastUpdateTime />
    </Product>
    <Product>
      <PriceUpdateDate>2013/11/17 12:57</PriceUpdateDate>
      <ItemCode>5202300014472</ItemCode>
      <ItemType>1</ItemType>
      <ItemName>ספריי עיצוב ורוד וולה (250 מל)</ItemName>
      <ManufactureName>דיפלומט מפיצים (1968) בעמ</ManufactureName>
      <ManufactureCountry />
      <ManufactureItemDescription />
      <UnitQty>יח`</UnitQty>
      <Quantity>250</Quantity>
      <UnitMeasure>מ"ל</UnitMeasure>
      <BisWeighted>0</BisWeighted>
      <QtyInPackage>1</QtyInPackage>
      <ItemPrice>37.90</ItemPrice>
      <UnitOfMeasurePrice>15.16</UnitOfMeasurePrice>
      <AllowDiscount>0</AllowDiscount>
      <itemStatus>1</itemStatus>
      <LastUpdateDate />
      <LastUpdateTime />
    </Product>
    <Product>
      <PriceUpdateDate>2018/03/25 11:59</PriceUpdateDate>
      <ItemCode>5202390014239</ItemCode>
      <ItemType>1</ItemType>
      <ItemName>צהובה טבעונית עם עשבי תיבול</ItemName>
      <ManufactureName>ל.י.ב. (לחיות יותר בטבע) בעמ</ManufactureName>
      <ManufactureCountry />
      <ManufactureItemDescription />
      <UnitQty>יח`</UnitQty>
      <Quantity>1</Quantity>
      <UnitMeasure />
      <BisWeighted>0</BisWeighted>
      <QtyInPackage>1</QtyInPackage>
      <ItemPrice>22.90</ItemPrice>
      <UnitOfMeasurePrice>22.90</UnitOfMeasurePrice>
      <AllowDiscount>0</AllowDiscount>
      <itemStatus>1</itemStatus>
      <LastUpdateDate />
      <LastUpdateTime />
    </Product>
    <Product>
      <PriceUpdateDate>2018/05/06 11:37</PriceUpdateDate>
      <ItemCode>5391523057929</ItemCode>
      <ItemType>1</ItemType>
      <ItemName>סימילאק גולד שלב 1 700 גר`</ItemName>
      <ManufactureName>שקד תבל בעמ</ManufactureName>
      <ManufactureCountry />
      <ManufactureItemDescription />
      <UnitQty>יח`</UnitQty>
      <Quantity>700</Quantity>
      <UnitMeasure>גרם</UnitMeasure>
      <BisWeighted>0</BisWeighted>
      <QtyInPackage>1</QtyInPackage>
      <ItemPrice>84.90</ItemPrice>
      <UnitOfMeasurePrice>12.13</UnitOfMeasurePrice>
      <AllowDiscount>1</AllowDiscount>
      <itemStatus>1</itemStatus>
      <LastUpdateDate />
      <LastUpdateTime />
    </Product>
    <Product>
      <PriceUpdateDate>2018/07/19 20:08</PriceUpdateDate>
      <ItemCode>5391523058063</ItemCode>
      <ItemType>1</ItemType>
      <ItemName>סימילאק אדוונס פלוס שלב 1 700 גר</ItemName>
      <ManufactureName>שקד תבל בעמ</ManufactureName>
      <ManufactureCountry />
      <ManufactureItemDescription />
      <UnitQty>יח`</UnitQty>
      <Quantity>700</Quantity>
      <UnitMeasure>גרם</UnitMeasure>
      <BisWeighted>0</BisWeighted>
      <QtyInPackage>1</QtyInPackage>
      <ItemPrice>69.90</ItemPrice>
      <UnitOfMeasurePrice>9.99</UnitOfMeasurePrice>
      <AllowDiscount>1</AllowDiscount>
      <itemStatus>1</itemStatus>
      <LastUpdateDate />
      <LastUpdateTime />
    </Product>
    <Product>
      <PriceUpdateDate>2018/07/19 20:08</PriceUpdateDate>
      <ItemCode>5391523058070</ItemCode>
      <ItemType>1</ItemType>
      <ItemName>סימילאק אדוונס פלוס שלב 3 700 גר</ItemName>
      <ManufactureName>שקד תבל בעמ</ManufactureName>
      <ManufactureCountry />
      <ManufactureItemDescription />
      <UnitQty>יח`</UnitQty>
      <Quantity>700</Quantity>
      <UnitMeasure>גרם</UnitMeasure>
      <BisWeighted>0</BisWeighted>
      <QtyInPackage>1</QtyInPackage>
      <ItemPrice>69.90</ItemPrice>
      <UnitOfMeasurePrice>9.99</UnitOfMeasurePrice>
      <AllowDiscount>1</AllowDiscount>
      <itemStatus>1</itemStatus>
      <LastUpdateDate />
      <LastUpdateTime />
    </Product>
    <Product>
      <PriceUpdateDate>2018/07/19 20:08</PriceUpdateDate>
      <ItemCode>5391523058087</ItemCode>
      <ItemType>1</ItemType>
      <ItemName>סימילאק אדוונס פלוס שלב 2 700 גר</ItemName>
      <ManufactureName>שקד תבל בעמ</ManufactureName>
      <ManufactureCountry />
      <ManufactureItemDescription />
      <UnitQty>יח`</UnitQty>
      <Quantity>700</Quantity>
      <UnitMeasure>גרם</UnitMeasure>
      <BisWeighted>0</BisWeighted>
      <QtyInPackage>1</QtyInPackage>
      <ItemPrice>69.90</ItemPrice>
      <UnitOfMeasurePrice>9.99</UnitOfMeasurePrice>
      <AllowDiscount>1</AllowDiscount>
      <itemStatus>1</itemStatus>
      <LastUpdateDate />
      <LastUpdateTime />
    </Product>
    <Product>
      <PriceUpdateDate>2017/05/15 16:54</PriceUpdateDate>
      <ItemCode>5410076379378</ItemCode>
      <ItemType>1</ItemType>
      <ItemName>טייד קולור 5 קג</ItemName>
      <ManufactureName>דיפלומט מפיצים (1968) בעמ</ManufactureName>
      <ManufactureCountry />
      <ManufactureItemDescription />
      <UnitQty>יח`</UnitQty>
      <Quantity>5000</Quantity>
      <UnitMeasure>גרם</UnitMeasure>
      <BisWeighted>0</BisWeighted>
      <QtyInPackage>1</QtyInPackage>
      <ItemPrice>49.90</ItemPrice>
      <UnitOfMeasurePrice>1</UnitOfMeasurePrice>
      <AllowDiscount>1</AllowDiscount>
      <itemStatus>1</itemStatus>
      <LastUpdateDate />
      <LastUpdateTime />
    </Product>
    <Product>
      <PriceUpdateDate>2015/12/04 08:41</PriceUpdateDate>
      <ItemCode>5410103161518</ItemCode>
      <ItemType>1</ItemType>
      <ItemName>קרם לחות פעולה משולשת רגיל לוריאל</ItemName>
      <ManufactureName>לוריאל ישראל קוסמטיקס בעמ</ManufactureName>
      <ManufactureCountry />
      <ManufactureItemDescription />
      <UnitQty>יח`</UnitQty>
      <Quantity>50</Quantity>
      <UnitMeasure>מ"ל</UnitMeasure>
      <BisWeighted>0</BisWeighted>
      <QtyInPackage>1</QtyInPackage>
      <ItemPrice>49.90</ItemPrice>
      <UnitOfMeasurePrice>99.80</UnitOfMeasurePrice>
      <AllowDiscount>1</AllowDiscount>
      <itemStatus>1</itemStatus>
      <LastUpdateDate />
      <LastUpdateTime />
    </Product>
    <Product>
      <PriceUpdateDate>2015/12/04 08:41</PriceUpdateDate>
      <ItemCode>5410103161617</ItemCode>
      <ItemType>1</ItemType>
      <ItemName>קרם לחות פעולה משולשת יבש לוריאל</ItemName>
      <ManufactureName>לוריאל ישראל קוסמטיקס בעמ</ManufactureName>
      <ManufactureCountry />
      <ManufactureItemDescription />
      <UnitQty>יח`</UnitQty>
      <Quantity>50</Quantity>
      <UnitMeasure>מ"ל</UnitMeasure>
      <BisWeighted>0</BisWeighted>
      <QtyInPackage>1</QtyInPackage>
      <ItemPrice>49.90</ItemPrice>
      <UnitOfMeasurePrice>99.80</UnitOfMeasurePrice>
      <AllowDiscount>1</AllowDiscount>
      <itemStatus>1</itemStatus>
      <LastUpdateDate />
      <LastUpdateTime />
    </Product>
    <Product>
      <PriceUpdateDate>2013/12/13 08:30</PriceUpdateDate>
      <ItemCode>5410126006087</ItemCode>
      <ItemType>1</ItemType>
      <ItemName>ביסקוויט בטעם קרמל לוטוס (700 גרם)</ItemName>
      <ManufactureName>דיפלומט היינץ</ManufactureName>
      <ManufactureCountry />
      <ManufactureItemDescription />
      <UnitQty>יח`</UnitQty>
      <Quantity>700</Quantity>
      <UnitMeasure>גרם</UnitMeasure>
      <BisWeighted>0</BisWeighted>
      <QtyInPackage>1</QtyInPackage>
      <ItemPrice>27.90</ItemPrice>
      <UnitOfMeasurePrice>3.99</UnitOfMeasurePrice>
      <AllowDiscount>1</AllowDiscount>
      <itemStatus>1</itemStatus>
      <LastUpdateDate />
      <LastUpdateTime />
    </Product>
    <Product>
      <PriceUpdateDate>2015/03/08 13:34</PriceUpdateDate>
      <ItemCode>5410126006339</ItemCode>
      <ItemType>1</ItemType>
      <ItemName>לוטוס קרמל 124 גר`</ItemName>
      <ManufactureName>דיפלומט היינץ</ManufactureName>
      <ManufactureCountry />
      <ManufactureItemDescription />
      <UnitQty>יח`</UnitQty>
      <Quantity>124</Quantity>
      <UnitMeasure>גרם</UnitMeasure>
      <BisWeighted>0</BisWeighted>
      <QtyInPackage>1</QtyInPackage>
      <ItemPrice>5.90</ItemPrice>
      <UnitOfMeasurePrice>4.76</UnitOfMeasurePrice>
      <AllowDiscount>0</AllowDiscount>
      <itemStatus>1</itemStatus>
      <LastUpdateDate />
      <LastUpdateTime />
    </Product>
    <Product>
      <PriceUpdateDate>2019/02/03 12:17</PriceUpdateDate>
      <ItemCode>5410126106183</ItemCode>
      <ItemType>1</ItemType>
      <ItemName>לוטוס קרמל 312 גר`</ItemName>
      <ManufactureName>דיפלומט היינץ</ManufactureName>
      <ManufactureCountry />
      <ManufactureItemDescription />
      <UnitQty>יח`</UnitQty>
      <Quantity>312</Quantity>
      <UnitMeasure>גרם</UnitMeasure>
      <BisWeighted>0</BisWeighted>
      <QtyInPackage>1</QtyInPackage>
      <ItemPrice>16.80</ItemPrice>
      <UnitOfMeasurePrice>5.38</UnitOfMeasurePrice>
      <AllowDiscount>0</AllowDiscount>
      <itemStatus>1</itemStatus>
      <LastUpdateDate />
      <LastUpdateTime />
    </Product>
    <Product>
      <PriceUpdateDate>2015/05/29 10:29</PriceUpdateDate>
      <ItemCode>5410126116953</ItemCode>
      <ItemType>1</ItemType>
      <ItemName>ממרח ביסקוויט קרמל לוטוס (400 גרם)</ItemName>
      <ManufactureName>דיפלומט היינץ</ManufactureName>
      <ManufactureCountry />
      <ManufactureItemDescription />
      <UnitQty>יח`</UnitQty>
      <Quantity>400</Quantity>
      <UnitMeasure>גרם</UnitMeasure>
      <BisWeighted>0</BisWeighted>
      <QtyInPackage>1</QtyInPackage>
      <ItemPrice>21.90</ItemPrice>
      <UnitOfMeasurePrice>5.48</UnitOfMeasurePrice>
      <AllowDiscount>1</AllowDiscount>
      <itemStatus>1</itemStatus>
      <LastUpdateDate />
      <LastUpdateTime />
    </Product>
    <Product>
      <PriceUpdateDate>2018/08/23 13:33</PriceUpdateDate>
      <ItemCode>5410126666038</ItemCode>
      <ItemType>1</ItemType>
      <ItemName>עוגיות לוטוס 2*18 279 גר`</ItemName>
      <ManufactureName>דיפלומט היינץ</ManufactureName>
      <ManufactureCountry />
      <ManufactureItemDescription />
      <UnitQty>יח`</UnitQty>
      <Quantity>279</Quantity>
      <UnitMeasure>גרם</UnitMeasure>
      <BisWeighted>0</BisWeighted>
      <QtyInPackage>1</QtyInPackage>
      <ItemPrice>12.90</ItemPrice>
      <UnitOfMeasurePrice>4.62</UnitOfMeasurePrice>
      <AllowDiscount>0</AllowDiscount>
      <itemStatus>1</itemStatus>
      <LastUpdateDate />
      <LastUpdateTime />
    </Product>
    <Product>
      <PriceUpdateDate>2014/05/11 14:03</PriceUpdateDate>
      <ItemCode>5410126716016</ItemCode>
      <ItemType>1</ItemType>
      <ItemName>ביסקוויט בטעם קרמל לוטוס (250 גרם)</ItemName>
      <ManufactureName>דיפלומט היינץ</ManufactureName>
      <ManufactureCountry />
      <ManufactureItemDescription />
      <UnitQty>יח`</UnitQty>
      <Quantity>250</Quantity>
      <UnitMeasure>גרם</UnitMeasure>
      <BisWeighted>0</BisWeighted>
      <QtyInPackage>1</QtyInPackage>
      <ItemPrice>11.90</ItemPrice>
      <UnitOfMeasurePrice>4.76</UnitOfMeasurePrice>
      <AllowDiscount>0</AllowDiscount>
      <itemStatus>1</itemStatus>
      <LastUpdateDate />
      <LastUpdateTime />
    </Product>
    <Product>
      <PriceUpdateDate>2015/05/29 10:29</PriceUpdateDate>
      <ItemCode>5410126726947</ItemCode>
      <ItemType>1</ItemType>
      <ItemName>ממרח עוגיות לוטוס קראנץ` 380 גר`</ItemName>
      <ManufactureName>דיפלומט היינץ</ManufactureName>
      <ManufactureCountry />
      <ManufactureItemDescription />
      <UnitQty>יח`</UnitQty>
      <Quantity>380</Quantity>
      <UnitMeasure>גרם</UnitMeasure>
      <BisWeighted>0</BisWeighted>
      <QtyInPackage>1</QtyInPackage>
      <ItemPrice>22.90</ItemPrice>
      <UnitOfMeasurePrice>6.03</UnitOfMeasurePrice>
      <AllowDiscount>1</AllowDiscount>
      <itemStatus>1</itemStatus>
      <LastUpdateDate />
      <LastUpdateTime />
    </Product>
    <Product>
      <PriceUpdateDate>2017/02/08 09:00</PriceUpdateDate>
      <ItemCode>5410228226963</ItemCode>
      <ItemType>1</ItemType>
      <ItemName>לף בלונד 330 מל</ItemName>
      <ManufactureName>החברה המרכזית להפצת משקאות בעמ</ManufactureName>
      <ManufactureCountry />
      <ManufactureItemDescription />
      <UnitQty>יח`</UnitQty>
      <Quantity>330</Quantity>
      <UnitMeasure>מ"ל</UnitMeasure>
      <BisWeighted>0</BisWeighted>
      <QtyInPackage>1</QtyInPackage>
      <ItemPrice>8.90</ItemPrice>
      <UnitOfMeasurePrice>2.61</UnitOfMeasurePrice>
      <AllowDiscount>0</AllowDiscount>
      <itemStatus>1</itemStatus>
      <LastUpdateDate />
      <LastUpdateTime />
    </Product>
    <Product>
      <PriceUpdateDate>2019/09/15 13:34</PriceUpdateDate>
      <ItemCode>5410228267515</ItemCode>
      <ItemType>1</ItemType>
      <ItemName>בירה באדוויזר שישייה בקבוק 330 מל</ItemName>
      <ManufactureName>הכרם - משקאות חריפים בעמ</ManufactureName>
      <ManufactureCountry />
      <ManufactureItemDescription />
      <UnitQty>יח`</UnitQty>
      <Quantity>1980</Quantity>
      <UnitMeasure>מ"ל</UnitMeasure>
      <BisWeighted>0</BisWeighted>
      <QtyInPackage>1</QtyInPackage>
      <ItemPrice>34.90</ItemPrice>
      <UnitOfMeasurePrice>1.67</UnitOfMeasurePrice>
      <AllowDiscount>1</AllowDiscount>
      <itemStatus>1</itemStatus>
      <LastUpdateDate />
      <LastUpdateTime />
    </Product>
    <Product>
      <PriceUpdateDate>2016/09/06 21:15</PriceUpdateDate>
      <ItemCode>5410291021991</ItemCode>
      <ItemType>1</ItemType>
      <ItemName>ממרח אגוזי לוז עם קקאו צ`וקטה (700 גרם)</ItemName>
      <ManufactureName>ליימן שליסל בעמ</ManufactureName>
      <ManufactureCountry />
      <ManufactureItemDescription />
      <UnitQty>יח`</UnitQty>
      <Quantity>700</Quantity>
      <UnitMeasure>גרם</UnitMeasure>
      <BisWeighted>0</BisWeighted>
      <QtyInPackage>1</QtyInPackage>
      <ItemPrice>17.90</ItemPrice>
      <UnitOfMeasurePrice>2.56</UnitOfMeasurePrice>
      <AllowDiscount>0</AllowDiscount>
      <itemStatus>1</itemStatus>
      <LastUpdateDate />
      <LastUpdateTime />
    </Product>
    <Product>
      <PriceUpdateDate>2017/08/11 15:37</PriceUpdateDate>
      <ItemCode>5410291022011</ItemCode>
      <ItemType>1</ItemType>
      <ItemName>ממרח אגוזי לוז עם קקאו צ`וקטה (350 גרם)</ItemName>
      <ManufactureName>ליימן שליסל בעמ</ManufactureName>
      <ManufactureCountry />
      <ManufactureItemDescription />
      <UnitQty>יח`</UnitQty>
      <Quantity>350</Quantity>
      <UnitMeasure>גרם</UnitMeasure>
      <BisWeighted>0</BisWeighted>
      <QtyInPackage>1</QtyInPackage>
      <ItemPrice>10.90</ItemPrice>
      <UnitOfMeasurePrice>3.11</UnitOfMeasurePrice>
      <AllowDiscount>0</AllowDiscount>
      <itemStatus>1</itemStatus>
      <LastUpdateDate />
      <LastUpdateTime />
    </Product>
    <Product>
      <PriceUpdateDate>2017/08/11 15:37</PriceUpdateDate>
      <ItemCode>5410291022738</ItemCode>
      <ItemType>1</ItemType>
      <ItemName>ממרח צ`וקטה אגוזי לוז עם קקאו 350 גר חום</ItemName>
      <ManufactureName>ליימן שליסל בעמ</ManufactureName>
      <ManufactureCountry />
      <ManufactureItemDescription />
      <UnitQty>יח`</UnitQty>
      <Quantity>350</Quantity>
      <UnitMeasure>גרם</UnitMeasure>
      <BisWeighted>0</BisWeighted>
      <QtyInPackage>1</QtyInPackage>
      <ItemPrice>10.90</ItemPrice>
      <UnitOfMeasurePrice>3.11</UnitOfMeasurePrice>
      <AllowDiscount>0</AllowDiscount>
      <itemStatus>1</itemStatus>
      <LastUpdateDate />
      <LastUpdateTime />
    </Product>
    <Product>
      <PriceUpdateDate>2017/08/11 15:37</PriceUpdateDate>
      <ItemCode>5410291022752</ItemCode>
      <ItemType>1</ItemType>
      <ItemName>ממרח צ`וקטה 350  גר`פרווה</ItemName>
      <ManufactureName>ליימן שליסל בעמ</ManufactureName>
      <ManufactureCountry />
      <ManufactureItemDescription />
      <UnitQty>יח`</UnitQty>
      <Quantity>350</Quantity>
      <UnitMeasure>גרם</UnitMeasure>
      <BisWeighted>0</BisWeighted>
      <QtyInPackage>1</QtyInPackage>
      <ItemPrice>10.90</ItemPrice>
      <UnitOfMeasurePrice>3.11</UnitOfMeasurePrice>
      <AllowDiscount>0</AllowDiscount>
      <itemStatus>1</itemStatus>
      <LastUpdateDate />
      <LastUpdateTime />
    </Product>
    <Product>
      <PriceUpdateDate>2018/01/21 12:40</PriceUpdateDate>
      <ItemCode>5410658902413</ItemCode>
      <ItemType>1</ItemType>
      <ItemName>קפסולות קפה דרגת חוזק 8 fortisimo Espres</ItemName>
      <ManufactureName>אבאל יזמות בעמ</ManufactureName>
      <ManufactureCountry />
      <ManufactureItemDescription />
      <UnitQty>יח`</UnitQty>
      <Quantity>100</Quantity>
      <UnitMeasure>גרם</UnitMeasure>
      <BisWeighted>0</BisWeighted>
      <QtyInPackage>1</QtyInPackage>
      <ItemPrice>11.90</ItemPrice>
      <UnitOfMeasurePrice>11.90</UnitOfMeasurePrice>
      <AllowDiscount>1</AllowDiscount>
      <itemStatus>1</itemStatus>
      <LastUpdateDate />
      <LastUpdateTime />
    </Product>
    <Product>
      <PriceUpdateDate>2018/01/21 12:40</PriceUpdateDate>
      <ItemCode>5410658902444</ItemCode>
      <ItemType>1</ItemType>
      <ItemName>קפסולות קפה דרגת חוזק 4 Fortisiom lungo</ItemName>
      <ManufactureName>אבאל יזמות בעמ</ManufactureName>
      <ManufactureCountry />
      <ManufactureItemDescription />
      <UnitQty>יח`</UnitQty>
      <Quantity>100</Quantity>
      <UnitMeasure>גרם</UnitMeasure>
      <BisWeighted>0</BisWeighted>
      <QtyInPackage>1</QtyInPackage>
      <ItemPrice>11.90</ItemPrice>
      <UnitOfMeasurePrice>11.90</UnitOfMeasurePrice>
      <AllowDiscount>1</AllowDiscount>
      <itemStatus>1</itemStatus>
      <LastUpdateDate />
      <LastUpdateTime />
    </Product>
    <Product>
      <PriceUpdateDate>2016/07/12 08:08</PriceUpdateDate>
      <ItemCode>5410758022264</ItemCode>
      <ItemType>1</ItemType>
      <ItemName>אטבי כביסה מילניום 9 יח</ItemName>
      <ManufactureName>מ.א.ייצור ויבוא מטליות בעמ</ManufactureName>
      <ManufactureCountry />
      <ManufactureItemDescription />
      <UnitQty>יח`</UnitQty>
      <Quantity>1</Quantity>
      <UnitMeasure />
      <BisWeighted>0</BisWeighted>
      <QtyInPackage>1</QtyInPackage>
      <ItemPrice>2.90</ItemPrice>
      <UnitOfMeasurePrice>2.90</UnitOfMeasurePrice>
      <AllowDiscount>0</AllowDiscount>
      <itemStatus>1</itemStatus>
      <LastUpdateDate />
      <LastUpdateTime />
    </Product>
    <Product>
      <PriceUpdateDate>2016/02/01 13:49</PriceUpdateDate>
      <ItemCode>5411188081852</ItemCode>
      <ItemType>1</ItemType>
      <ItemName>אלפרו סויה וניל 1 ליטר</ItemName>
      <ManufactureName>ש.שסטוביץ בעמ</ManufactureName>
      <ManufactureCountry />
      <ManufactureItemDescription />
      <UnitQty>יח`</UnitQty>
      <Quantity>1000</Quantity>
      <UnitMeasure>מ"ל</UnitMeasure>
      <BisWeighted>0</BisWeighted>
      <QtyInPackage>1</QtyInPackage>
      <ItemPrice>14.90</ItemPrice>
      <UnitOfMeasurePrice>1.49</UnitOfMeasurePrice>
      <AllowDiscount>1</AllowDiscount>
      <itemStatus>1</itemStatus>
      <LastUpdateDate />
      <LastUpdateTime />
    </Product>
    <Product>
      <PriceUpdateDate>2015/12/28 11:39</PriceUpdateDate>
      <ItemCode>5411188106159</ItemCode>
      <ItemType>1</ItemType>
      <ItemName>אלפרו סויה לייט בטעם טבעי 1 ליטר</ItemName>
      <ManufactureName>ש.שסטוביץ בעמ</ManufactureName>
      <ManufactureCountry />
      <ManufactureItemDescription />
      <UnitQty>יח`</UnitQty>
      <Quantity>1000</Quantity>
      <UnitMeasure>מ"ל</UnitMeasure>
      <BisWeighted>0</BisWeighted>
      <QtyInPackage>1</QtyInPackage>
      <ItemPrice>14.90</ItemPrice>
      <UnitOfMeasurePrice>1.49</UnitOfMeasurePrice>
      <AllowDiscount>1</AllowDiscount>
      <itemStatus>1</itemStatus>
      <LastUpdateDate />
      <LastUpdateTime />
    </Product>
    <Product>
      <PriceUpdateDate>2016/02/28 09:57</PriceUpdateDate>
      <ItemCode>5411188110835</ItemCode>
      <ItemType>1</ItemType>
      <ItemName>משקה שקדים אלפרו (1 ליטר)</ItemName>
      <ManufactureName>ש.שסטוביץ בעמ</ManufactureName>
      <ManufactureCountry />
      <ManufactureItemDescription />
      <UnitQty>יח`</UnitQty>
      <Quantity>1</Quantity>
      <UnitMeasure>מ"ל</UnitMeasure>
      <BisWeighted>0</BisWeighted>
      <QtyInPackage>1</QtyInPackage>
      <ItemPrice>13.90</ItemPrice>
      <UnitOfMeasurePrice>1390</UnitOfMeasurePrice>
      <AllowDiscount>1</AllowDiscount>
      <itemStatus>1</itemStatus>
      <LastUpdateDate />
      <LastUpdateTime />
    </Product>
    <Product>
      <PriceUpdateDate>2016/02/28 09:57</PriceUpdateDate>
      <ItemCode>5411188112709</ItemCode>
      <ItemType>1</ItemType>
      <ItemName>משקה שקדים ללא תוספת סוכר אלפרו (1 ליטר)</ItemName>
      <ManufactureName>ש.שסטוביץ בעמ</ManufactureName>
      <ManufactureCountry />
      <ManufactureItemDescription />
      <UnitQty>יח`</UnitQty>
      <Quantity>1</Quantity>
      <UnitMeasure>מ"ל</UnitMeasure>
      <BisWeighted>0</BisWeighted>
      <QtyInPackage>1</QtyInPackage>
      <ItemPrice>13.90</ItemPrice>
      <UnitOfMeasurePrice>1390</UnitOfMeasurePrice>
      <AllowDiscount>1</AllowDiscount>
      <itemStatus>1</itemStatus>
      <LastUpdateDate />
      <LastUpdateTime />
    </Product>
    <Product>
      <PriceUpdateDate>2015/09/08 11:20</PriceUpdateDate>
      <ItemCode>5411188115366</ItemCode>
      <ItemType>1</ItemType>
      <ItemName>משקה שיבולת שועל אלפרו (1 ליטר)</ItemName>
      <ManufactureName>ש.שסטוביץ בעמ</ManufactureName>
      <ManufactureCountry />
      <ManufactureItemDescription />
      <UnitQty>יח`</UnitQty>
      <Quantity>1</Quantity>
      <UnitMeasure>מ"ל</UnitMeasure>
      <BisWeighted>0</BisWeighted>
      <QtyInPackage>1</QtyInPackage>
      <ItemPrice>13.90</ItemPrice>
      <UnitOfMeasurePrice>1390</UnitOfMeasurePrice>
      <AllowDiscount>1</AllowDiscount>
      <itemStatus>1</itemStatus>
      <LastUpdateDate />
      <LastUpdateTime />
    </Product>
    <Product>
      <PriceUpdateDate>2015/09/08 11:20</PriceUpdateDate>
      <ItemCode>5411188116592</ItemCode>
      <ItemType>1</ItemType>
      <ItemName>משקה קוקוס אלפרו (1 ליטר)</ItemName>
      <ManufactureName>ש.שסטוביץ בעמ</ManufactureName>
      <ManufactureCountry />
      <ManufactureItemDescription />
      <UnitQty>יח`</UnitQty>
      <Quantity>1</Quantity>
      <UnitMeasure>מ"ל</UnitMeasure>
      <BisWeighted>0</BisWeighted>
      <QtyInPackage>1</QtyInPackage>
      <ItemPrice>13.90</ItemPrice>
      <UnitOfMeasurePrice>1390</UnitOfMeasurePrice>
      <AllowDiscount>1</AllowDiscount>
      <itemStatus>1</itemStatus>
      <LastUpdateDate />
      <LastUpdateTime />
    </Product>
    <Product>
      <PriceUpdateDate>2016/02/01 13:49</PriceUpdateDate>
      <ItemCode>5411188116882</ItemCode>
      <ItemType>1</ItemType>
      <ItemName>משקה סויה בטעם מקיאטו אלפרו (1 ליטר)</ItemName>
      <ManufactureName>ש.שסטוביץ בעמ</ManufactureName>
      <ManufactureCountry />
      <ManufactureItemDescription />
      <UnitQty>יח`</UnitQty>
      <Quantity>1000</Quantity>
      <UnitMeasure>מ"ל</UnitMeasure>
      <BisWeighted>0</BisWeighted>
      <QtyInPackage>1</QtyInPackage>
      <ItemPrice>14.90</ItemPrice>
      <UnitOfMeasurePrice>1.49</UnitOfMeasurePrice>
      <AllowDiscount>1</AllowDiscount>
      <itemStatus>1</itemStatus>
      <LastUpdateDate />
      <LastUpdateTime />
    </Product>
    <Product>
      <PriceUpdateDate>2016/01/19 08:26</PriceUpdateDate>
      <ItemCode>5411188120742</ItemCode>
      <ItemType>1</ItemType>
      <ItemName>משקה שקדים בטעם וניל אלפרו (1 ליטר)</ItemName>
      <ManufactureName>ש.שסטוביץ בעמ</ManufactureName>
      <ManufactureCountry />
      <ManufactureItemDescription />
      <UnitQty>יח`</UnitQty>
      <Quantity>1000</Quantity>
      <UnitMeasure>מ"ל</UnitMeasure>
      <BisWeighted>0</BisWeighted>
      <QtyInPackage>1</QtyInPackage>
      <ItemPrice>13.90</ItemPrice>
      <UnitOfMeasurePrice>1.39</UnitOfMeasurePrice>
      <AllowDiscount>1</AllowDiscount>
      <itemStatus>1</itemStatus>
      <LastUpdateDate />
      <LastUpdateTime />
    </Product>
    <Product>
      <PriceUpdateDate>2017/05/07 07:29</PriceUpdateDate>
      <ItemCode>5411188122890</ItemCode>
      <ItemType>1</ItemType>
      <ItemName>אלפרו משקה קשיו 1 ליטר</ItemName>
      <ManufactureName>ש.שסטוביץ בעמ</ManufactureName>
      <ManufactureCountry />
      <ManufactureItemDescription />
      <UnitQty>יח`</UnitQty>
      <Quantity>1</Quantity>
      <UnitMeasure>1 ליטר</UnitMeasure>
      <BisWeighted>0</BisWeighted>
      <QtyInPackage>1</QtyInPackage>
      <ItemPrice>13.90</ItemPrice>
      <UnitOfMeasurePrice>13.90</UnitOfMeasurePrice>
      <AllowDiscount>1</AllowDiscount>
      <itemStatus>1</itemStatus>
      <LastUpdateDate />
      <LastUpdateTime />
    </Product>
    <Product>
      <PriceUpdateDate>2016/02/01 13:49</PriceUpdateDate>
      <ItemCode>5411188300328</ItemCode>
      <ItemType>1</ItemType>
      <ItemName>משקה סויה בטעם שוקו אלפרו (1 ליטר)</ItemName>
      <ManufactureName>ש.שסטוביץ בעמ</ManufactureName>
      <ManufactureCountry />
      <ManufactureItemDescription />
      <UnitQty>יח`</UnitQty>
      <Quantity>1000</Quantity>
      <UnitMeasure>מ"ל</UnitMeasure>
      <BisWeighted>0</BisWeighted>
      <QtyInPackage>1</QtyInPackage>
      <ItemPrice>14.90</ItemPrice>
      <UnitOfMeasurePrice>1.49</UnitOfMeasurePrice>
      <AllowDiscount>1</AllowDiscount>
      <itemStatus>1</itemStatus>
      <LastUpdateDate />
      <LastUpdateTime />
    </Product>
    <Product>
      <PriceUpdateDate>2020/03/16 07:12</PriceUpdateDate>
      <ItemCode>5413149922907</ItemCode>
      <ItemType>1</ItemType>
      <ItemName>אריאל 5 קג` קולור</ItemName>
      <ManufactureName>דיפלומט מפיצים (1968) בעמ</ManufactureName>
      <ManufactureCountry />
      <ManufactureItemDescription />
      <UnitQty>יח`</UnitQty>
      <Quantity>5000</Quantity>
      <UnitMeasure>גרם</UnitMeasure>
      <BisWeighted>0</BisWeighted>
      <QtyInPackage>1</QtyInPackage>
      <ItemPrice>44.90</ItemPrice>
      <UnitOfMeasurePrice>0.90</UnitOfMeasurePrice>
      <AllowDiscount>1</AllowDiscount>
      <itemStatus>1</itemStatus>
      <LastUpdateDate />
      <LastUpdateTime />
    </Product>
    <Product>
      <PriceUpdateDate>2020/03/16 07:12</PriceUpdateDate>
      <ItemCode>5413149922938</ItemCode>
      <ItemType>1</ItemType>
      <ItemName>אריאל 5 קג` שושן צחור</ItemName>
      <ManufactureName>דיפלומט מפיצים (1968) בעמ</ManufactureName>
      <ManufactureCountry />
      <ManufactureItemDescription />
      <UnitQty>יח`</UnitQty>
      <Quantity>5000</Quantity>
      <UnitMeasure>גרם</UnitMeasure>
      <BisWeighted>0</BisWeighted>
      <QtyInPackage>1</QtyInPackage>
      <ItemPrice>44.90</ItemPrice>
      <UnitOfMeasurePrice>0.90</UnitOfMeasurePrice>
      <AllowDiscount>1</AllowDiscount>
      <itemStatus>1</itemStatus>
      <LastUpdateDate />
      <LastUpdateTime />
    </Product>
    <Product>
      <PriceUpdateDate>2017/04/04 17:31</PriceUpdateDate>
      <ItemCode>5413149930025</ItemCode>
      <ItemType>1</ItemType>
      <ItemName>טייד 5 קג`</ItemName>
      <ManufactureName>דיפלומט מפיצים (1968) בעמ</ManufactureName>
      <ManufactureCountry />
      <ManufactureItemDescription />
      <UnitQty>יח`</UnitQty>
      <Quantity>5</Quantity>
      <UnitMeasure>ק"ג</UnitMeasure>
      <BisWeighted>0</BisWeighted>
      <QtyInPackage>1</QtyInPackage>
      <ItemPrice>49.90</ItemPrice>
      <UnitOfMeasurePrice>9.98</UnitOfMeasurePrice>
      <AllowDiscount>1</AllowDiscount>
      <itemStatus>1</itemStatus>
      <LastUpdateDate />
      <LastUpdateTime />
    </Product>
    <Product>
      <PriceUpdateDate>2016/09/16 08:13</PriceUpdateDate>
      <ItemCode>5413548280189</ItemCode>
      <ItemType>1</ItemType>
      <ItemName>שוקובון קינדר (125 גרם)</ItemName>
      <ManufactureName>פרימיום-חברה לדברי מתיקה ולמסח</ManufactureName>
      <ManufactureCountry />
      <ManufactureItemDescription />
      <UnitQty>יח`</UnitQty>
      <Quantity>125</Quantity>
      <UnitMeasure>גרם</UnitMeasure>
      <BisWeighted>0</BisWeighted>
      <QtyInPackage>1</QtyInPackage>
      <ItemPrice>12.90</ItemPrice>
      <UnitOfMeasurePrice>10.32</UnitOfMeasurePrice>
      <AllowDiscount>0</AllowDiscount>
      <itemStatus>1</itemStatus>
      <LastUpdateDate />
      <LastUpdateTime />
    </Product>
    <Product>
      <PriceUpdateDate>2015/12/28 11:39</PriceUpdateDate>
      <ItemCode>5601008200444</ItemCode>
      <ItemType>1</ItemType>
      <ItemName>מרבה גודיס שוקולד חלב</ItemName>
      <ManufactureName>ש.שסטוביץ בעמ</ManufactureName>
      <ManufactureCountry />
      <ManufactureItemDescription />
      <UnitQty>יח`</UnitQty>
      <Quantity>150</Quantity>
      <UnitMeasure>גרם</UnitMeasure>
      <BisWeighted>0</BisWeighted>
      <QtyInPackage>1</QtyInPackage>
      <ItemPrice>7.90</ItemPrice>
      <UnitOfMeasurePrice>5.27</UnitOfMeasurePrice>
      <AllowDiscount>1</AllowDiscount>
      <itemStatus>1</itemStatus>
      <LastUpdateDate />
      <LastUpdateTime />
    </Product>
    <Product>
      <PriceUpdateDate>2015/12/28 11:39</PriceUpdateDate>
      <ItemCode>5601008200451</ItemCode>
      <ItemType>1</ItemType>
      <ItemName>מרבה גודיס שוקולד מריר</ItemName>
      <ManufactureName>ש.שסטוביץ בעמ</ManufactureName>
      <ManufactureCountry />
      <ManufactureItemDescription />
      <UnitQty>יח`</UnitQty>
      <Quantity>150</Quantity>
      <UnitMeasure>גרם</UnitMeasure>
      <BisWeighted>0</BisWeighted>
      <QtyInPackage>1</QtyInPackage>
      <ItemPrice>7.90</ItemPrice>
      <UnitOfMeasurePrice>5.27</UnitOfMeasurePrice>
      <AllowDiscount>1</AllowDiscount>
      <itemStatus>1</itemStatus>
      <LastUpdateDate />
      <LastUpdateTime />
    </Product>
    <Product>
      <PriceUpdateDate>2015/12/28 11:39</PriceUpdateDate>
      <ItemCode>5601008200468</ItemCode>
      <ItemType>1</ItemType>
      <ItemName>עוגיות גודיז שוקולד לבן מרבה (150 גרם)</ItemName>
      <ManufactureName>ש.שסטוביץ בעמ</ManufactureName>
      <ManufactureCountry />
      <ManufactureItemDescription />
      <UnitQty>יח`</UnitQty>
      <Quantity>150</Quantity>
      <UnitMeasure>גרם</UnitMeasure>
      <BisWeighted>0</BisWeighted>
      <QtyInPackage>1</QtyInPackage>
      <ItemPrice>7.90</ItemPrice>
      <UnitOfMeasurePrice>5.27</UnitOfMeasurePrice>
      <AllowDiscount>1</AllowDiscount>
      <itemStatus>1</itemStatus>
      <LastUpdateDate />
      <LastUpdateTime />
    </Product>
    <Product>
      <PriceUpdateDate>2018/10/18 08:36</PriceUpdateDate>
      <ItemCode>5701932026971</ItemCode>
      <ItemType>1</ItemType>
      <ItemName>הוט פופ חמאה 600 גר`</ItemName>
      <ManufactureName>ליימן שליסל בעמ</ManufactureName>
      <ManufactureCountry />
      <ManufactureItemDescription />
      <UnitQty>יח`</UnitQty>
      <Quantity>600</Quantity>
      <UnitMeasure>גרם</UnitMeasure>
      <BisWeighted>0</BisWeighted>
      <QtyInPackage>1</QtyInPackage>
      <ItemPrice>15.90</ItemPrice>
      <UnitOfMeasurePrice>2.65</UnitOfMeasurePrice>
      <AllowDiscount>0</AllowDiscount>
      <itemStatus>1</itemStatus>
      <LastUpdateDate />
      <LastUpdateTime />
    </Product>
    <Product>
      <PriceUpdateDate>2018/10/18 08:36</PriceUpdateDate>
      <ItemCode>5701932026995</ItemCode>
      <ItemType>1</ItemType>
      <ItemName>הוט פופ לייט 600גר`</ItemName>
      <ManufactureName>ליימן שליסל בעמ</ManufactureName>
      <ManufactureCountry />
      <ManufactureItemDescription />
      <UnitQty>יח`</UnitQty>
      <Quantity>600</Quantity>
      <UnitMeasure>גרם</UnitMeasure>
      <BisWeighted>0</BisWeighted>
      <QtyInPackage>1</QtyInPackage>
      <ItemPrice>15.90</ItemPrice>
      <UnitOfMeasurePrice>2.65</UnitOfMeasurePrice>
      <AllowDiscount>0</AllowDiscount>
      <itemStatus>1</itemStatus>
      <LastUpdateDate />
      <LastUpdateTime />
    </Product>
    <Product>
      <PriceUpdateDate>2020/03/01 10:38</PriceUpdateDate>
      <ItemCode>5705550300963</ItemCode>
      <ItemType>1</ItemType>
      <ItemName>ביצי דג שיבוט 200  גר`שוקחה</ItemName>
      <ManufactureName>בני ג`ורג` שוקחה (חיפה) בעמ</ManufactureName>
      <ManufactureCountry />
      <ManufactureItemDescription />
      <UnitQty>יח`</UnitQty>
      <Quantity>200</Quantity>
      <UnitMeasure>גרם</UnitMeasure>
      <BisWeighted>0</BisWeighted>
      <QtyInPackage>1</QtyInPackage>
      <ItemPrice>11.90</ItemPrice>
      <UnitOfMeasurePrice>5.95</UnitOfMeasurePrice>
      <AllowDiscount>0</AllowDiscount>
      <itemStatus>1</itemStatus>
      <LastUpdateDate />
      <LastUpdateTime />
    </Product>
    <Product>
      <PriceUpdateDate>2018/10/18 08:36</PriceUpdateDate>
      <ItemCode>5706516031358</ItemCode>
      <ItemType>1</ItemType>
      <ItemName>הוט פופ 600 גר`</ItemName>
      <ManufactureName>ליימן שליסל בעמ</ManufactureName>
      <ManufactureCountry />
      <ManufactureItemDescription />
      <UnitQty>יח`</UnitQty>
      <Quantity>600</Quantity>
      <UnitMeasure>גרם</UnitMeasure>
      <BisWeighted>0</BisWeighted>
      <QtyInPackage>1</QtyInPackage>
      <ItemPrice>15.90</ItemPrice>
      <UnitOfMeasurePrice>2.65</UnitOfMeasurePrice>
      <AllowDiscount>0</AllowDiscount>
      <itemStatus>1</itemStatus>
      <LastUpdateDate />
      <LastUpdateTime />
    </Product>
    <Product>
      <PriceUpdateDate>2019/12/01 11:11</PriceUpdateDate>
      <ItemCode>5710840210013</ItemCode>
      <ItemType>1</ItemType>
      <ItemName>טבק באלי לבן 40  גר`בודד</ItemName>
      <ManufactureName>דובק בעמ</ManufactureName>
      <ManufactureCountry />
      <ManufactureItemDescription />
      <UnitQty>יח`</UnitQty>
      <Quantity>1</Quantity>
      <UnitMeasure />
      <BisWeighted>0</BisWeighted>
      <QtyInPackage>1</QtyInPackage>
      <ItemPrice>85</ItemPrice>
      <UnitOfMeasurePrice>85</UnitOfMeasurePrice>
      <AllowDiscount>0</AllowDiscount>
      <itemStatus>1</itemStatus>
      <LastUpdateDate />
      <LastUpdateTime />
    </Product>
    <Product>
      <PriceUpdateDate>2020/01/05 11:30</PriceUpdateDate>
      <ItemCode>5710840210136</ItemCode>
      <ItemType>1</ItemType>
      <ItemName>טבק באלי 40  גר`בודד חד</ItemName>
      <ManufactureName>דובק בעמ</ManufactureName>
      <ManufactureCountry />
      <ManufactureItemDescription />
      <UnitQty>יח`</UnitQty>
      <Quantity>1</Quantity>
      <UnitMeasure />
      <BisWeighted>0</BisWeighted>
      <QtyInPackage>1</QtyInPackage>
      <ItemPrice>85</ItemPrice>
      <UnitOfMeasurePrice>85</UnitOfMeasurePrice>
      <AllowDiscount>0</AllowDiscount>
      <itemStatus>1</itemStatus>
      <LastUpdateDate />
      <LastUpdateTime />
    </Product>
    <Product>
      <PriceUpdateDate>2019/11/17 08:32</PriceUpdateDate>
      <ItemCode>5711953106583</ItemCode>
      <ItemType>1</ItemType>
      <ItemName>גבינת שמנת עשבי טבעי 200 גר` ארלה</ItemName>
      <ManufactureName>שטראוס גרופ בעמ/מצונן</ManufactureName>
      <ManufactureCountry />
      <ManufactureItemDescription />
      <UnitQty>יח`</UnitQty>
      <Quantity>200</Quantity>
      <UnitMeasure>גרם</UnitMeasure>
      <BisWeighted>0</BisWeighted>
      <QtyInPackage>1</QtyInPackage>
      <ItemPrice>14.90</ItemPrice>
      <UnitOfMeasurePrice>7.45</UnitOfMeasurePrice>
      <AllowDiscount>1</AllowDiscount>
      <itemStatus>1</itemStatus>
      <LastUpdateDate />
      <LastUpdateTime />
    </Product>
    <Product>
      <PriceUpdateDate>2018/11/07 13:41</PriceUpdateDate>
      <ItemCode>5740900403215</ItemCode>
      <ItemType>1</ItemType>
      <ItemName>ממרח לורפק עם מלח 250 גר`</ItemName>
      <ManufactureName>שטראוס גרופ בעמ/מצונן</ManufactureName>
      <ManufactureCountry />
      <ManufactureItemDescription />
      <UnitQty>יח`</UnitQty>
      <Quantity>250</Quantity>
      <UnitMeasure>גרם</UnitMeasure>
      <BisWeighted>0</BisWeighted>
      <QtyInPackage>1</QtyInPackage>
      <ItemPrice>16.90</ItemPrice>
      <UnitOfMeasurePrice>6.76</UnitOfMeasurePrice>
      <AllowDiscount>0</AllowDiscount>
      <itemStatus>1</itemStatus>
      <LastUpdateDate />
      <LastUpdateTime />
    </Product>
    <Product>
      <PriceUpdateDate>2018/11/07 13:41</PriceUpdateDate>
      <ItemCode>5740900403222</ItemCode>
      <ItemType>1</ItemType>
      <ItemName>ממרח לורפק עם מלח מופחת שומן 250 גר`</ItemName>
      <ManufactureName>שטראוס גרופ בעמ/מצונן</ManufactureName>
      <ManufactureCountry />
      <ManufactureItemDescription />
      <UnitQty>יח`</UnitQty>
      <Quantity>250</Quantity>
      <UnitMeasure>גרם</UnitMeasure>
      <BisWeighted>0</BisWeighted>
      <QtyInPackage>1</QtyInPackage>
      <ItemPrice>16.90</ItemPrice>
      <UnitOfMeasurePrice>6.76</UnitOfMeasurePrice>
      <AllowDiscount>0</AllowDiscount>
      <itemStatus>1</itemStatus>
      <LastUpdateDate />
      <LastUpdateTime />
    </Product>
    <Product>
      <PriceUpdateDate>2018/11/07 13:41</PriceUpdateDate>
      <ItemCode>5740900403239</ItemCode>
      <ItemType>1</ItemType>
      <ItemName>ממרח לורפק ללא מלח 250 גר`</ItemName>
      <ManufactureName>שטראוס גרופ בעמ/מצונן</ManufactureName>
      <ManufactureCountry />
      <ManufactureItemDescription />
      <UnitQty>יח`</UnitQty>
      <Quantity>250</Quantity>
      <UnitMeasure>גרם</UnitMeasure>
      <BisWeighted>0</BisWeighted>
      <QtyInPackage>1</QtyInPackage>
      <ItemPrice>16.90</ItemPrice>
      <UnitOfMeasurePrice>6.76</UnitOfMeasurePrice>
      <AllowDiscount>0</AllowDiscount>
      <itemStatus>1</itemStatus>
      <LastUpdateDate />
      <LastUpdateTime />
    </Product>
    <Product>
      <PriceUpdateDate>2018/11/07 13:41</PriceUpdateDate>
      <ItemCode>5740900403246</ItemCode>
      <ItemType>1</ItemType>
      <ItemName>ממרח לורפק עם מלח 500 גר`</ItemName>
      <ManufactureName>שטראוס גרופ בעמ/מצונן</ManufactureName>
      <ManufactureCountry />
      <ManufactureItemDescription />
      <UnitQty>יח`</UnitQty>
      <Quantity>500</Quantity>
      <UnitMeasure>גרם</UnitMeasure>
      <BisWeighted>0</BisWeighted>
      <QtyInPackage>1</QtyInPackage>
      <ItemPrice>27.90</ItemPrice>
      <UnitOfMeasurePrice>5.58</UnitOfMeasurePrice>
      <AllowDiscount>0</AllowDiscount>
      <itemStatus>1</itemStatus>
      <LastUpdateDate />
      <LastUpdateTime />
    </Product>
    <Product>
      <PriceUpdateDate>2018/11/07 13:41</PriceUpdateDate>
      <ItemCode>5740900403253</ItemCode>
      <ItemType>1</ItemType>
      <ItemName>ממרח לורפק עם מלח 500 גר`</ItemName>
      <ManufactureName>שטראוס גרופ בעמ/מצונן</ManufactureName>
      <ManufactureCountry />
      <ManufactureItemDescription />
      <UnitQty>יח`</UnitQty>
      <Quantity>500</Quantity>
      <UnitMeasure>גרם</UnitMeasure>
      <BisWeighted>0</BisWeighted>
      <QtyInPackage>1</QtyInPackage>
      <ItemPrice>27.90</ItemPrice>
      <UnitOfMeasurePrice>5.58</UnitOfMeasurePrice>
      <AllowDiscount>0</AllowDiscount>
      <itemStatus>1</itemStatus>
      <LastUpdateDate />
      <LastUpdateTime />
    </Product>
    <Product>
      <PriceUpdateDate>2018/07/02 09:29</PriceUpdateDate>
      <ItemCode>5900020012814</ItemCode>
      <ItemType>1</ItemType>
      <ItemName>נסקוויק 500 גר` דגני בוקר</ItemName>
      <ManufactureName>קבוצת אסם סחר שות. מוגבלת</ManufactureName>
      <ManufactureCountry />
      <ManufactureItemDescription />
      <UnitQty>יח`</UnitQty>
      <Quantity>500</Quantity>
      <UnitMeasure>גרם</UnitMeasure>
      <BisWeighted>0</BisWeighted>
      <QtyInPackage>1</QtyInPackage>
      <ItemPrice>26.90</ItemPrice>
      <UnitOfMeasurePrice>5.38</UnitOfMeasurePrice>
      <AllowDiscount>1</AllowDiscount>
      <itemStatus>1</itemStatus>
      <LastUpdateDate />
      <LastUpdateTime />
    </Product>
    <Product>
      <PriceUpdateDate>2017/10/31 10:06</PriceUpdateDate>
      <ItemCode>5900020024770</ItemCode>
      <ItemType>1</ItemType>
      <ItemName>פיטנס בר דליס שוקולד אגוז</ItemName>
      <ManufactureName>קבוצת אסם סחר שות. מוגבלת</ManufactureName>
      <ManufactureCountry />
      <ManufactureItemDescription />
      <UnitQty>יח`</UnitQty>
      <Quantity>135</Quantity>
      <UnitMeasure>גרם</UnitMeasure>
      <BisWeighted>0</BisWeighted>
      <QtyInPackage>1</QtyInPackage>
      <ItemPrice>15.90</ItemPrice>
      <UnitOfMeasurePrice>11.78</UnitOfMeasurePrice>
      <AllowDiscount>1</AllowDiscount>
      <itemStatus>1</itemStatus>
      <LastUpdateDate />
      <LastUpdateTime />
    </Product>
    <Product>
      <PriceUpdateDate>2017/10/31 10:06</PriceUpdateDate>
      <ItemCode>5900020025647</ItemCode>
      <ItemType>1</ItemType>
      <ItemName>פיטנס בר דליס שוקולד חלבי</ItemName>
      <ManufactureName>קבוצת אסם סחר שות. מוגבלת</ManufactureName>
      <ManufactureCountry />
      <ManufactureItemDescription />
      <UnitQty>יח`</UnitQty>
      <Quantity>135</Quantity>
      <UnitMeasure>גרם</UnitMeasure>
      <BisWeighted>0</BisWeighted>
      <QtyInPackage>1</QtyInPackage>
      <ItemPrice>15.90</ItemPrice>
      <UnitOfMeasurePrice>11.78</UnitOfMeasurePrice>
      <AllowDiscount>1</AllowDiscount>
      <itemStatus>1</itemStatus>
      <LastUpdateDate />
      <LastUpdateTime />
    </Product>
    <Product>
      <PriceUpdateDate>2016/09/14 07:27</PriceUpdateDate>
      <ItemCode>5900020025975</ItemCode>
      <ItemType>1</ItemType>
      <ItemName>קורנפלקס גו פרי דבש 500  גר`ללא גלוטן</ItemName>
      <ManufactureName>קבוצת אסם סחר שות. מוגבלת</ManufactureName>
      <ManufactureCountry />
      <ManufactureItemDescription />
      <UnitQty>יח`</UnitQty>
      <Quantity>500</Quantity>
      <UnitMeasure>גרם</UnitMeasure>
      <BisWeighted>0</BisWeighted>
      <QtyInPackage>1</QtyInPackage>
      <ItemPrice>14.90</ItemPrice>
      <UnitOfMeasurePrice>2.98</UnitOfMeasurePrice>
      <AllowDiscount>0</AllowDiscount>
      <itemStatus>1</itemStatus>
      <LastUpdateDate />
      <LastUpdateTime />
    </Product>
    <Product>
      <PriceUpdateDate>2018/07/02 09:29</PriceUpdateDate>
      <ItemCode>5900020026552</ItemCode>
      <ItemType>1</ItemType>
      <ItemName>האני נאט צ`יריוס עידן הקרח 625 גרם</ItemName>
      <ManufactureName>קבוצת אסם סחר שות. מוגבלת</ManufactureName>
      <ManufactureCountry />
      <ManufactureItemDescription />
      <UnitQty>יח`</UnitQty>
      <Quantity>625</Quantity>
      <UnitMeasure>גרם</UnitMeasure>
      <BisWeighted>0</BisWeighted>
      <QtyInPackage>1</QtyInPackage>
      <ItemPrice>26.90</ItemPrice>
      <UnitOfMeasurePrice>4.30</UnitOfMeasurePrice>
      <AllowDiscount>1</AllowDiscount>
      <itemStatus>1</itemStatus>
      <LastUpdateDate />
      <LastUpdateTime />
    </Product>
    <Product>
      <PriceUpdateDate>2017/10/04 07:46</PriceUpdateDate>
      <ItemCode>5900020030467</ItemCode>
      <ItemType>1</ItemType>
      <ItemName>חטיף דגנים משמש אפרסק מארז 6</ItemName>
      <ManufactureName>קבוצת אסם סחר שות. מוגבלת</ManufactureName>
      <ManufactureCountry />
      <ManufactureItemDescription />
      <UnitQty>יח`</UnitQty>
      <Quantity>23.50</Quantity>
      <UnitMeasure>גרם</UnitMeasure>
      <BisWeighted>0</BisWeighted>
      <QtyInPackage>1</QtyInPackage>
      <ItemPrice>16.90</ItemPrice>
      <UnitOfMeasurePrice>71.91</UnitOfMeasurePrice>
      <AllowDiscount>1</AllowDiscount>
      <itemStatus>1</itemStatus>
      <LastUpdateDate />
      <LastUpdateTime />
    </Product>
    <Product>
      <PriceUpdateDate>2019/02/27 14:03</PriceUpdateDate>
      <ItemCode>5900020034021</ItemCode>
      <ItemType>1</ItemType>
      <ItemName>פיטנס חטיף דגנים שוקו בננה נסטלה (23.5x6</ItemName>
      <ManufactureName>קבוצת אסם סחר שות. מוגבלת</ManufactureName>
      <ManufactureCountry />
      <ManufactureItemDescription />
      <UnitQty>יח`</UnitQty>
      <Quantity>141</Quantity>
      <UnitMeasure>גרם</UnitMeasure>
      <BisWeighted>0</BisWeighted>
      <QtyInPackage>1</QtyInPackage>
      <ItemPrice>15.90</ItemPrice>
      <UnitOfMeasurePrice>11.28</UnitOfMeasurePrice>
      <AllowDiscount>1</AllowDiscount>
      <itemStatus>1</itemStatus>
      <LastUpdateDate />
      <LastUpdateTime />
    </Product>
    <Product>
      <PriceUpdateDate>2015/05/18 09:07</PriceUpdateDate>
      <ItemCode>5900535009705</ItemCode>
      <ItemType>1</ItemType>
      <ItemName>בירה ואן פור פילזגר 500 מל</ItemName>
      <ManufactureName>בני פאוזי שמשום (2009) בעמ</ManufactureName>
      <ManufactureCountry />
      <ManufactureItemDescription />
      <UnitQty>יח`</UnitQty>
      <Quantity>500</Quantity>
      <UnitMeasure>מ"ל</UnitMeasure>
      <BisWeighted>0</BisWeighted>
      <QtyInPackage>1</QtyInPackage>
      <ItemPrice>3.90</ItemPrice>
      <UnitOfMeasurePrice>0.72</UnitOfMeasurePrice>
      <AllowDiscount>1</AllowDiscount>
      <itemStatus>1</itemStatus>
      <LastUpdateDate />
      <LastUpdateTime />
    </Product>
    <Product>
      <PriceUpdateDate>2015/12/02 13:38</PriceUpdateDate>
      <ItemCode>5901414200411</ItemCode>
      <ItemType>1</ItemType>
      <ItemName>היט מיניס קרם קקאו 130גר בלזן</ItemName>
      <ManufactureName>ליימן שליסל בעמ</ManufactureName>
      <ManufactureCountry />
      <ManufactureItemDescription />
      <UnitQty>יח`</UnitQty>
      <Quantity>130</Quantity>
      <UnitMeasure>גרם</UnitMeasure>
      <BisWeighted>0</BisWeighted>
      <QtyInPackage>1</QtyInPackage>
      <ItemPrice>7.90</ItemPrice>
      <UnitOfMeasurePrice>6.08</UnitOfMeasurePrice>
      <AllowDiscount>1</AllowDiscount>
      <itemStatus>1</itemStatus>
      <LastUpdateDate />
      <LastUpdateTime />
    </Product>
    <Product>
      <PriceUpdateDate>2017/05/15 16:51</PriceUpdateDate>
      <ItemCode>5902198160403</ItemCode>
      <ItemType>1</ItemType>
      <ItemName>xl ten פחית 250 מל</ItemName>
      <ManufactureName>טמפו משקאות בעמ</ManufactureName>
      <ManufactureCountry />
      <ManufactureItemDescription />
      <UnitQty>יח`</UnitQty>
      <Quantity>250</Quantity>
      <UnitMeasure>מ"ל</UnitMeasure>
      <BisWeighted>0</BisWeighted>
      <QtyInPackage>1</QtyInPackage>
      <ItemPrice>4.50</ItemPrice>
      <UnitOfMeasurePrice>1.68</UnitOfMeasurePrice>
      <AllowDiscount>1</AllowDiscount>
      <itemStatus>1</itemStatus>
      <LastUpdateDate />
      <LastUpdateTime />
    </Product>
    <Product>
      <PriceUpdateDate>2019/05/19 12:18</PriceUpdateDate>
      <ItemCode>5903141082780</ItemCode>
      <ItemType>1</ItemType>
      <ItemName>פאקט פאל מאל סילבר דמי סלימס</ItemName>
      <ManufactureName>גלוברנדס בעמ - שיווק סיגריות</ManufactureName>
      <ManufactureCountry />
      <ManufactureItemDescription />
      <UnitQty>יח`</UnitQty>
      <Quantity>1</Quantity>
      <UnitMeasure />
      <BisWeighted>0</BisWeighted>
      <QtyInPackage>1</QtyInPackage>
      <ItemPrice>230</ItemPrice>
      <UnitOfMeasurePrice>230</UnitOfMeasurePrice>
      <AllowDiscount>0</AllowDiscount>
      <itemStatus>1</itemStatus>
      <LastUpdateDate />
      <LastUpdateTime />
    </Product>
    <Product>
      <PriceUpdateDate>2013/11/28 08:17</PriceUpdateDate>
      <ItemCode>5904941750312</ItemCode>
      <ItemType>1</ItemType>
      <ItemName>בלו דיי משקה אנרגיה מוחיטו</ItemName>
      <ManufactureName>בני פאוזי שמשום (2009) בעמ</ManufactureName>
      <ManufactureCountry />
      <ManufactureItemDescription />
      <UnitQty>יח`</UnitQty>
      <Quantity>250</Quantity>
      <UnitMeasure>מ"ל</UnitMeasure>
      <BisWeighted>0</BisWeighted>
      <QtyInPackage>1</QtyInPackage>
      <ItemPrice>3.80</ItemPrice>
      <UnitOfMeasurePrice>1.40</UnitOfMeasurePrice>
      <AllowDiscount>1</AllowDiscount>
      <itemStatus>1</itemStatus>
      <LastUpdateDate />
      <LastUpdateTime />
    </Product>
    <Product>
      <PriceUpdateDate>2013/12/17 08:35</PriceUpdateDate>
      <ItemCode>5904941751302</ItemCode>
      <ItemType>1</ItemType>
      <ItemName>משקה אנרגיה בפחית בלו (250 מל)</ItemName>
      <ManufactureName>בני פאוזי שמשום (2009) בעמ</ManufactureName>
      <ManufactureCountry />
      <ManufactureItemDescription />
      <UnitQty>יח`</UnitQty>
      <Quantity>250</Quantity>
      <UnitMeasure>מ"ל</UnitMeasure>
      <BisWeighted>0</BisWeighted>
      <QtyInPackage>1</QtyInPackage>
      <ItemPrice>3.50</ItemPrice>
      <UnitOfMeasurePrice>1.28</UnitOfMeasurePrice>
      <AllowDiscount>1</AllowDiscount>
      <itemStatus>1</itemStatus>
      <LastUpdateDate />
      <LastUpdateTime />
    </Product>
    <Product>
      <PriceUpdateDate>2013/11/28 08:17</PriceUpdateDate>
      <ItemCode>5904941751524</ItemCode>
      <ItemType>1</ItemType>
      <ItemName>בלו דיי משקה אנרגיה אבטיח</ItemName>
      <ManufactureName>בני פאוזי שמשום (2009) בעמ</ManufactureName>
      <ManufactureCountry />
      <ManufactureItemDescription />
      <UnitQty>יח`</UnitQty>
      <Quantity>250</Quantity>
      <UnitMeasure>מ"ל</UnitMeasure>
      <BisWeighted>0</BisWeighted>
      <QtyInPackage>1</QtyInPackage>
      <ItemPrice>3.80</ItemPrice>
      <UnitOfMeasurePrice>1.40</UnitOfMeasurePrice>
      <AllowDiscount>1</AllowDiscount>
      <itemStatus>1</itemStatus>
      <LastUpdateDate />
      <LastUpdateTime />
    </Product>
    <Product>
      <PriceUpdateDate>2013/12/17 08:35</PriceUpdateDate>
      <ItemCode>5904941751715</ItemCode>
      <ItemType>1</ItemType>
      <ItemName>משקה אנרגיה בלו 250 מל קרנברי</ItemName>
      <ManufactureName>בני פאוזי שמשום (2009) בעמ</ManufactureName>
      <ManufactureCountry />
      <ManufactureItemDescription />
      <UnitQty>יח`</UnitQty>
      <Quantity>250</Quantity>
      <UnitMeasure>מ"ל</UnitMeasure>
      <BisWeighted>0</BisWeighted>
      <QtyInPackage>1</QtyInPackage>
      <ItemPrice>3.50</ItemPrice>
      <UnitOfMeasurePrice>1.28</UnitOfMeasurePrice>
      <AllowDiscount>1</AllowDiscount>
      <itemStatus>1</itemStatus>
      <LastUpdateDate />
      <LastUpdateTime />
    </Product>
    <Product>
      <PriceUpdateDate>2013/12/17 08:35</PriceUpdateDate>
      <ItemCode>5904941751913</ItemCode>
      <ItemType>1</ItemType>
      <ItemName>משקה אנרגיה בלו 250 מל פסיפלורה</ItemName>
      <ManufactureName>בני פאוזי שמשום (2009) בעמ</ManufactureName>
      <ManufactureCountry />
      <ManufactureItemDescription />
      <UnitQty>יח`</UnitQty>
      <Quantity>250</Quantity>
      <UnitMeasure>מ"ל</UnitMeasure>
      <BisWeighted>0</BisWeighted>
      <QtyInPackage>1</QtyInPackage>
      <ItemPrice>3.50</ItemPrice>
      <UnitOfMeasurePrice>1.28</UnitOfMeasurePrice>
      <AllowDiscount>1</AllowDiscount>
      <itemStatus>1</itemStatus>
      <LastUpdateDate />
      <LastUpdateTime />
    </Product>
    <Product>
      <PriceUpdateDate>2013/11/28 08:17</PriceUpdateDate>
      <ItemCode>5904941751920</ItemCode>
      <ItemType>1</ItemType>
      <ItemName>בלו דיי משקה אנרגיה</ItemName>
      <ManufactureName>בני פאוזי שמשום (2009) בעמ</ManufactureName>
      <ManufactureCountry />
      <ManufactureItemDescription />
      <UnitQty>יח`</UnitQty>
      <Quantity>250</Quantity>
      <UnitMeasure>מ"ל</UnitMeasure>
      <BisWeighted>0</BisWeighted>
      <QtyInPackage>1</QtyInPackage>
      <ItemPrice>3.80</ItemPrice>
      <UnitOfMeasurePrice>1.40</UnitOfMeasurePrice>
      <AllowDiscount>1</AllowDiscount>
      <itemStatus>1</itemStatus>
      <LastUpdateDate />
      <LastUpdateTime />
    </Product>
    <Product>
      <PriceUpdateDate>2015/03/04 11:09</PriceUpdateDate>
      <ItemCode>5904941753115</ItemCode>
      <ItemType>1</ItemType>
      <ItemName>משקה בלו ארגז. 24 יח`</ItemName>
      <ManufactureName>בני פאוזי שמשום (2009) בעמ</ManufactureName>
      <ManufactureCountry />
      <ManufactureItemDescription />
      <UnitQty>יח`</UnitQty>
      <Quantity>6</Quantity>
      <UnitMeasure>1 ליטר</UnitMeasure>
      <BisWeighted>0</BisWeighted>
      <QtyInPackage>1</QtyInPackage>
      <ItemPrice>49.90</ItemPrice>
      <UnitOfMeasurePrice>7.12</UnitOfMeasurePrice>
      <AllowDiscount>0</AllowDiscount>
      <itemStatus>1</itemStatus>
      <LastUpdateDate />
      <LastUpdateTime />
    </Product>
    <Product>
      <PriceUpdateDate>2014/08/18 08:45</PriceUpdateDate>
      <ItemCode>5906485301012</ItemCode>
      <ItemType>1</ItemType>
      <ItemName>משקה אנרגיה אקסל (250 מל)</ItemName>
      <ManufactureName>טמפו משקאות בעמ</ManufactureName>
      <ManufactureCountry />
      <ManufactureItemDescription />
      <UnitQty>יח`</UnitQty>
      <Quantity>250</Quantity>
      <UnitMeasure>מ"ל</UnitMeasure>
      <BisWeighted>0</BisWeighted>
      <QtyInPackage>1</QtyInPackage>
      <ItemPrice>4.50</ItemPrice>
      <UnitOfMeasurePrice>1.68</UnitOfMeasurePrice>
      <AllowDiscount>1</AllowDiscount>
      <itemStatus>1</itemStatus>
      <LastUpdateDate />
      <LastUpdateTime />
    </Product>
    <Product>
      <PriceUpdateDate>2017/07/30 13:28</PriceUpdateDate>
      <ItemCode>5997321701806</ItemCode>
      <ItemType>1</ItemType>
      <ItemName>קלגון 1  קג`- אבקת אבנית</ItemName>
      <ManufactureName>רקיט בנקיזר (ניר איסט) בעמ</ManufactureName>
      <ManufactureCountry />
      <ManufactureItemDescription />
      <UnitQty>יח`</UnitQty>
      <Quantity>1</Quantity>
      <UnitMeasure>ק"ג</UnitMeasure>
      <BisWeighted>0</BisWeighted>
      <QtyInPackage>1</QtyInPackage>
      <ItemPrice>37.90</ItemPrice>
      <UnitOfMeasurePrice>37.90</UnitOfMeasurePrice>
      <AllowDiscount>0</AllowDiscount>
      <itemStatus>1</itemStatus>
      <LastUpdateDate />
      <LastUpdateTime />
    </Product>
    <Product>
      <PriceUpdateDate>2020/02/02 13:13</PriceUpdateDate>
      <ItemCode>5997321770307</ItemCode>
      <ItemType>1</ItemType>
      <ItemName>ויט רצועות שעווה לעור רגיש</ItemName>
      <ManufactureName>רקיט בנקיזר (ניר איסט) בעמ</ManufactureName>
      <ManufactureCountry />
      <ManufactureItemDescription />
      <UnitQty>יח`</UnitQty>
      <Quantity>1</Quantity>
      <UnitMeasure />
      <BisWeighted>0</BisWeighted>
      <QtyInPackage>1</QtyInPackage>
      <ItemPrice>24.90</ItemPrice>
      <UnitOfMeasurePrice>24.90</UnitOfMeasurePrice>
      <AllowDiscount>1</AllowDiscount>
      <itemStatus>1</itemStatus>
      <LastUpdateDate />
      <LastUpdateTime />
    </Product>
    <Product>
      <PriceUpdateDate>2019/12/11 10:56</PriceUpdateDate>
      <ItemCode>5998623526739</ItemCode>
      <ItemType>1</ItemType>
      <ItemName>גוורצטרמינר סי.ג 750 מל</ItemName>
      <ManufactureName>מ. אקרמן בעמ</ManufactureName>
      <ManufactureCountry />
      <ManufactureItemDescription />
      <UnitQty>יח`</UnitQty>
      <Quantity>750</Quantity>
      <UnitMeasure>מ"ל</UnitMeasure>
      <BisWeighted>0</BisWeighted>
      <QtyInPackage>1</QtyInPackage>
      <ItemPrice>29.90</ItemPrice>
      <UnitOfMeasurePrice>3.95</UnitOfMeasurePrice>
      <AllowDiscount>0</AllowDiscount>
      <itemStatus>1</itemStatus>
      <LastUpdateDate />
      <LastUpdateTime />
    </Product>
    <Product>
      <PriceUpdateDate>2019/12/15 12:32</PriceUpdateDate>
      <ItemCode>5998749109786</ItemCode>
      <ItemType>1</ItemType>
      <ItemName>פדיגרי אדולט ציקן&amp;ווגט 3 קג</ItemName>
      <ManufactureName>שחורי אריה ואנסטסיה</ManufactureName>
      <ManufactureCountry />
      <ManufactureItemDescription />
      <UnitQty>יח`</UnitQty>
      <Quantity>3000</Quantity>
      <UnitMeasure>גרם</UnitMeasure>
      <BisWeighted>0</BisWeighted>
      <QtyInPackage>1</QtyInPackage>
      <ItemPrice>45</ItemPrice>
      <UnitOfMeasurePrice>1.50</UnitOfMeasurePrice>
      <AllowDiscount>0</AllowDiscount>
      <itemStatus>1</itemStatus>
      <LastUpdateDate />
      <LastUpdateTime />
    </Product>
    <Product>
      <PriceUpdateDate>2019/12/15 12:32</PriceUpdateDate>
      <ItemCode>5998749109809</ItemCode>
      <ItemType>1</ItemType>
      <ItemName>פדיגרי אדולט ביף&amp;ווגט 3 קג</ItemName>
      <ManufactureName>שחורי אריה ואנסטסיה</ManufactureName>
      <ManufactureCountry />
      <ManufactureItemDescription />
      <UnitQty>יח`</UnitQty>
      <Quantity>3</Quantity>
      <UnitMeasure>גרם</UnitMeasure>
      <BisWeighted>0</BisWeighted>
      <QtyInPackage>1</QtyInPackage>
      <ItemPrice>45</ItemPrice>
      <UnitOfMeasurePrice>1500</UnitOfMeasurePrice>
      <AllowDiscount>0</AllowDiscount>
      <itemStatus>1</itemStatus>
      <LastUpdateDate />
      <LastUpdateTime />
    </Product>
    <Product>
      <PriceUpdateDate>2018/12/05 08:22</PriceUpdateDate>
      <ItemCode>6008165003984</ItemCode>
      <ItemType>1</ItemType>
      <ItemName>פאל מאל כחול סטרים פילטר</ItemName>
      <ManufactureName>גלוברנדס בעמ - שיווק סיגריות</ManufactureName>
      <ManufactureCountry />
      <ManufactureItemDescription />
      <UnitQty>יח`</UnitQty>
      <Quantity>1</Quantity>
      <UnitMeasure />
      <BisWeighted>0</BisWeighted>
      <QtyInPackage>1</QtyInPackage>
      <ItemPrice>27.50</ItemPrice>
      <UnitOfMeasurePrice>27.50</UnitOfMeasurePrice>
      <AllowDiscount>0</AllowDiscount>
      <itemStatus>1</itemStatus>
      <LastUpdateDate />
      <LastUpdateTime />
    </Product>
    <Product>
      <PriceUpdateDate>2018/12/05 08:22</PriceUpdateDate>
      <ItemCode>6008165271192</ItemCode>
      <ItemType>1</ItemType>
      <ItemName>פאל מאל אדום ארוך בודד</ItemName>
      <ManufactureName>גלוברנדס בעמ - שיווק סיגריות</ManufactureName>
      <ManufactureCountry />
      <ManufactureItemDescription />
      <UnitQty>יח`</UnitQty>
      <Quantity>1</Quantity>
      <UnitMeasure />
      <BisWeighted>0</BisWeighted>
      <QtyInPackage>1</QtyInPackage>
      <ItemPrice>27.50</ItemPrice>
      <UnitOfMeasurePrice>27.50</UnitOfMeasurePrice>
      <AllowDiscount>0</AllowDiscount>
      <itemStatus>1</itemStatus>
      <LastUpdateDate />
      <LastUpdateTime />
    </Product>
    <Product>
      <PriceUpdateDate>2018/12/05 08:22</PriceUpdateDate>
      <ItemCode>6008165274629</ItemCode>
      <ItemType>1</ItemType>
      <ItemName>פאל מאל כחול ארוך סטרים פילטר חפיסה</ItemName>
      <ManufactureName>גלוברנדס בעמ - שיווק סיגריות</ManufactureName>
      <ManufactureCountry />
      <ManufactureItemDescription />
      <UnitQty>יח`</UnitQty>
      <Quantity>1</Quantity>
      <UnitMeasure>יח`</UnitMeasure>
      <BisWeighted>0</BisWeighted>
      <QtyInPackage>1</QtyInPackage>
      <ItemPrice>27.50</ItemPrice>
      <UnitOfMeasurePrice>27.50</UnitOfMeasurePrice>
      <AllowDiscount>0</AllowDiscount>
      <itemStatus>1</itemStatus>
      <LastUpdateDate />
      <LastUpdateTime />
    </Product>
    <Product>
      <PriceUpdateDate>2017/02/05 08:02</PriceUpdateDate>
      <ItemCode>6111049002055</ItemCode>
      <ItemType>1</ItemType>
      <ItemName>סרדין בשמן סויה 125 גר</ItemName>
      <ManufactureName>י.מ ויצמן יצחק שרותי מסחר בעמ</ManufactureName>
      <ManufactureCountry />
      <ManufactureItemDescription />
      <UnitQty>יח`</UnitQty>
      <Quantity>125</Quantity>
      <UnitMeasure>גרם</UnitMeasure>
      <BisWeighted>0</BisWeighted>
      <QtyInPackage>1</QtyInPackage>
      <ItemPrice>3.90</ItemPrice>
      <UnitOfMeasurePrice>3.12</UnitOfMeasurePrice>
      <AllowDiscount>0</AllowDiscount>
      <itemStatus>1</itemStatus>
      <LastUpdateDate />
      <LastUpdateTime />
    </Product>
    <Product>
      <PriceUpdateDate>2020/01/14 17:54</PriceUpdateDate>
      <ItemCode>6111094000242</ItemCode>
      <ItemType>1</ItemType>
      <ItemName>תומר קוסקוס דארי דק 500 גר</ItemName>
      <ManufactureName>תומר יבוא ושיווק מוצרי מזון (1</ManufactureName>
      <ManufactureCountry />
      <ManufactureItemDescription />
      <UnitQty>יח`</UnitQty>
      <Quantity>500</Quantity>
      <UnitMeasure>גרם</UnitMeasure>
      <BisWeighted>0</BisWeighted>
      <QtyInPackage>1</QtyInPackage>
      <ItemPrice>7.90</ItemPrice>
      <UnitOfMeasurePrice>1.58</UnitOfMeasurePrice>
      <AllowDiscount>0</AllowDiscount>
      <itemStatus>1</itemStatus>
      <LastUpdateDate />
      <LastUpdateTime />
    </Product>
    <Product>
      <PriceUpdateDate>2020/04/03 06:22</PriceUpdateDate>
      <ItemCode>6224009175260</ItemCode>
      <ItemType>1</ItemType>
      <ItemName>פרוסטי תות שדה מוקפא</ItemName>
      <ManufactureName>נ.ת.נ.ג.ב החזקות יעוץ וניהול ב</ManufactureName>
      <ManufactureCountry />
      <ManufactureItemDescription />
      <UnitQty>יח`</UnitQty>
      <Quantity>400</Quantity>
      <UnitMeasure>גרם</UnitMeasure>
      <BisWeighted>0</BisWeighted>
      <QtyInPackage>1</QtyInPackage>
      <ItemPrice>9.90</ItemPrice>
      <UnitOfMeasurePrice>2.48</UnitOfMeasurePrice>
      <AllowDiscount>0</AllowDiscount>
      <itemStatus>1</itemStatus>
      <LastUpdateDate />
      <LastUpdateTime />
    </Product>
    <Product>
      <PriceUpdateDate>2018/03/25 11:51</PriceUpdateDate>
      <ItemCode>6900000001950</ItemCode>
      <ItemType>1</ItemType>
      <ItemName>מברשת למנגל</ItemName>
      <ManufactureName>ע.י. ארט טרייד גרופ בעמ</ManufactureName>
      <ManufactureCountry />
      <ManufactureItemDescription />
      <UnitQty>יח`</UnitQty>
      <Quantity>1</Quantity>
      <UnitMeasure />
      <BisWeighted>0</BisWeighted>
      <QtyInPackage>1</QtyInPackage>
      <ItemPrice>9.90</ItemPrice>
      <UnitOfMeasurePrice>9.90</UnitOfMeasurePrice>
      <AllowDiscount>0</AllowDiscount>
      <itemStatus>1</itemStatus>
      <LastUpdateDate />
      <LastUpdateTime />
    </Product>
    <Product>
      <PriceUpdateDate>2016/08/02 08:45</PriceUpdateDate>
      <ItemCode>6912740080034</ItemCode>
      <ItemType>1</ItemType>
      <ItemName>מחוגה</ItemName>
      <ManufactureName>ע.י. ארט טרייד גרופ בעמ</ManufactureName>
      <ManufactureCountry />
      <ManufactureItemDescription />
      <UnitQty>יח`</UnitQty>
      <Quantity>1</Quantity>
      <UnitMeasure />
      <BisWeighted>0</BisWeighted>
      <QtyInPackage>1</QtyInPackage>
      <ItemPrice>5</ItemPrice>
      <UnitOfMeasurePrice>5</UnitOfMeasurePrice>
      <AllowDiscount>1</AllowDiscount>
      <itemStatus>1</itemStatus>
      <LastUpdateDate />
      <LastUpdateTime />
    </Product>
    <Product>
      <PriceUpdateDate>2016/08/02 08:45</PriceUpdateDate>
      <ItemCode>6925625656811</ItemCode>
      <ItemType>1</ItemType>
      <ItemName>מחשבון</ItemName>
      <ManufactureName>ע.י. ארט טרייד גרופ בעמ</ManufactureName>
      <ManufactureCountry />
      <ManufactureItemDescription />
      <UnitQty>יח`</UnitQty>
      <Quantity>1</Quantity>
      <UnitMeasure />
      <BisWeighted>0</BisWeighted>
      <QtyInPackage>1</QtyInPackage>
      <ItemPrice>5</ItemPrice>
      <UnitOfMeasurePrice>5</UnitOfMeasurePrice>
      <AllowDiscount>0</AllowDiscount>
      <itemStatus>1</itemStatus>
      <LastUpdateDate />
      <LastUpdateTime />
    </Product>
    <Product>
      <PriceUpdateDate>2016/02/08 08:34</PriceUpdateDate>
      <ItemCode>6925644700052</ItemCode>
      <ItemType>1</ItemType>
      <ItemName>סט דבק סטיק שלישייה</ItemName>
      <ManufactureName>ע.י. ארט טרייד גרופ בעמ</ManufactureName>
      <ManufactureCountry />
      <ManufactureItemDescription />
      <UnitQty>יח`</UnitQty>
      <Quantity>1</Quantity>
      <UnitMeasure />
      <BisWeighted>0</BisWeighted>
      <QtyInPackage>1</QtyInPackage>
      <ItemPrice>5</ItemPrice>
      <UnitOfMeasurePrice>5</UnitOfMeasurePrice>
      <AllowDiscount>1</AllowDiscount>
      <itemStatus>1</itemStatus>
      <LastUpdateDate />
      <LastUpdateTime />
    </Product>
    <Product>
      <PriceUpdateDate>2019/11/10 12:00</PriceUpdateDate>
      <ItemCode>6934930076412</ItemCode>
      <ItemType>1</ItemType>
      <ItemName>פחית אוכל כלבים צ`אנקס</ItemName>
      <ManufactureName>שחורי אריה ואנסטסיה</ManufactureName>
      <ManufactureCountry />
      <ManufactureItemDescription />
      <UnitQty>יח`</UnitQty>
      <Quantity>1</Quantity>
      <UnitMeasure />
      <BisWeighted>0</BisWeighted>
      <QtyInPackage>1</QtyInPackage>
      <ItemPrice>4</ItemPrice>
      <UnitOfMeasurePrice>4</UnitOfMeasurePrice>
      <AllowDiscount>0</AllowDiscount>
      <itemStatus>1</itemStatus>
      <LastUpdateDate />
      <LastUpdateTime />
    </Product>
    <Product>
      <PriceUpdateDate>2019/11/10 12:00</PriceUpdateDate>
      <ItemCode>6934930076580</ItemCode>
      <ItemType>1</ItemType>
      <ItemName>פחית אוכל כלבים צ`אנקס</ItemName>
      <ManufactureName>שחורי אריה ואנסטסיה</ManufactureName>
      <ManufactureCountry />
      <ManufactureItemDescription />
      <UnitQty>יח`</UnitQty>
      <Quantity>1</Quantity>
      <UnitMeasure />
      <BisWeighted>0</BisWeighted>
      <QtyInPackage>1</QtyInPackage>
      <ItemPrice>4</ItemPrice>
      <UnitOfMeasurePrice>4</UnitOfMeasurePrice>
      <AllowDiscount>0</AllowDiscount>
      <itemStatus>1</itemStatus>
      <LastUpdateDate />
      <LastUpdateTime />
    </Product>
    <Product>
      <PriceUpdateDate>2016/08/02 08:45</PriceUpdateDate>
      <ItemCode>6938331901342</ItemCode>
      <ItemType>1</ItemType>
      <ItemName>עיפרון +ודים + מחק</ItemName>
      <ManufactureName>ע.י. ארט טרייד גרופ בעמ</ManufactureName>
      <ManufactureCountry />
      <ManufactureItemDescription />
      <UnitQty>יח`</UnitQty>
      <Quantity>1</Quantity>
      <UnitMeasure />
      <BisWeighted>0</BisWeighted>
      <QtyInPackage>1</QtyInPackage>
      <ItemPrice>5</ItemPrice>
      <UnitOfMeasurePrice>5</UnitOfMeasurePrice>
      <AllowDiscount>1</AllowDiscount>
      <itemStatus>1</itemStatus>
      <LastUpdateDate />
      <LastUpdateTime />
    </Product>
    <Product>
      <PriceUpdateDate>2016/08/02 08:45</PriceUpdateDate>
      <ItemCode>6946652024138</ItemCode>
      <ItemType>1</ItemType>
      <ItemName>שמרדף</ItemName>
      <ManufactureName>ע.י. ארט טרייד גרופ בעמ</ManufactureName>
      <ManufactureCountry />
      <ManufactureItemDescription />
      <UnitQty>יח`</UnitQty>
      <Quantity>1</Quantity>
      <UnitMeasure />
      <BisWeighted>0</BisWeighted>
      <QtyInPackage>1</QtyInPackage>
      <ItemPrice>5</ItemPrice>
      <UnitOfMeasurePrice>5</UnitOfMeasurePrice>
      <AllowDiscount>1</AllowDiscount>
      <itemStatus>1</itemStatus>
      <LastUpdateDate />
      <LastUpdateTime />
    </Product>
    <Product>
      <PriceUpdateDate>2017/07/05 11:47</PriceUpdateDate>
      <ItemCode>6953571201021</ItemCode>
      <ItemType>1</ItemType>
      <ItemName>סט עטים</ItemName>
      <ManufactureName>ע.י. ארט טרייד גרופ בעמ</ManufactureName>
      <ManufactureCountry />
      <ManufactureItemDescription />
      <UnitQty>יח`</UnitQty>
      <Quantity>1</Quantity>
      <UnitMeasure />
      <BisWeighted>0</BisWeighted>
      <QtyInPackage>1</QtyInPackage>
      <ItemPrice>5</ItemPrice>
      <UnitOfMeasurePrice>5</UnitOfMeasurePrice>
      <AllowDiscount>1</AllowDiscount>
      <itemStatus>1</itemStatus>
      <LastUpdateDate />
      <LastUpdateTime />
    </Product>
    <Product>
      <PriceUpdateDate>2016/08/02 08:45</PriceUpdateDate>
      <ItemCode>6956744566125</ItemCode>
      <ItemType>1</ItemType>
      <ItemName>12 עטים ציבעונים</ItemName>
      <ManufactureName>ע.י. ארט טרייד גרופ בעמ</ManufactureName>
      <ManufactureCountry />
      <ManufactureItemDescription />
      <UnitQty>יח`</UnitQty>
      <Quantity>1</Quantity>
      <UnitMeasure />
      <BisWeighted>0</BisWeighted>
      <QtyInPackage>1</QtyInPackage>
      <ItemPrice>5</ItemPrice>
      <UnitOfMeasurePrice>5</UnitOfMeasurePrice>
      <AllowDiscount>1</AllowDiscount>
      <itemStatus>1</itemStatus>
      <LastUpdateDate />
      <LastUpdateTime />
    </Product>
    <Product>
      <PriceUpdateDate>2020/03/01 10:38</PriceUpdateDate>
      <ItemCode>7027110217930</ItemCode>
      <ItemType>1</ItemType>
      <ItemName>כבד דג שיבוט 121  גר`שוקחה</ItemName>
      <ManufactureName>בני ג`ורג` שוקחה (חיפה) בעמ</ManufactureName>
      <ManufactureCountry />
      <ManufactureItemDescription />
      <UnitQty>יח`</UnitQty>
      <Quantity>121</Quantity>
      <UnitMeasure>גרם</UnitMeasure>
      <BisWeighted>0</BisWeighted>
      <QtyInPackage>1</QtyInPackage>
      <ItemPrice>11.90</ItemPrice>
      <UnitOfMeasurePrice>9.83</UnitOfMeasurePrice>
      <AllowDiscount>0</AllowDiscount>
      <itemStatus>1</itemStatus>
      <LastUpdateDate />
      <LastUpdateTime />
    </Product>
    <Product>
      <PriceUpdateDate>2015/05/27 15:30</PriceUpdateDate>
      <ItemCode>7038516140418</ItemCode>
      <ItemType>1</ItemType>
      <ItemName>מברשת שיניים ג`ורדן טוטאל רביעייה</ItemName>
      <ManufactureName>דנשר (1963) בעמ</ManufactureName>
      <ManufactureCountry />
      <ManufactureItemDescription />
      <UnitQty>יח`</UnitQty>
      <Quantity>1</Quantity>
      <UnitMeasure />
      <BisWeighted>0</BisWeighted>
      <QtyInPackage>1</QtyInPackage>
      <ItemPrice>19.90</ItemPrice>
      <UnitOfMeasurePrice>19.90</UnitOfMeasurePrice>
      <AllowDiscount>1</AllowDiscount>
      <itemStatus>1</itemStatus>
      <LastUpdateDate />
      <LastUpdateTime />
    </Product>
    <Product>
      <PriceUpdateDate>2018/12/02 14:16</PriceUpdateDate>
      <ItemCode>7271730901261</ItemCode>
      <ItemType>1</ItemType>
      <ItemName>ארוחת אטריות עם גבינה 156  גר`וויקי מאק</ItemName>
      <ManufactureName>מור-ים מרקטינג בעמ</ManufactureName>
      <ManufactureCountry />
      <ManufactureItemDescription />
      <UnitQty>יח`</UnitQty>
      <Quantity>156</Quantity>
      <UnitMeasure>גרם</UnitMeasure>
      <BisWeighted>0</BisWeighted>
      <QtyInPackage>1</QtyInPackage>
      <ItemPrice>10.90</ItemPrice>
      <UnitOfMeasurePrice>6.99</UnitOfMeasurePrice>
      <AllowDiscount>0</AllowDiscount>
      <itemStatus>1</itemStatus>
      <LastUpdateDate />
      <LastUpdateTime />
    </Product>
    <Product>
      <PriceUpdateDate>2018/01/01 14:07</PriceUpdateDate>
      <ItemCode>7290000000374</ItemCode>
      <ItemType>1</ItemType>
      <ItemName>פטריות שמפיניון א.א</ItemName>
      <ManufactureName>חוות השמפיניון בעמ</ManufactureName>
      <ManufactureCountry />
      <ManufactureItemDescription />
      <UnitQty>יח`</UnitQty>
      <Quantity>1</Quantity>
      <UnitMeasure />
      <BisWeighted>0</BisWeighted>
      <QtyInPackage>1</QtyInPackage>
      <ItemPrice>9.90</ItemPrice>
      <UnitOfMeasurePrice>9.90</UnitOfMeasurePrice>
      <AllowDiscount>1</AllowDiscount>
      <itemStatus>1</itemStatus>
      <LastUpdateDate />
      <LastUpdateTime />
    </Product>
    <Product>
      <PriceUpdateDate>2016/05/01 11:49</PriceUpdateDate>
      <ItemCode>7290000023007</ItemCode>
      <ItemType>1</ItemType>
      <ItemName>ברנדי 84 שטוק (750 מל)</ItemName>
      <ManufactureName>טמפו משקאות בעמ</ManufactureName>
      <ManufactureCountry />
      <ManufactureItemDescription />
      <UnitQty>יח`</UnitQty>
      <Quantity>750</Quantity>
      <UnitMeasure>מ"ל</UnitMeasure>
      <BisWeighted>0</BisWeighted>
      <QtyInPackage>1</QtyInPackage>
      <ItemPrice>69.90</ItemPrice>
      <UnitOfMeasurePrice>9.28</UnitOfMeasurePrice>
      <AllowDiscount>0</AllowDiscount>
      <itemStatus>1</itemStatus>
      <LastUpdateDate />
      <LastUpdateTime />
    </Product>
    <Product>
      <PriceUpdateDate>2016/03/15 14:37</PriceUpdateDate>
      <ItemCode>7290000023083</ItemCode>
      <ItemType>1</ItemType>
      <ItemName>ערק אשקלון (700 מל)</ItemName>
      <ManufactureName>טמפו משקאות בעמ</ManufactureName>
      <ManufactureCountry />
      <ManufactureItemDescription />
      <UnitQty>יח`</UnitQty>
      <Quantity>700</Quantity>
      <UnitMeasure>מ"ל</UnitMeasure>
      <BisWeighted>0</BisWeighted>
      <QtyInPackage>1</QtyInPackage>
      <ItemPrice>49.90</ItemPrice>
      <UnitOfMeasurePrice>7.09</UnitOfMeasurePrice>
      <AllowDiscount>0</AllowDiscount>
      <itemStatus>1</itemStatus>
      <LastUpdateDate />
      <LastUpdateTime />
    </Product>
    <Product>
      <PriceUpdateDate>2020/04/30 16:13</PriceUpdateDate>
      <ItemCode>7290000023427</ItemCode>
      <ItemType>1</ItemType>
      <ItemName>ליקר אמרטו שטוק</ItemName>
      <ManufactureName>טמפו משקאות בעמ</ManufactureName>
      <ManufactureCountry />
      <ManufactureItemDescription />
      <UnitQty>יח`</UnitQty>
      <Quantity>750</Quantity>
      <UnitMeasure>מ"ל</UnitMeasure>
      <BisWeighted>0</BisWeighted>
      <QtyInPackage>1</QtyInPackage>
      <ItemPrice>54.90</ItemPrice>
      <UnitOfMeasurePrice>7.28</UnitOfMeasurePrice>
      <AllowDiscount>1</AllowDiscount>
      <itemStatus>1</itemStatus>
      <LastUpdateDate />
      <LastUpdateTime />
    </Product>
    <Product>
      <PriceUpdateDate>2020/04/30 16:13</PriceUpdateDate>
      <ItemCode>7290000023458</ItemCode>
      <ItemType>1</ItemType>
      <ItemName>ליקר שטוק שרי ברנדו</ItemName>
      <ManufactureName>טמפו משקאות בעמ</ManufactureName>
      <ManufactureCountry />
      <ManufactureItemDescription />
      <UnitQty>יח`</UnitQty>
      <Quantity>750</Quantity>
      <UnitMeasure>מ"ל</UnitMeasure>
      <BisWeighted>0</BisWeighted>
      <QtyInPackage>1</QtyInPackage>
      <ItemPrice>54.90</ItemPrice>
      <UnitOfMeasurePrice>7.28</UnitOfMeasurePrice>
      <AllowDiscount>0</AllowDiscount>
      <itemStatus>1</itemStatus>
      <LastUpdateDate />
      <LastUpdateTime />
    </Product>
    <Product>
      <PriceUpdateDate>2020/04/30 16:13</PriceUpdateDate>
      <ItemCode>7290000023465</ItemCode>
      <ItemType>1</ItemType>
      <ItemName>ליקר שטוקבננה</ItemName>
      <ManufactureName>טמפו משקאות בעמ</ManufactureName>
      <ManufactureCountry />
      <ManufactureItemDescription />
      <UnitQty>יח`</UnitQty>
      <Quantity>750</Quantity>
      <UnitMeasure>מ"ל</UnitMeasure>
      <BisWeighted>0</BisWeighted>
      <QtyInPackage>1</QtyInPackage>
      <ItemPrice>54.90</ItemPrice>
      <UnitOfMeasurePrice>7.28</UnitOfMeasurePrice>
      <AllowDiscount>0</AllowDiscount>
      <itemStatus>1</itemStatus>
      <LastUpdateDate />
      <LastUpdateTime />
    </Product>
    <Product>
      <PriceUpdateDate>2020/04/30 16:13</PriceUpdateDate>
      <ItemCode>7290000023472</ItemCode>
      <ItemType>1</ItemType>
      <ItemName>ליקר שטוק טריפל סק</ItemName>
      <ManufactureName>טמפו משקאות בעמ</ManufactureName>
      <ManufactureCountry />
      <ManufactureItemDescription />
      <UnitQty>יח`</UnitQty>
      <Quantity>750</Quantity>
      <UnitMeasure>מ"ל</UnitMeasure>
      <BisWeighted>0</BisWeighted>
      <QtyInPackage>1</QtyInPackage>
      <ItemPrice>54.90</ItemPrice>
      <UnitOfMeasurePrice>7.28</UnitOfMeasurePrice>
      <AllowDiscount>0</AllowDiscount>
      <itemStatus>1</itemStatus>
      <LastUpdateDate />
      <LastUpdateTime />
    </Product>
    <Product>
      <PriceUpdateDate>2018/08/05 14:16</PriceUpdateDate>
      <ItemCode>7290000023809</ItemCode>
      <ItemType>1</ItemType>
      <ItemName>קלאסיק קברנה סובניון יקבי ברקן (750 מל)</ItemName>
      <ManufactureName>טמפו משקאות בעמ</ManufactureName>
      <ManufactureCountry />
      <ManufactureItemDescription />
      <UnitQty>יח`</UnitQty>
      <Quantity>750</Quantity>
      <UnitMeasure>מ"ל</UnitMeasure>
      <BisWeighted>0</BisWeighted>
      <QtyInPackage>1</QtyInPackage>
      <ItemPrice>26.90</ItemPrice>
      <UnitOfMeasurePrice>3.55</UnitOfMeasurePrice>
      <AllowDiscount>1</AllowDiscount>
      <itemStatus>1</itemStatus>
      <LastUpdateDate />
      <LastUpdateTime />
    </Product>
    <Product>
      <PriceUpdateDate>2018/08/05 14:16</PriceUpdateDate>
      <ItemCode>7290000023816</ItemCode>
      <ItemType>1</ItemType>
      <ItemName>קלאסיק אמרלד ריזלינג יקבי ברקן (750 מל)</ItemName>
      <ManufactureName>טמפו משקאות בעמ</ManufactureName>
      <ManufactureCountry />
      <ManufactureItemDescription />
      <UnitQty>יח`</UnitQty>
      <Quantity>750</Quantity>
      <UnitMeasure>מ"ל</UnitMeasure>
      <BisWeighted>0</BisWeighted>
      <QtyInPackage>1</QtyInPackage>
      <ItemPrice>26.90</ItemPrice>
      <UnitOfMeasurePrice>3.55</UnitOfMeasurePrice>
      <AllowDiscount>1</AllowDiscount>
      <itemStatus>1</itemStatus>
      <LastUpdateDate />
      <LastUpdateTime />
    </Product>
    <Product>
      <PriceUpdateDate>2018/08/05 14:16</PriceUpdateDate>
      <ItemCode>7290000023830</ItemCode>
      <ItemType>1</ItemType>
      <ItemName>קלאסיק קברנה בלאש</ItemName>
      <ManufactureName>טמפו משקאות בעמ</ManufactureName>
      <ManufactureCountry />
      <ManufactureItemDescription />
      <UnitQty>יח`</UnitQty>
      <Quantity>750</Quantity>
      <UnitMeasure>מ"ל</UnitMeasure>
      <BisWeighted>0</BisWeighted>
      <QtyInPackage>1</QtyInPackage>
      <ItemPrice>26.90</ItemPrice>
      <UnitOfMeasurePrice>3.55</UnitOfMeasurePrice>
      <AllowDiscount>1</AllowDiscount>
      <itemStatus>1</itemStatus>
      <LastUpdateDate />
      <LastUpdateTime />
    </Product>
    <Product>
      <PriceUpdateDate>2018/08/05 14:16</PriceUpdateDate>
      <ItemCode>7290000023960</ItemCode>
      <ItemType>1</ItemType>
      <ItemName>קלאסיק שיראז יקבי ברקן (750 מל)</ItemName>
      <ManufactureName>טמפו משקאות בעמ</ManufactureName>
      <ManufactureCountry />
      <ManufactureItemDescription />
      <UnitQty>יח`</UnitQty>
      <Quantity>750</Quantity>
      <UnitMeasure>מ"ל</UnitMeasure>
      <BisWeighted>0</BisWeighted>
      <QtyInPackage>1</QtyInPackage>
      <ItemPrice>26.90</ItemPrice>
      <UnitOfMeasurePrice>3.55</UnitOfMeasurePrice>
      <AllowDiscount>1</AllowDiscount>
      <itemStatus>1</itemStatus>
      <LastUpdateDate />
      <LastUpdateTime />
    </Product>
    <Product>
      <PriceUpdateDate>2018/08/05 14:16</PriceUpdateDate>
      <ItemCode>7290000023977</ItemCode>
      <ItemType>1</ItemType>
      <ItemName>קלאסיק מרלו יקבי ברקן (750 מל)</ItemName>
      <ManufactureName>טמפו משקאות בעמ</ManufactureName>
      <ManufactureCountry />
      <ManufactureItemDescription />
      <UnitQty>יח`</UnitQty>
      <Quantity>750</Quantity>
      <UnitMeasure>מ"ל</UnitMeasure>
      <BisWeighted>0</BisWeighted>
      <QtyInPackage>1</QtyInPackage>
      <ItemPrice>26.90</ItemPrice>
      <UnitOfMeasurePrice>3.55</UnitOfMeasurePrice>
      <AllowDiscount>1</AllowDiscount>
      <itemStatus>1</itemStatus>
      <LastUpdateDate />
      <LastUpdateTime />
    </Product>
    <Product>
      <PriceUpdateDate>2017/08/28 08:27</PriceUpdateDate>
      <ItemCode>7290000032665</ItemCode>
      <ItemType>1</ItemType>
      <ItemName>רסק עגבניות 28% פרי זה (580 גרם)</ItemName>
      <ManufactureName>זנלכל בעמ</ManufactureName>
      <ManufactureCountry />
      <ManufactureItemDescription />
      <UnitQty>יח`</UnitQty>
      <Quantity>580</Quantity>
      <UnitMeasure>גרם</UnitMeasure>
      <BisWeighted>0</BisWeighted>
      <QtyInPackage>1</QtyInPackage>
      <ItemPrice>5.90</ItemPrice>
      <UnitOfMeasurePrice>1.02</UnitOfMeasurePrice>
      <AllowDiscount>0</AllowDiscount>
      <itemStatus>1</itemStatus>
      <LastUpdateDate />
      <LastUpdateTime />
    </Product>
    <Product>
      <PriceUpdateDate>2019/01/23 22:28</PriceUpdateDate>
      <ItemCode>7290000034256</ItemCode>
      <ItemType>1</ItemType>
      <ItemName>עוגיות תירוש 175 גרם הדר</ItemName>
      <ManufactureName>רזיט שיווק בעמ</ManufactureName>
      <ManufactureCountry />
      <ManufactureItemDescription />
      <UnitQty>יח`</UnitQty>
      <Quantity>175</Quantity>
      <UnitMeasure>גרם</UnitMeasure>
      <BisWeighted>0</BisWeighted>
      <QtyInPackage>1</QtyInPackage>
      <ItemPrice>5.90</ItemPrice>
      <UnitOfMeasurePrice>3.37</UnitOfMeasurePrice>
      <AllowDiscount>1</AllowDiscount>
      <itemStatus>1</itemStatus>
      <LastUpdateDate />
      <LastUpdateTime />
    </Product>
    <Product>
      <PriceUpdateDate>2013/12/31 12:18</PriceUpdateDate>
      <ItemCode>7290000040042</ItemCode>
      <ItemType>1</ItemType>
      <ItemName>יוגורט ביו 3% תות יופלה (150 גרם)</ItemName>
      <ManufactureName>תנובה - חלב</ManufactureName>
      <ManufactureCountry />
      <ManufactureItemDescription />
      <UnitQty>יח`</UnitQty>
      <Quantity>150</Quantity>
      <UnitMeasure>מ"ל</UnitMeasure>
      <BisWeighted>0</BisWeighted>
      <QtyInPackage>1</QtyInPackage>
      <ItemPrice>4.90</ItemPrice>
      <UnitOfMeasurePrice>3.27</UnitOfMeasurePrice>
      <AllowDiscount>1</AllowDiscount>
      <itemStatus>1</itemStatus>
      <LastUpdateDate />
      <LastUpdateTime />
    </Product>
    <Product>
      <PriceUpdateDate>2013/12/31 12:18</PriceUpdateDate>
      <ItemCode>7290000040066</ItemCode>
      <ItemType>1</ItemType>
      <ItemName>יופלה דובדבן 3%</ItemName>
      <ManufactureName>תנובה - חלב</ManufactureName>
      <ManufactureCountry />
      <ManufactureItemDescription />
      <UnitQty>יח`</UnitQty>
      <Quantity>150</Quantity>
      <UnitMeasure>מ"ל</UnitMeasure>
      <BisWeighted>0</BisWeighted>
      <QtyInPackage>1</QtyInPackage>
      <ItemPrice>4.90</ItemPrice>
      <UnitOfMeasurePrice>3.27</UnitOfMeasurePrice>
      <AllowDiscount>1</AllowDiscount>
      <itemStatus>1</itemStatus>
      <LastUpdateDate />
      <LastUpdateTime />
    </Product>
    <Product>
      <PriceUpdateDate>2013/12/31 12:18</PriceUpdateDate>
      <ItemCode>7290000040080</ItemCode>
      <ItemType>1</ItemType>
      <ItemName>יוגורט ביו 3% אפרסק יופלה (150 גרם)</ItemName>
      <ManufactureName>תנובה - חלב</ManufactureName>
      <ManufactureCountry />
      <ManufactureItemDescription />
      <UnitQty>יח`</UnitQty>
      <Quantity>150</Quantity>
      <UnitMeasure>מ"ל</UnitMeasure>
      <BisWeighted>0</BisWeighted>
      <QtyInPackage>1</QtyInPackage>
      <ItemPrice>4.90</ItemPrice>
      <UnitOfMeasurePrice>3.27</UnitOfMeasurePrice>
      <AllowDiscount>1</AllowDiscount>
      <itemStatus>1</itemStatus>
      <LastUpdateDate />
      <LastUpdateTime />
    </Product>
    <Product>
      <PriceUpdateDate>2018/08/13 09:32</PriceUpdateDate>
      <ItemCode>7290000040974</ItemCode>
      <ItemType>1</ItemType>
      <ItemName>חלב 2% דל לקטוז בקרטון תנובה (1 ליטר)</ItemName>
      <ManufactureName>תנובה - חלב</ManufactureName>
      <ManufactureCountry />
      <ManufactureItemDescription />
      <UnitQty>יח`</UnitQty>
      <Quantity>1</Quantity>
      <UnitMeasure>1 ליטר</UnitMeasure>
      <BisWeighted>0</BisWeighted>
      <QtyInPackage>1</QtyInPackage>
      <ItemPrice>6.90</ItemPrice>
      <UnitOfMeasurePrice>6.90</UnitOfMeasurePrice>
      <AllowDiscount>0</AllowDiscount>
      <itemStatus>1</itemStatus>
      <LastUpdateDate />
      <LastUpdateTime />
    </Product>
    <Product>
      <PriceUpdateDate>2019/06/16 12:46</PriceUpdateDate>
      <ItemCode>7290000041407</ItemCode>
      <ItemType>1</ItemType>
      <ItemName>גיל 125 גרם</ItemName>
      <ManufactureName>תנובה - חלב</ManufactureName>
      <ManufactureCountry />
      <ManufactureItemDescription />
      <UnitQty>יח`</UnitQty>
      <Quantity>125</Quantity>
      <UnitMeasure>מ"ל</UnitMeasure>
      <BisWeighted>0</BisWeighted>
      <QtyInPackage>1</QtyInPackage>
      <ItemPrice>0.90</ItemPrice>
      <UnitOfMeasurePrice>0.72</UnitOfMeasurePrice>
      <AllowDiscount>0</AllowDiscount>
      <itemStatus>1</itemStatus>
      <LastUpdateDate />
      <LastUpdateTime />
    </Product>
    <Product>
      <PriceUpdateDate>2017/06/05 12:07</PriceUpdateDate>
      <ItemCode>7290000041445</ItemCode>
      <ItemType>1</ItemType>
      <ItemName>קוטג` 250 5%</ItemName>
      <ManufactureName>תנובה - חלב</ManufactureName>
      <ManufactureCountry />
      <ManufactureItemDescription />
      <UnitQty>יח`</UnitQty>
      <Quantity>250</Quantity>
      <UnitMeasure>גרם</UnitMeasure>
      <BisWeighted>0</BisWeighted>
      <QtyInPackage>1</QtyInPackage>
      <ItemPrice>5.50</ItemPrice>
      <UnitOfMeasurePrice>2.20</UnitOfMeasurePrice>
      <AllowDiscount>0</AllowDiscount>
      <itemStatus>1</itemStatus>
      <LastUpdateDate />
      <LastUpdateTime />
    </Product>
    <Product>
      <PriceUpdateDate>2013/12/31 12:18</PriceUpdateDate>
      <ItemCode>7290000041858</ItemCode>
      <ItemType>1</ItemType>
      <ItemName>שמנת חמוצה 15% יטבתה (200 מל)</ItemName>
      <ManufactureName>שטראוס גרופ בעמ/מצונן</ManufactureName>
      <ManufactureCountry />
      <ManufactureItemDescription />
      <UnitQty>יח`</UnitQty>
      <Quantity>200</Quantity>
      <UnitMeasure>מ"ל</UnitMeasure>
      <BisWeighted>0</BisWeighted>
      <QtyInPackage>1</QtyInPackage>
      <ItemPrice>2.50</ItemPrice>
      <UnitOfMeasurePrice>1.25</UnitOfMeasurePrice>
      <AllowDiscount>0</AllowDiscount>
      <itemStatus>1</itemStatus>
      <LastUpdateDate />
      <LastUpdateTime />
    </Product>
    <Product>
      <PriceUpdateDate>2013/12/31 12:18</PriceUpdateDate>
      <ItemCode>7290000041865</ItemCode>
      <ItemType>1</ItemType>
      <ItemName>לבן 4.5% יטבתה (200 מל)</ItemName>
      <ManufactureName>שטראוס גרופ בעמ/מצונן</ManufactureName>
      <ManufactureCountry />
      <ManufactureItemDescription />
      <UnitQty>יח`</UnitQty>
      <Quantity>200</Quantity>
      <UnitMeasure>מ"ל</UnitMeasure>
      <BisWeighted>0</BisWeighted>
      <QtyInPackage>1</QtyInPackage>
      <ItemPrice>2.10</ItemPrice>
      <UnitOfMeasurePrice>1.05</UnitOfMeasurePrice>
      <AllowDiscount>0</AllowDiscount>
      <itemStatus>1</itemStatus>
      <LastUpdateDate />
      <LastUpdateTime />
    </Product>
    <Product>
      <PriceUpdateDate>2013/12/31 12:18</PriceUpdateDate>
      <ItemCode>7290000041872</ItemCode>
      <ItemType>1</ItemType>
      <ItemName>לבן 3%</ItemName>
      <ManufactureName>שטראוס גרופ בעמ/מצונן</ManufactureName>
      <ManufactureCountry />
      <ManufactureItemDescription />
      <UnitQty>יח`</UnitQty>
      <Quantity>200</Quantity>
      <UnitMeasure>מ"ל</UnitMeasure>
      <BisWeighted>0</BisWeighted>
      <QtyInPackage>1</QtyInPackage>
      <ItemPrice>2.10</ItemPrice>
      <UnitOfMeasurePrice>1.05</UnitOfMeasurePrice>
      <AllowDiscount>0</AllowDiscount>
      <itemStatus>1</itemStatus>
      <LastUpdateDate />
      <LastUpdateTime />
    </Product>
    <Product>
      <PriceUpdateDate>2019/06/16 12:46</PriceUpdateDate>
      <ItemCode>7290000042015</ItemCode>
      <ItemType>1</ItemType>
      <ItemName>חלב 3% בשקית בדצ תנובה (1 ליטר) פיקוח</ItemName>
      <ManufactureName>תנובה - חלב</ManufactureName>
      <ManufactureCountry />
      <ManufactureItemDescription />
      <UnitQty>יח`</UnitQty>
      <Quantity>1</Quantity>
      <UnitMeasure>1 ליטר</UnitMeasure>
      <BisWeighted>0</BisWeighted>
      <QtyInPackage>1</QtyInPackage>
      <ItemPrice>5.17</ItemPrice>
      <UnitOfMeasurePrice>5.17</UnitOfMeasurePrice>
      <AllowDiscount>0</AllowDiscount>
      <itemStatus>1</itemStatus>
      <LastUpdateDate />
      <LastUpdateTime />
    </Product>
    <Product>
      <PriceUpdateDate>2015/03/02 11:51</PriceUpdateDate>
      <ItemCode>7290000042404</ItemCode>
      <ItemType>1</ItemType>
      <ItemName>חלב 3% מועשר מהדרין בשקית יטבתה (1 ליטר)</ItemName>
      <ManufactureName>שטראוס גרופ בעמ/מצונן</ManufactureName>
      <ManufactureCountry />
      <ManufactureItemDescription />
      <UnitQty>יח`</UnitQty>
      <Quantity>1</Quantity>
      <UnitMeasure>1 ליטר</UnitMeasure>
      <BisWeighted>0</BisWeighted>
      <QtyInPackage>1</QtyInPackage>
      <ItemPrice>5.90</ItemPrice>
      <UnitOfMeasurePrice>5.90</UnitOfMeasurePrice>
      <AllowDiscount>0</AllowDiscount>
      <itemStatus>1</itemStatus>
      <LastUpdateDate />
      <LastUpdateTime />
    </Product>
    <Product>
      <PriceUpdateDate>2019/06/16 12:46</PriceUpdateDate>
      <ItemCode>7290000042435</ItemCode>
      <ItemType>1</ItemType>
      <ItemName>חלב דל שומן 1% בקרטון תנובה (1  ליטר)פיק</ItemName>
      <ManufactureName>תנובה - חלב</ManufactureName>
      <ManufactureCountry />
      <ManufactureItemDescription />
      <UnitQty>יח`</UnitQty>
      <Quantity>1000</Quantity>
      <UnitMeasure>מ"ל</UnitMeasure>
      <BisWeighted>0</BisWeighted>
      <QtyInPackage>1</QtyInPackage>
      <ItemPrice>5.59</ItemPrice>
      <UnitOfMeasurePrice>0.56</UnitOfMeasurePrice>
      <AllowDiscount>0</AllowDiscount>
      <itemStatus>1</itemStatus>
      <LastUpdateDate />
      <LastUpdateTime />
    </Product>
    <Product>
      <PriceUpdateDate>2019/06/16 12:46</PriceUpdateDate>
      <ItemCode>7290000042442</ItemCode>
      <ItemType>1</ItemType>
      <ItemName>חלב 3% בקרטון תנובה (1  ליטר)פיקוח</ItemName>
      <ManufactureName>תנובה - חלב</ManufactureName>
      <ManufactureCountry />
      <ManufactureItemDescription />
      <UnitQty>יח`</UnitQty>
      <Quantity>1000</Quantity>
      <UnitMeasure>מ"ל</UnitMeasure>
      <BisWeighted>0</BisWeighted>
      <QtyInPackage>1</QtyInPackage>
      <ItemPrice>5.94</ItemPrice>
      <UnitOfMeasurePrice>0.59</UnitOfMeasurePrice>
      <AllowDiscount>0</AllowDiscount>
      <itemStatus>1</itemStatus>
      <LastUpdateDate />
      <LastUpdateTime />
    </Product>
    <Product>
      <PriceUpdateDate>2018/08/13 09:32</PriceUpdateDate>
      <ItemCode>7290000042640</ItemCode>
      <ItemType>1</ItemType>
      <ItemName>חלב עמיד 3% תנובה (250 מל)</ItemName>
      <ManufactureName>תנובה - חלב</ManufactureName>
      <ManufactureCountry />
      <ManufactureItemDescription />
      <UnitQty>יח`</UnitQty>
      <Quantity>250</Quantity>
      <UnitMeasure>מ"ל</UnitMeasure>
      <BisWeighted>0</BisWeighted>
      <QtyInPackage>1</QtyInPackage>
      <ItemPrice>2.60</ItemPrice>
      <UnitOfMeasurePrice>1.04</UnitOfMeasurePrice>
      <AllowDiscount>0</AllowDiscount>
      <itemStatus>1</itemStatus>
      <LastUpdateDate />
      <LastUpdateTime />
    </Product>
    <Product>
      <PriceUpdateDate>2018/08/13 09:32</PriceUpdateDate>
      <ItemCode>7290000042671</ItemCode>
      <ItemType>1</ItemType>
      <ItemName>חלב עמיד</ItemName>
      <ManufactureName>תנובה - חלב</ManufactureName>
      <ManufactureCountry />
      <ManufactureItemDescription />
      <UnitQty>יח`</UnitQty>
      <Quantity>1</Quantity>
      <UnitMeasure>1 ליטר</UnitMeasure>
      <BisWeighted>0</BisWeighted>
      <QtyInPackage>1</QtyInPackage>
      <ItemPrice>6.90</ItemPrice>
      <UnitOfMeasurePrice>6.90</UnitOfMeasurePrice>
      <AllowDiscount>0</AllowDiscount>
      <itemStatus>1</itemStatus>
      <LastUpdateDate />
      <LastUpdateTime />
    </Product>
    <Product>
      <PriceUpdateDate>2013/12/31 12:18</PriceUpdateDate>
      <ItemCode>7290000042855</ItemCode>
      <ItemType>1</ItemType>
      <ItemName>שוקו שקית</ItemName>
      <ManufactureName>שטראוס גרופ בעמ/מצונן</ManufactureName>
      <ManufactureCountry />
      <ManufactureItemDescription />
      <UnitQty>יח`</UnitQty>
      <Quantity>225</Quantity>
      <UnitMeasure>מ"ל</UnitMeasure>
      <BisWeighted>0</BisWeighted>
      <QtyInPackage>1</QtyInPackage>
      <ItemPrice>2.50</ItemPrice>
      <UnitOfMeasurePrice>1.11</UnitOfMeasurePrice>
      <AllowDiscount>0</AllowDiscount>
      <itemStatus>1</itemStatus>
      <LastUpdateDate />
      <LastUpdateTime />
    </Product>
    <Product>
      <PriceUpdateDate>2019/06/16 12:46</PriceUpdateDate>
      <ItemCode>7290000043814</ItemCode>
      <ItemType>1</ItemType>
      <ItemName>השף הלבן שמנת עמיד 38% קר 250</ItemName>
      <ManufactureName>תנובה - חלב</ManufactureName>
      <ManufactureCountry />
      <ManufactureItemDescription />
      <UnitQty>יח`</UnitQty>
      <Quantity>250</Quantity>
      <UnitMeasure>מ"ל</UnitMeasure>
      <BisWeighted>0</BisWeighted>
      <QtyInPackage>1</QtyInPackage>
      <ItemPrice>6.18</ItemPrice>
      <UnitOfMeasurePrice>2.47</UnitOfMeasurePrice>
      <AllowDiscount>0</AllowDiscount>
      <itemStatus>1</itemStatus>
      <LastUpdateDate />
      <LastUpdateTime />
    </Product>
    <Product>
      <PriceUpdateDate>2018/08/13 09:32</PriceUpdateDate>
      <ItemCode>7290000043890</ItemCode>
      <ItemType>1</ItemType>
      <ItemName>רויון 1.5% תנובה (1 ליטר)</ItemName>
      <ManufactureName>תנובה - חלב</ManufactureName>
      <ManufactureCountry />
      <ManufactureItemDescription />
      <UnitQty>יח`</UnitQty>
      <Quantity>1</Quantity>
      <UnitMeasure>1 ליטר</UnitMeasure>
      <BisWeighted>0</BisWeighted>
      <QtyInPackage>1</QtyInPackage>
      <ItemPrice>11.50</ItemPrice>
      <UnitOfMeasurePrice>11.50</UnitOfMeasurePrice>
      <AllowDiscount>0</AllowDiscount>
      <itemStatus>1</itemStatus>
      <LastUpdateDate />
      <LastUpdateTime />
    </Product>
    <Product>
      <PriceUpdateDate>2018/08/13 09:32</PriceUpdateDate>
      <ItemCode>7290000044248</ItemCode>
      <ItemType>1</ItemType>
      <ItemName>רויון 1.5% תנובה (500 מל)</ItemName>
      <ManufactureName>תנובה - חלב</ManufactureName>
      <ManufactureCountry />
      <ManufactureItemDescription />
      <UnitQty>יח`</UnitQty>
      <Quantity>500</Quantity>
      <UnitMeasure>מ"ל</UnitMeasure>
      <BisWeighted>0</BisWeighted>
      <QtyInPackage>1</QtyInPackage>
      <ItemPrice>6.60</ItemPrice>
      <UnitOfMeasurePrice>1.32</UnitOfMeasurePrice>
      <AllowDiscount>0</AllowDiscount>
      <itemStatus>1</itemStatus>
      <LastUpdateDate />
      <LastUpdateTime />
    </Product>
    <Product>
      <PriceUpdateDate>2018/08/13 09:32</PriceUpdateDate>
      <ItemCode>7290000044712</ItemCode>
      <ItemType>1</ItemType>
      <ItemName>יוגורט עם תות 1.5% פרילי (500 גרם)</ItemName>
      <ManufactureName>תנובה - חלב</ManufactureName>
      <ManufactureCountry />
      <ManufactureItemDescription />
      <UnitQty>יח`</UnitQty>
      <Quantity>500</Quantity>
      <UnitMeasure>מ"ל</UnitMeasure>
      <BisWeighted>0</BisWeighted>
      <QtyInPackage>1</QtyInPackage>
      <ItemPrice>10.90</ItemPrice>
      <UnitOfMeasurePrice>2.18</UnitOfMeasurePrice>
      <AllowDiscount>0</AllowDiscount>
      <itemStatus>1</itemStatus>
      <LastUpdateDate />
      <LastUpdateTime />
    </Product>
    <Product>
      <PriceUpdateDate>2018/08/13 09:32</PriceUpdateDate>
      <ItemCode>7290000044743</ItemCode>
      <ItemType>1</ItemType>
      <ItemName>יוגורט בטעם אננס 1.5% פרילי (500 מל)</ItemName>
      <ManufactureName>תנובה - חלב</ManufactureName>
      <ManufactureCountry />
      <ManufactureItemDescription />
      <UnitQty>יח`</UnitQty>
      <Quantity>500</Quantity>
      <UnitMeasure>מ"ל</UnitMeasure>
      <BisWeighted>0</BisWeighted>
      <QtyInPackage>1</QtyInPackage>
      <ItemPrice>10.90</ItemPrice>
      <UnitOfMeasurePrice>2.18</UnitOfMeasurePrice>
      <AllowDiscount>0</AllowDiscount>
      <itemStatus>1</itemStatus>
      <LastUpdateDate />
      <LastUpdateTime />
    </Product>
    <Product>
      <PriceUpdateDate>2019/02/03 12:25</PriceUpdateDate>
      <ItemCode>7290000044880</ItemCode>
      <ItemType>1</ItemType>
      <ItemName>יוגורט בטעם תות שדה 3% באדי (500 גרם)</ItemName>
      <ManufactureName>תנובה - חלב</ManufactureName>
      <ManufactureCountry />
      <ManufactureItemDescription />
      <UnitQty>יח`</UnitQty>
      <Quantity>500</Quantity>
      <UnitMeasure>מ"ל</UnitMeasure>
      <BisWeighted>0</BisWeighted>
      <QtyInPackage>1</QtyInPackage>
      <ItemPrice>8.80</ItemPrice>
      <UnitOfMeasurePrice>1.76</UnitOfMeasurePrice>
      <AllowDiscount>0</AllowDiscount>
      <itemStatus>1</itemStatus>
      <LastUpdateDate />
      <LastUpdateTime />
    </Product>
    <Product>
      <PriceUpdateDate>2018/08/13 09:32</PriceUpdateDate>
      <ItemCode>7290000045573</ItemCode>
      <ItemType>1</ItemType>
      <ItemName>גבינת נעמה</ItemName>
      <ManufactureName>תנובה - חלב</ManufactureName>
      <ManufactureCountry />
      <ManufactureItemDescription />
      <UnitQty>יח`</UnitQty>
      <Quantity>200</Quantity>
      <UnitMeasure>גרם</UnitMeasure>
      <BisWeighted>0</BisWeighted>
      <QtyInPackage>1</QtyInPackage>
      <ItemPrice>14.90</ItemPrice>
      <UnitOfMeasurePrice>7.45</UnitOfMeasurePrice>
      <AllowDiscount>0</AllowDiscount>
      <itemStatus>1</itemStatus>
      <LastUpdateDate />
      <LastUpdateTime />
    </Product>
    <Product>
      <PriceUpdateDate>2018/08/13 09:32</PriceUpdateDate>
      <ItemCode>7290000045580</ItemCode>
      <ItemType>1</ItemType>
      <ItemName>גבינת חורש</ItemName>
      <ManufactureName>תנובה - חלב</ManufactureName>
      <ManufactureCountry />
      <ManufactureItemDescription />
      <UnitQty>יח`</UnitQty>
      <Quantity>240</Quantity>
      <UnitMeasure>גרם</UnitMeasure>
      <BisWeighted>0</BisWeighted>
      <QtyInPackage>1</QtyInPackage>
      <ItemPrice>17.90</ItemPrice>
      <UnitOfMeasurePrice>7.46</UnitOfMeasurePrice>
      <AllowDiscount>0</AllowDiscount>
      <itemStatus>1</itemStatus>
      <LastUpdateDate />
      <LastUpdateTime />
    </Product>
    <Product>
      <PriceUpdateDate>2018/08/13 09:32</PriceUpdateDate>
      <ItemCode>7290000047546</ItemCode>
      <ItemType>1</ItemType>
      <ItemName>גבינה כנען 500</ItemName>
      <ManufactureName>תנובה - חלב</ManufactureName>
      <ManufactureCountry />
      <ManufactureItemDescription />
      <UnitQty>יח`</UnitQty>
      <Quantity>500</Quantity>
      <UnitMeasure>גרם</UnitMeasure>
      <BisWeighted>0</BisWeighted>
      <QtyInPackage>1</QtyInPackage>
      <ItemPrice>23.90</ItemPrice>
      <UnitOfMeasurePrice>4.78</UnitOfMeasurePrice>
      <AllowDiscount>0</AllowDiscount>
      <itemStatus>1</itemStatus>
      <LastUpdateDate />
      <LastUpdateTime />
    </Product>
    <Product>
      <PriceUpdateDate>2019/06/16 12:46</PriceUpdateDate>
      <ItemCode>7290000048185</ItemCode>
      <ItemType>1</ItemType>
      <ItemName>גבינה לבנה 5% תנובה (250  גרם)פיקוח</ItemName>
      <ManufactureName>תנובה - חלב</ManufactureName>
      <ManufactureCountry />
      <ManufactureItemDescription />
      <UnitQty>יח`</UnitQty>
      <Quantity>250</Quantity>
      <UnitMeasure>גרם</UnitMeasure>
      <BisWeighted>0</BisWeighted>
      <QtyInPackage>1</QtyInPackage>
      <ItemPrice>4.75</ItemPrice>
      <UnitOfMeasurePrice>1.90</UnitOfMeasurePrice>
      <AllowDiscount>0</AllowDiscount>
      <itemStatus>1</itemStatus>
      <LastUpdateDate />
      <LastUpdateTime />
    </Product>
    <Product>
      <PriceUpdateDate>2019/06/16 12:46</PriceUpdateDate>
      <ItemCode>7290000048192</ItemCode>
      <ItemType>1</ItemType>
      <ItemName>גבינה לבנה 9% תנובה (250 גרם)</ItemName>
      <ManufactureName>תנובה - חלב</ManufactureName>
      <ManufactureCountry />
      <ManufactureItemDescription />
      <UnitQty>יח`</UnitQty>
      <Quantity>250</Quantity>
      <UnitMeasure>גרם</UnitMeasure>
      <BisWeighted>0</BisWeighted>
      <QtyInPackage>1</QtyInPackage>
      <ItemPrice>4.75</ItemPrice>
      <UnitOfMeasurePrice>1.90</UnitOfMeasurePrice>
      <AllowDiscount>0</AllowDiscount>
      <itemStatus>1</itemStatus>
      <LastUpdateDate />
      <LastUpdateTime />
    </Product>
    <Product>
      <PriceUpdateDate>2018/08/13 09:32</PriceUpdateDate>
      <ItemCode>7290000048413</ItemCode>
      <ItemType>1</ItemType>
      <ItemName>גבינה חמד 16% פיראוס (250 גרם)</ItemName>
      <ManufactureName>תנובה - חלב</ManufactureName>
      <ManufactureCountry />
      <ManufactureItemDescription />
      <UnitQty>יח`</UnitQty>
      <Quantity>250</Quantity>
      <UnitMeasure>גרם</UnitMeasure>
      <BisWeighted>0</BisWeighted>
      <QtyInPackage>1</QtyInPackage>
      <ItemPrice>17.90</ItemPrice>
      <UnitOfMeasurePrice>7.16</UnitOfMeasurePrice>
      <AllowDiscount>0</AllowDiscount>
      <itemStatus>1</itemStatus>
      <LastUpdateDate />
      <LastUpdateTime />
    </Product>
    <Product>
      <PriceUpdateDate>2018/08/13 09:32</PriceUpdateDate>
      <ItemCode>7290000048437</ItemCode>
      <ItemType>1</ItemType>
      <ItemName>גבינת צפתית 5% פיראוס (200 גרם)</ItemName>
      <ManufactureName>תנובה - חלב</ManufactureName>
      <ManufactureCountry />
      <ManufactureItemDescription />
      <UnitQty>יח`</UnitQty>
      <Quantity>200</Quantity>
      <UnitMeasure>גרם</UnitMeasure>
      <BisWeighted>0</BisWeighted>
      <QtyInPackage>1</QtyInPackage>
      <ItemPrice>14.90</ItemPrice>
      <UnitOfMeasurePrice>7.45</UnitOfMeasurePrice>
      <AllowDiscount>0</AllowDiscount>
      <itemStatus>1</itemStatus>
      <LastUpdateDate />
      <LastUpdateTime />
    </Product>
    <Product>
      <PriceUpdateDate>2019/06/16 12:46</PriceUpdateDate>
      <ItemCode>7290000050300</ItemCode>
      <ItemType>1</ItemType>
      <ItemName>גבינה לבנה 5% מהדרין תנובה (125 גרם)</ItemName>
      <ManufactureName>תנובה - חלב</ManufactureName>
      <ManufactureCountry />
      <ManufactureItemDescription />
      <UnitQty>יח`</UnitQty>
      <Quantity>125</Quantity>
      <UnitMeasure>גרם</UnitMeasure>
      <BisWeighted>0</BisWeighted>
      <QtyInPackage>1</QtyInPackage>
      <ItemPrice>2.37</ItemPrice>
      <UnitOfMeasurePrice>1.90</UnitOfMeasurePrice>
      <AllowDiscount>0</AllowDiscount>
      <itemStatus>1</itemStatus>
      <LastUpdateDate />
      <LastUpdateTime />
    </Product>
    <Product>
      <PriceUpdateDate>2015/01/18 11:12</PriceUpdateDate>
      <ItemCode>7290000050447</ItemCode>
      <ItemType>1</ItemType>
      <ItemName>יוגורט ביו 3% תות יופלה (500 גרם)</ItemName>
      <ManufactureName>תנובה - חלב</ManufactureName>
      <ManufactureCountry />
      <ManufactureItemDescription />
      <UnitQty>יח`</UnitQty>
      <Quantity>1</Quantity>
      <UnitMeasure>1 ליטר</UnitMeasure>
      <BisWeighted>0</BisWeighted>
      <QtyInPackage>1</QtyInPackage>
      <ItemPrice>12.50</ItemPrice>
      <UnitOfMeasurePrice>12.50</UnitOfMeasurePrice>
      <AllowDiscount>0</AllowDiscount>
      <itemStatus>1</itemStatus>
      <LastUpdateDate />
      <LastUpdateTime />
    </Product>
    <Product>
      <PriceUpdateDate>2015/01/18 11:12</PriceUpdateDate>
      <ItemCode>7290000050454</ItemCode>
      <ItemType>1</ItemType>
      <ItemName>יוגורט ביו 3% אפרסק יופלה (500 גרם)</ItemName>
      <ManufactureName>תנובה - חלב</ManufactureName>
      <ManufactureCountry />
      <ManufactureItemDescription />
      <UnitQty>יח`</UnitQty>
      <Quantity>500</Quantity>
      <UnitMeasure>מ"ל</UnitMeasure>
      <BisWeighted>0</BisWeighted>
      <QtyInPackage>1</QtyInPackage>
      <ItemPrice>12.50</ItemPrice>
      <UnitOfMeasurePrice>2.50</UnitOfMeasurePrice>
      <AllowDiscount>0</AllowDiscount>
      <itemStatus>1</itemStatus>
      <LastUpdateDate />
      <LastUpdateTime />
    </Product>
    <Product>
      <PriceUpdateDate>2013/12/31 12:18</PriceUpdateDate>
      <ItemCode>7290000051376</ItemCode>
      <ItemType>1</ItemType>
      <ItemName>יופלה דיאט אננס 0%</ItemName>
      <ManufactureName>תנובה - חלב</ManufactureName>
      <ManufactureCountry />
      <ManufactureItemDescription />
      <UnitQty>יח`</UnitQty>
      <Quantity>150</Quantity>
      <UnitMeasure>מ"ל</UnitMeasure>
      <BisWeighted>0</BisWeighted>
      <QtyInPackage>1</QtyInPackage>
      <ItemPrice>4.90</ItemPrice>
      <UnitOfMeasurePrice>3.27</UnitOfMeasurePrice>
      <AllowDiscount>1</AllowDiscount>
      <itemStatus>1</itemStatus>
      <LastUpdateDate />
      <LastUpdateTime />
    </Product>
    <Product>
      <PriceUpdateDate>2018/08/13 09:32</PriceUpdateDate>
      <ItemCode>7290000051710</ItemCode>
      <ItemType>1</ItemType>
      <ItemName>פיראוס לאבנה עם שמן זית 9%</ItemName>
      <ManufactureName>תנובה - חלב</ManufactureName>
      <ManufactureCountry />
      <ManufactureItemDescription />
      <UnitQty>יח`</UnitQty>
      <Quantity>263</Quantity>
      <UnitMeasure>גרם</UnitMeasure>
      <BisWeighted>0</BisWeighted>
      <QtyInPackage>1</QtyInPackage>
      <ItemPrice>13.50</ItemPrice>
      <UnitOfMeasurePrice>5.13</UnitOfMeasurePrice>
      <AllowDiscount>0</AllowDiscount>
      <itemStatus>1</itemStatus>
      <LastUpdateDate />
      <LastUpdateTime />
    </Product>
    <Product>
      <PriceUpdateDate>2015/01/18 11:12</PriceUpdateDate>
      <ItemCode>7290000052250</ItemCode>
      <ItemType>1</ItemType>
      <ItemName>יוגורט ביו 3% פירות יער יופלה (500 גרם)</ItemName>
      <ManufactureName>תנובה - חלב</ManufactureName>
      <ManufactureCountry />
      <ManufactureItemDescription />
      <UnitQty>יח`</UnitQty>
      <Quantity>500</Quantity>
      <UnitMeasure>גרם</UnitMeasure>
      <BisWeighted>0</BisWeighted>
      <QtyInPackage>1</QtyInPackage>
      <ItemPrice>12.50</ItemPrice>
      <UnitOfMeasurePrice>2.50</UnitOfMeasurePrice>
      <AllowDiscount>0</AllowDiscount>
      <itemStatus>1</itemStatus>
      <LastUpdateDate />
      <LastUpdateTime />
    </Product>
    <Product>
      <PriceUpdateDate>2018/08/13 09:32</PriceUpdateDate>
      <ItemCode>7290000052298</ItemCode>
      <ItemType>1</ItemType>
      <ItemName>מוקה 2% שומן תנובה (1 ליטר)</ItemName>
      <ManufactureName>תנובה - חלב</ManufactureName>
      <ManufactureCountry />
      <ManufactureItemDescription />
      <UnitQty>יח`</UnitQty>
      <Quantity>1</Quantity>
      <UnitMeasure>1 ליטר</UnitMeasure>
      <BisWeighted>0</BisWeighted>
      <QtyInPackage>1</QtyInPackage>
      <ItemPrice>12.50</ItemPrice>
      <UnitOfMeasurePrice>12.50</UnitOfMeasurePrice>
      <AllowDiscount>0</AllowDiscount>
      <itemStatus>1</itemStatus>
      <LastUpdateDate />
      <LastUpdateTime />
    </Product>
    <Product>
      <PriceUpdateDate>2018/08/13 09:32</PriceUpdateDate>
      <ItemCode>7290000052304</ItemCode>
      <ItemType>1</ItemType>
      <ItemName>שוקו מוקה 340 מל בקבוק תנובה</ItemName>
      <ManufactureName>תנובה - חלב</ManufactureName>
      <ManufactureCountry />
      <ManufactureItemDescription />
      <UnitQty>יח`</UnitQty>
      <Quantity>340</Quantity>
      <UnitMeasure>מ"ל</UnitMeasure>
      <BisWeighted>0</BisWeighted>
      <QtyInPackage>1</QtyInPackage>
      <ItemPrice>6.50</ItemPrice>
      <UnitOfMeasurePrice>1.91</UnitOfMeasurePrice>
      <AllowDiscount>0</AllowDiscount>
      <itemStatus>1</itemStatus>
      <LastUpdateDate />
      <LastUpdateTime />
    </Product>
    <Product>
      <PriceUpdateDate>2018/08/13 09:32</PriceUpdateDate>
      <ItemCode>7290000052311</ItemCode>
      <ItemType>1</ItemType>
      <ItemName>עמק פרוס בקופסא 200 גר` 15% שומן</ItemName>
      <ManufactureName>תנובה - חלב</ManufactureName>
      <ManufactureCountry />
      <ManufactureItemDescription />
      <UnitQty>יח`</UnitQty>
      <Quantity>200</Quantity>
      <UnitMeasure>גרם</UnitMeasure>
      <BisWeighted>0</BisWeighted>
      <QtyInPackage>1</QtyInPackage>
      <ItemPrice>16.10</ItemPrice>
      <UnitOfMeasurePrice>8.05</UnitOfMeasurePrice>
      <AllowDiscount>0</AllowDiscount>
      <itemStatus>1</itemStatus>
      <LastUpdateDate />
      <LastUpdateTime />
    </Product>
    <Product>
      <PriceUpdateDate>2018/08/13 09:32</PriceUpdateDate>
      <ItemCode>7290000055329</ItemCode>
      <ItemType>1</ItemType>
      <ItemName>יופלה משקה יוגורט 250 מל תות מלון</ItemName>
      <ManufactureName>תנובה - חלב</ManufactureName>
      <ManufactureCountry />
      <ManufactureItemDescription />
      <UnitQty>יח`</UnitQty>
      <Quantity>250</Quantity>
      <UnitMeasure>גרם</UnitMeasure>
      <BisWeighted>0</BisWeighted>
      <QtyInPackage>1</QtyInPackage>
      <ItemPrice>5.50</ItemPrice>
      <UnitOfMeasurePrice>2.20</UnitOfMeasurePrice>
      <AllowDiscount>1</AllowDiscount>
      <itemStatus>1</itemStatus>
      <LastUpdateDate />
      <LastUpdateTime />
    </Product>
    <Product>
      <PriceUpdateDate>2018/08/13 09:32</PriceUpdateDate>
      <ItemCode>7290000055336</ItemCode>
      <ItemType>1</ItemType>
      <ItemName>יופלה משקה יוגורט 250 מל בננה אפרסק</ItemName>
      <ManufactureName>תנובה - חלב</ManufactureName>
      <ManufactureCountry />
      <ManufactureItemDescription />
      <UnitQty>יח`</UnitQty>
      <Quantity>250</Quantity>
      <UnitMeasure>גרם</UnitMeasure>
      <BisWeighted>0</BisWeighted>
      <QtyInPackage>1</QtyInPackage>
      <ItemPrice>5.50</ItemPrice>
      <UnitOfMeasurePrice>2.20</UnitOfMeasurePrice>
      <AllowDiscount>1</AllowDiscount>
      <itemStatus>1</itemStatus>
      <LastUpdateDate />
      <LastUpdateTime />
    </Product>
    <Product>
      <PriceUpdateDate>2018/08/13 09:32</PriceUpdateDate>
      <ItemCode>7290000055343</ItemCode>
      <ItemType>1</ItemType>
      <ItemName>משקה יוגורט 1.5% טרופי יופלה (250 גרם)</ItemName>
      <ManufactureName>תנובה - חלב</ManufactureName>
      <ManufactureCountry />
      <ManufactureItemDescription />
      <UnitQty>יח`</UnitQty>
      <Quantity>250</Quantity>
      <UnitMeasure>גרם</UnitMeasure>
      <BisWeighted>0</BisWeighted>
      <QtyInPackage>1</QtyInPackage>
      <ItemPrice>5.50</ItemPrice>
      <UnitOfMeasurePrice>2.20</UnitOfMeasurePrice>
      <AllowDiscount>1</AllowDiscount>
      <itemStatus>1</itemStatus>
      <LastUpdateDate />
      <LastUpdateTime />
    </Product>
    <Product>
      <PriceUpdateDate>2018/08/13 09:32</PriceUpdateDate>
      <ItemCode>7290000056081</ItemCode>
      <ItemType>1</ItemType>
      <ItemName>מאגדת 6 פרילי טבע</ItemName>
      <ManufactureName>תנובה - חלב</ManufactureName>
      <ManufactureCountry />
      <ManufactureItemDescription />
      <UnitQty>יח`</UnitQty>
      <Quantity>1200</Quantity>
      <UnitMeasure>גרם</UnitMeasure>
      <BisWeighted>0</BisWeighted>
      <QtyInPackage>1</QtyInPackage>
      <ItemPrice>22.50</ItemPrice>
      <UnitOfMeasurePrice>1.88</UnitOfMeasurePrice>
      <AllowDiscount>0</AllowDiscount>
      <itemStatus>1</itemStatus>
      <LastUpdateDate />
      <LastUpdateTime />
    </Product>
    <Product>
      <PriceUpdateDate>2018/08/13 09:32</PriceUpdateDate>
      <ItemCode>7290000056272</ItemCode>
      <ItemType>1</ItemType>
      <ItemName>גבינה לבנה 5% עם זיתים תנובה (250 גרם)</ItemName>
      <ManufactureName>תנובה - חלב</ManufactureName>
      <ManufactureCountry />
      <ManufactureItemDescription />
      <UnitQty>יח`</UnitQty>
      <Quantity>250</Quantity>
      <UnitMeasure>גרם</UnitMeasure>
      <BisWeighted>0</BisWeighted>
      <QtyInPackage>1</QtyInPackage>
      <ItemPrice>5.70</ItemPrice>
      <UnitOfMeasurePrice>2.28</UnitOfMeasurePrice>
      <AllowDiscount>0</AllowDiscount>
      <itemStatus>1</itemStatus>
      <LastUpdateDate />
      <LastUpdateTime />
    </Product>
    <Product>
      <PriceUpdateDate>2019/06/16 12:46</PriceUpdateDate>
      <ItemCode>7290000056845</ItemCode>
      <ItemType>1</ItemType>
      <ItemName>חלב טרי 3% תנובה (1.5 ליטר) פיקוח</ItemName>
      <ManufactureName>תנובה - חלב</ManufactureName>
      <ManufactureCountry />
      <ManufactureItemDescription />
      <UnitQty>יח`</UnitQty>
      <Quantity>1500</Quantity>
      <UnitMeasure>1 ליטר</UnitMeasure>
      <BisWeighted>0</BisWeighted>
      <QtyInPackage>1</QtyInPackage>
      <ItemPrice>8.91</ItemPrice>
      <UnitOfMeasurePrice>0.01</UnitOfMeasurePrice>
      <AllowDiscount>0</AllowDiscount>
      <itemStatus>1</itemStatus>
      <LastUpdateDate />
      <LastUpdateTime />
    </Product>
    <Product>
      <PriceUpdateDate>2018/08/13 09:32</PriceUpdateDate>
      <ItemCode>7290000056883</ItemCode>
      <ItemType>1</ItemType>
      <ItemName>יופלה טעמים משתנים 3% 8*150 מל</ItemName>
      <ManufactureName>תנובה - חלב</ManufactureName>
      <ManufactureCountry />
      <ManufactureItemDescription />
      <UnitQty>יח`</UnitQty>
      <Quantity>1200</Quantity>
      <UnitMeasure>מ"ל</UnitMeasure>
      <BisWeighted>0</BisWeighted>
      <QtyInPackage>1</QtyInPackage>
      <ItemPrice>30.50</ItemPrice>
      <UnitOfMeasurePrice>2.54</UnitOfMeasurePrice>
      <AllowDiscount>1</AllowDiscount>
      <itemStatus>1</itemStatus>
      <LastUpdateDate />
      <LastUpdateTime />
    </Product>
    <Product>
      <PriceUpdateDate>2018/08/13 09:32</PriceUpdateDate>
      <ItemCode>7290000056890</ItemCode>
      <ItemType>1</ItemType>
      <ItemName>יופלה דיאט טעמים שונים 6+2 8*150 מל</ItemName>
      <ManufactureName>תנובה - חלב</ManufactureName>
      <ManufactureCountry />
      <ManufactureItemDescription />
      <UnitQty>יח`</UnitQty>
      <Quantity>1200</Quantity>
      <UnitMeasure>מ"ל</UnitMeasure>
      <BisWeighted>0</BisWeighted>
      <QtyInPackage>1</QtyInPackage>
      <ItemPrice>30.50</ItemPrice>
      <UnitOfMeasurePrice>2.54</UnitOfMeasurePrice>
      <AllowDiscount>1</AllowDiscount>
      <itemStatus>1</itemStatus>
      <LastUpdateDate />
      <LastUpdateTime />
    </Product>
    <Product>
      <PriceUpdateDate>2018/08/13 09:32</PriceUpdateDate>
      <ItemCode>7290000056906</ItemCode>
      <ItemType>1</ItemType>
      <ItemName>יופלה לבן שמינייה 1.5%</ItemName>
      <ManufactureName>תנובה - חלב</ManufactureName>
      <ManufactureCountry />
      <ManufactureItemDescription />
      <UnitQty>יח`</UnitQty>
      <Quantity>1200</Quantity>
      <UnitMeasure>מ"ל</UnitMeasure>
      <BisWeighted>0</BisWeighted>
      <QtyInPackage>1</QtyInPackage>
      <ItemPrice>17.50</ItemPrice>
      <UnitOfMeasurePrice>1.46</UnitOfMeasurePrice>
      <AllowDiscount>1</AllowDiscount>
      <itemStatus>1</itemStatus>
      <LastUpdateDate />
      <LastUpdateTime />
    </Product>
    <Product>
      <PriceUpdateDate>2019/02/19 15:56</PriceUpdateDate>
      <ItemCode>7290000056951</ItemCode>
      <ItemType>1</ItemType>
      <ItemName>שמנת עמידה לבישול 15% השף הלבן (500 מל)</ItemName>
      <ManufactureName>תנובה - חלב</ManufactureName>
      <ManufactureCountry />
      <ManufactureItemDescription />
      <UnitQty>יח`</UnitQty>
      <Quantity>500</Quantity>
      <UnitMeasure>מ"ל</UnitMeasure>
      <BisWeighted>0</BisWeighted>
      <QtyInPackage>1</QtyInPackage>
      <ItemPrice>15.90</ItemPrice>
      <UnitOfMeasurePrice>3.18</UnitOfMeasurePrice>
      <AllowDiscount>0</AllowDiscount>
      <itemStatus>1</itemStatus>
      <LastUpdateDate />
      <LastUpdateTime />
    </Product>
    <Product>
      <PriceUpdateDate>2019/02/03 12:25</PriceUpdateDate>
      <ItemCode>7290000057118</ItemCode>
      <ItemType>1</ItemType>
      <ItemName>סמי עמק 400 גר</ItemName>
      <ManufactureName>תנובה - חלב</ManufactureName>
      <ManufactureCountry />
      <ManufactureItemDescription />
      <UnitQty>יח`</UnitQty>
      <Quantity>400</Quantity>
      <UnitMeasure>גרם</UnitMeasure>
      <BisWeighted>0</BisWeighted>
      <QtyInPackage>1</QtyInPackage>
      <ItemPrice>20.90</ItemPrice>
      <UnitOfMeasurePrice>5.23</UnitOfMeasurePrice>
      <AllowDiscount>0</AllowDiscount>
      <itemStatus>1</itemStatus>
      <LastUpdateDate />
      <LastUpdateTime />
    </Product>
    <Product>
      <PriceUpdateDate>2018/08/13 09:32</PriceUpdateDate>
      <ItemCode>7290000057132</ItemCode>
      <ItemType>1</ItemType>
      <ItemName>יוגורט ביו 1.5% תנובה (200 גרם)</ItemName>
      <ManufactureName>תנובה - חלב</ManufactureName>
      <ManufactureCountry />
      <ManufactureItemDescription />
      <UnitQty>יח`</UnitQty>
      <Quantity>200</Quantity>
      <UnitMeasure>גרם</UnitMeasure>
      <BisWeighted>0</BisWeighted>
      <QtyInPackage>1</QtyInPackage>
      <ItemPrice>3.20</ItemPrice>
      <UnitOfMeasurePrice>1.60</UnitOfMeasurePrice>
      <AllowDiscount>0</AllowDiscount>
      <itemStatus>1</itemStatus>
      <LastUpdateDate />
      <LastUpdateTime />
    </Product>
    <Product>
      <PriceUpdateDate>2018/08/13 09:32</PriceUpdateDate>
      <ItemCode>7290000057149</ItemCode>
      <ItemType>1</ItemType>
      <ItemName>יוגורט ביו 3% תנובה (200 גרם)</ItemName>
      <ManufactureName>תנובה - חלב</ManufactureName>
      <ManufactureCountry />
      <ManufactureItemDescription />
      <UnitQty>יח`</UnitQty>
      <Quantity>200</Quantity>
      <UnitMeasure>גרם</UnitMeasure>
      <BisWeighted>0</BisWeighted>
      <QtyInPackage>1</QtyInPackage>
      <ItemPrice>3.20</ItemPrice>
      <UnitOfMeasurePrice>1.60</UnitOfMeasurePrice>
      <AllowDiscount>0</AllowDiscount>
      <itemStatus>1</itemStatus>
      <LastUpdateDate />
      <LastUpdateTime />
    </Product>
    <Product>
      <PriceUpdateDate>2019/06/16 12:46</PriceUpdateDate>
      <ItemCode>7290000057477</ItemCode>
      <ItemType>1</ItemType>
      <ItemName>חלב 3% בדצ תנובה (1.5 ליטר) פיקוח</ItemName>
      <ManufactureName>תנובה - חלב</ManufactureName>
      <ManufactureCountry />
      <ManufactureItemDescription />
      <UnitQty>יח`</UnitQty>
      <Quantity>1500</Quantity>
      <UnitMeasure>1 ליטר</UnitMeasure>
      <BisWeighted>0</BisWeighted>
      <QtyInPackage>1</QtyInPackage>
      <ItemPrice>8.91</ItemPrice>
      <UnitOfMeasurePrice>0.01</UnitOfMeasurePrice>
      <AllowDiscount>0</AllowDiscount>
      <itemStatus>1</itemStatus>
      <LastUpdateDate />
      <LastUpdateTime />
    </Product>
    <Product>
      <PriceUpdateDate>2013/12/31 12:18</PriceUpdateDate>
      <ItemCode>7290000057552</ItemCode>
      <ItemType>1</ItemType>
      <ItemName>דיאט יופלה עוגת גבינה ותות</ItemName>
      <ManufactureName>תנובה - חלב</ManufactureName>
      <ManufactureCountry />
      <ManufactureItemDescription />
      <UnitQty>יח`</UnitQty>
      <Quantity>150</Quantity>
      <UnitMeasure>גרם</UnitMeasure>
      <BisWeighted>0</BisWeighted>
      <QtyInPackage>1</QtyInPackage>
      <ItemPrice>4.90</ItemPrice>
      <UnitOfMeasurePrice>3.27</UnitOfMeasurePrice>
      <AllowDiscount>1</AllowDiscount>
      <itemStatus>1</itemStatus>
      <LastUpdateDate />
      <LastUpdateTime />
    </Product>
    <Product>
      <PriceUpdateDate>2018/08/13 09:32</PriceUpdateDate>
      <ItemCode>7290000058030</ItemCode>
      <ItemType>1</ItemType>
      <ItemName>שטוזים משקה יוגורט תות יופלה (100x8 מל)</ItemName>
      <ManufactureName>תנובה - חלב</ManufactureName>
      <ManufactureCountry />
      <ManufactureItemDescription />
      <UnitQty>יח`</UnitQty>
      <Quantity>1</Quantity>
      <UnitMeasure />
      <BisWeighted>0</BisWeighted>
      <QtyInPackage>1</QtyInPackage>
      <ItemPrice>20.90</ItemPrice>
      <UnitOfMeasurePrice>20.90</UnitOfMeasurePrice>
      <AllowDiscount>0</AllowDiscount>
      <itemStatus>1</itemStatus>
      <LastUpdateDate />
      <LastUpdateTime />
    </Product>
    <Product>
      <PriceUpdateDate>2018/08/13 09:32</PriceUpdateDate>
      <ItemCode>7290000058276</ItemCode>
      <ItemType>1</ItemType>
      <ItemName>קרלו מיני שמינייה תות</ItemName>
      <ManufactureName>תנובה - חלב</ManufactureName>
      <ManufactureCountry />
      <ManufactureItemDescription />
      <UnitQty>יח`</UnitQty>
      <Quantity>1</Quantity>
      <UnitMeasure />
      <BisWeighted>0</BisWeighted>
      <QtyInPackage>1</QtyInPackage>
      <ItemPrice>13.90</ItemPrice>
      <UnitOfMeasurePrice>13.90</UnitOfMeasurePrice>
      <AllowDiscount>0</AllowDiscount>
      <itemStatus>1</itemStatus>
      <LastUpdateDate />
      <LastUpdateTime />
    </Product>
    <Product>
      <PriceUpdateDate>2018/08/13 09:32</PriceUpdateDate>
      <ItemCode>7290000058979</ItemCode>
      <ItemType>1</ItemType>
      <ItemName>גיל בטעם תות</ItemName>
      <ManufactureName>תנובה - חלב</ManufactureName>
      <ManufactureCountry />
      <ManufactureItemDescription />
      <UnitQty>יח`</UnitQty>
      <Quantity>125</Quantity>
      <UnitMeasure>מ"ל</UnitMeasure>
      <BisWeighted>0</BisWeighted>
      <QtyInPackage>1</QtyInPackage>
      <ItemPrice>1.60</ItemPrice>
      <UnitOfMeasurePrice>1.28</UnitOfMeasurePrice>
      <AllowDiscount>0</AllowDiscount>
      <itemStatus>1</itemStatus>
      <LastUpdateDate />
      <LastUpdateTime />
    </Product>
    <Product>
      <PriceUpdateDate>2015/04/14 14:16</PriceUpdateDate>
      <ItemCode>7290000060071</ItemCode>
      <ItemType>1</ItemType>
      <ItemName>פריכונים מאורז מלא אסם (80 גרם)</ItemName>
      <ManufactureName>קבוצת אסם סחר שות. מוגבלת</ManufactureName>
      <ManufactureCountry />
      <ManufactureItemDescription />
      <UnitQty>יח`</UnitQty>
      <Quantity>80</Quantity>
      <UnitMeasure>גרם</UnitMeasure>
      <BisWeighted>0</BisWeighted>
      <QtyInPackage>1</QtyInPackage>
      <ItemPrice>7.90</ItemPrice>
      <UnitOfMeasurePrice>9.88</UnitOfMeasurePrice>
      <AllowDiscount>0</AllowDiscount>
      <itemStatus>1</itemStatus>
      <LastUpdateDate />
      <LastUpdateTime />
    </Product>
    <Product>
      <PriceUpdateDate>2015/12/06 11:26</PriceUpdateDate>
      <ItemCode>7290000060088</ItemCode>
      <ItemType>1</ItemType>
      <ItemName>בייגלה מקלות עם מלח אסם (400 גרם)</ItemName>
      <ManufactureName>קבוצת אסם סחר שות. מוגבלת</ManufactureName>
      <ManufactureCountry />
      <ManufactureItemDescription />
      <UnitQty>יח`</UnitQty>
      <Quantity>400</Quantity>
      <UnitMeasure>גרם</UnitMeasure>
      <BisWeighted>0</BisWeighted>
      <QtyInPackage>1</QtyInPackage>
      <ItemPrice>10.90</ItemPrice>
      <UnitOfMeasurePrice>2.73</UnitOfMeasurePrice>
      <AllowDiscount>0</AllowDiscount>
      <itemStatus>1</itemStatus>
      <LastUpdateDate />
      <LastUpdateTime />
    </Product>
    <Product>
      <PriceUpdateDate>2015/09/18 08:23</PriceUpdateDate>
      <ItemCode>7290000060156</ItemCode>
      <ItemType>1</ItemType>
      <ItemName>אטריות ביצים דקות אסם (200 גרם)</ItemName>
      <ManufactureName>קבוצת אסם סחר שות. מוגבלת</ManufactureName>
      <ManufactureCountry />
      <ManufactureItemDescription />
      <UnitQty>יח`</UnitQty>
      <Quantity>200</Quantity>
      <UnitMeasure>גרם</UnitMeasure>
      <BisWeighted>0</BisWeighted>
      <QtyInPackage>1</QtyInPackage>
      <ItemPrice>7.90</ItemPrice>
      <UnitOfMeasurePrice>3.95</UnitOfMeasurePrice>
      <AllowDiscount>1</AllowDiscount>
      <itemStatus>1</itemStatus>
      <LastUpdateDate />
      <LastUpdateTime />
    </Product>
    <Product>
      <PriceUpdateDate>2013/11/13 12:34</PriceUpdateDate>
      <ItemCode>7290000060163</ItemCode>
      <ItemType>1</ItemType>
      <ItemName>אטריות דקות אסם (400 גרם)</ItemName>
      <ManufactureName>קבוצת אסם סחר שות. מוגבלת</ManufactureName>
      <ManufactureCountry />
      <ManufactureItemDescription />
      <UnitQty>יח`</UnitQty>
      <Quantity>400</Quantity>
      <UnitMeasure>גרם</UnitMeasure>
      <BisWeighted>0</BisWeighted>
      <QtyInPackage>1</QtyInPackage>
      <ItemPrice>7.90</ItemPrice>
      <UnitOfMeasurePrice>1.98</UnitOfMeasurePrice>
      <AllowDiscount>1</AllowDiscount>
      <itemStatus>1</itemStatus>
      <LastUpdateDate />
      <LastUpdateTime />
    </Product>
    <Product>
      <PriceUpdateDate>2015/07/23 09:05</PriceUpdateDate>
      <ItemCode>7290000060200</ItemCode>
      <ItemType>1</ItemType>
      <ItemName>פתיתים אפויים קוסקוס אסם (500 גרם)</ItemName>
      <ManufactureName>קבוצת אסם סחר שות. מוגבלת</ManufactureName>
      <ManufactureCountry />
      <ManufactureItemDescription />
      <UnitQty>יח`</UnitQty>
      <Quantity>500</Quantity>
      <UnitMeasure>גרם</UnitMeasure>
      <BisWeighted>0</BisWeighted>
      <QtyInPackage>1</QtyInPackage>
      <ItemPrice>6.90</ItemPrice>
      <UnitOfMeasurePrice>1.38</UnitOfMeasurePrice>
      <AllowDiscount>1</AllowDiscount>
      <itemStatus>1</itemStatus>
      <LastUpdateDate />
      <LastUpdateTime />
    </Product>
    <Product>
      <PriceUpdateDate>2019/03/24 12:39</PriceUpdateDate>
      <ItemCode>7290000060217</ItemCode>
      <ItemType>1</ItemType>
      <ItemName>פסטה מקרוני מספר 7 אסם (500 גרם)</ItemName>
      <ManufactureName>קבוצת אסם סחר שות. מוגבלת</ManufactureName>
      <ManufactureCountry />
      <ManufactureItemDescription />
      <UnitQty>יח`</UnitQty>
      <Quantity>500</Quantity>
      <UnitMeasure>גרם</UnitMeasure>
      <BisWeighted>0</BisWeighted>
      <QtyInPackage>1</QtyInPackage>
      <ItemPrice>5.90</ItemPrice>
      <UnitOfMeasurePrice>1.18</UnitOfMeasurePrice>
      <AllowDiscount>1</AllowDiscount>
      <itemStatus>1</itemStatus>
      <LastUpdateDate />
      <LastUpdateTime />
    </Product>
    <Product>
      <PriceUpdateDate>2019/03/24 12:39</PriceUpdateDate>
      <ItemCode>7290000060248</ItemCode>
      <ItemType>1</ItemType>
      <ItemName>פסטה תלתלים אסם (500 גרם)</ItemName>
      <ManufactureName>קבוצת אסם סחר שות. מוגבלת</ManufactureName>
      <ManufactureCountry />
      <ManufactureItemDescription />
      <UnitQty>יח`</UnitQty>
      <Quantity>500</Quantity>
      <UnitMeasure>גרם</UnitMeasure>
      <BisWeighted>0</BisWeighted>
      <QtyInPackage>1</QtyInPackage>
      <ItemPrice>5.90</ItemPrice>
      <UnitOfMeasurePrice>1.18</UnitOfMeasurePrice>
      <AllowDiscount>1</AllowDiscount>
      <itemStatus>1</itemStatus>
      <LastUpdateDate />
      <LastUpdateTime />
    </Product>
    <Product>
      <PriceUpdateDate>2019/02/07 13:36</PriceUpdateDate>
      <ItemCode>7290000060316</ItemCode>
      <ItemType>1</ItemType>
      <ItemName>ספגטי אסם פרפקטו (500 גרם)</ItemName>
      <ManufactureName>קבוצת אסם סחר שות. מוגבלת</ManufactureName>
      <ManufactureCountry />
      <ManufactureItemDescription />
      <UnitQty>יח`</UnitQty>
      <Quantity>500</Quantity>
      <UnitMeasure>גרם</UnitMeasure>
      <BisWeighted>0</BisWeighted>
      <QtyInPackage>1</QtyInPackage>
      <ItemPrice>6.90</ItemPrice>
      <UnitOfMeasurePrice>1.38</UnitOfMeasurePrice>
      <AllowDiscount>1</AllowDiscount>
      <itemStatus>1</itemStatus>
      <LastUpdateDate />
      <LastUpdateTime />
    </Product>
    <Product>
      <PriceUpdateDate>2015/05/28 16:19</PriceUpdateDate>
      <ItemCode>7290000060415</ItemCode>
      <ItemType>1</ItemType>
      <ItemName>לזניה אסם פרפקטו (500 גרם)</ItemName>
      <ManufactureName>קבוצת אסם סחר שות. מוגבלת</ManufactureName>
      <ManufactureCountry />
      <ManufactureItemDescription />
      <UnitQty>יח`</UnitQty>
      <Quantity>500</Quantity>
      <UnitMeasure>גרם</UnitMeasure>
      <BisWeighted>0</BisWeighted>
      <QtyInPackage>1</QtyInPackage>
      <ItemPrice>15.90</ItemPrice>
      <UnitOfMeasurePrice>3.18</UnitOfMeasurePrice>
      <AllowDiscount>1</AllowDiscount>
      <itemStatus>1</itemStatus>
      <LastUpdateDate />
      <LastUpdateTime />
    </Product>
    <Product>
      <PriceUpdateDate>2019/03/24 12:39</PriceUpdateDate>
      <ItemCode>7290000060781</ItemCode>
      <ItemType>1</ItemType>
      <ItemName>פסטה מסולסלים אסם (500 גרם)</ItemName>
      <ManufactureName>קבוצת אסם סחר שות. מוגבלת</ManufactureName>
      <ManufactureCountry />
      <ManufactureItemDescription />
      <UnitQty>יח`</UnitQty>
      <Quantity>500</Quantity>
      <UnitMeasure>גרם</UnitMeasure>
      <BisWeighted>0</BisWeighted>
      <QtyInPackage>1</QtyInPackage>
      <ItemPrice>5.90</ItemPrice>
      <UnitOfMeasurePrice>1.18</UnitOfMeasurePrice>
      <AllowDiscount>1</AllowDiscount>
      <itemStatus>1</itemStatus>
      <LastUpdateDate />
      <LastUpdateTime />
    </Product>
    <Product>
      <PriceUpdateDate>2019/03/24 12:39</PriceUpdateDate>
      <ItemCode>7290000060828</ItemCode>
      <ItemType>1</ItemType>
      <ItemName>פסטה קרניים בינוניות אסם (500 גרם)</ItemName>
      <ManufactureName>קבוצת אסם סחר שות. מוגבלת</ManufactureName>
      <ManufactureCountry />
      <ManufactureItemDescription />
      <UnitQty>יח`</UnitQty>
      <Quantity>500</Quantity>
      <UnitMeasure>גרם</UnitMeasure>
      <BisWeighted>0</BisWeighted>
      <QtyInPackage>1</QtyInPackage>
      <ItemPrice>5.90</ItemPrice>
      <UnitOfMeasurePrice>1.18</UnitOfMeasurePrice>
      <AllowDiscount>1</AllowDiscount>
      <itemStatus>1</itemStatus>
      <LastUpdateDate />
      <LastUpdateTime />
    </Product>
    <Product>
      <PriceUpdateDate>2019/03/24 12:39</PriceUpdateDate>
      <ItemCode>7290000060842</ItemCode>
      <ItemType>1</ItemType>
      <ItemName>פסטה צדפים גדולים אסם (500 גרם)</ItemName>
      <ManufactureName>קבוצת אסם סחר שות. מוגבלת</ManufactureName>
      <ManufactureCountry />
      <ManufactureItemDescription />
      <UnitQty>יח`</UnitQty>
      <Quantity>500</Quantity>
      <UnitMeasure>גרם</UnitMeasure>
      <BisWeighted>0</BisWeighted>
      <QtyInPackage>1</QtyInPackage>
      <ItemPrice>5.90</ItemPrice>
      <UnitOfMeasurePrice>1.18</UnitOfMeasurePrice>
      <AllowDiscount>1</AllowDiscount>
      <itemStatus>1</itemStatus>
      <LastUpdateDate />
      <LastUpdateTime />
    </Product>
    <Product>
      <PriceUpdateDate>2019/03/24 12:39</PriceUpdateDate>
      <ItemCode>7290000060859</ItemCode>
      <ItemType>1</ItemType>
      <ItemName>פסטה צדפים קטנים אסם (500 גרם)</ItemName>
      <ManufactureName>קבוצת אסם סחר שות. מוגבלת</ManufactureName>
      <ManufactureCountry />
      <ManufactureItemDescription />
      <UnitQty>יח`</UnitQty>
      <Quantity>500</Quantity>
      <UnitMeasure>גרם</UnitMeasure>
      <BisWeighted>0</BisWeighted>
      <QtyInPackage>1</QtyInPackage>
      <ItemPrice>5.90</ItemPrice>
      <UnitOfMeasurePrice>1.18</UnitOfMeasurePrice>
      <AllowDiscount>1</AllowDiscount>
      <itemStatus>1</itemStatus>
      <LastUpdateDate />
      <LastUpdateTime />
    </Product>
    <Product>
      <PriceUpdateDate>2019/03/24 12:39</PriceUpdateDate>
      <ItemCode>7290000060880</ItemCode>
      <ItemType>1</ItemType>
      <ItemName>ספגטי אסם (500 גרם)</ItemName>
      <ManufactureName>קבוצת אסם סחר שות. מוגבלת</ManufactureName>
      <ManufactureCountry />
      <ManufactureItemDescription />
      <UnitQty>יח`</UnitQty>
      <Quantity>500</Quantity>
      <UnitMeasure>גרם</UnitMeasure>
      <BisWeighted>0</BisWeighted>
      <QtyInPackage>1</QtyInPackage>
      <ItemPrice>5.90</ItemPrice>
      <UnitOfMeasurePrice>1.18</UnitOfMeasurePrice>
      <AllowDiscount>1</AllowDiscount>
      <itemStatus>1</itemStatus>
      <LastUpdateDate />
      <LastUpdateTime />
    </Product>
    <Product>
      <PriceUpdateDate>2015/07/23 09:05</PriceUpdateDate>
      <ItemCode>7290000060903</ItemCode>
      <ItemType>1</ItemType>
      <ItemName>פתיתים אפויים אורז אסם (500 גרם)</ItemName>
      <ManufactureName>קבוצת אסם סחר שות. מוגבלת</ManufactureName>
      <ManufactureCountry />
      <ManufactureItemDescription />
      <UnitQty>יח`</UnitQty>
      <Quantity>500</Quantity>
      <UnitMeasure>גרם</UnitMeasure>
      <BisWeighted>0</BisWeighted>
      <QtyInPackage>1</QtyInPackage>
      <ItemPrice>6.90</ItemPrice>
      <UnitOfMeasurePrice>1.38</UnitOfMeasurePrice>
      <AllowDiscount>1</AllowDiscount>
      <itemStatus>1</itemStatus>
      <LastUpdateDate />
      <LastUpdateTime />
    </Product>
    <Product>
      <PriceUpdateDate>2013/11/13 12:34</PriceUpdateDate>
      <ItemCode>7290000060958</ItemCode>
      <ItemType>1</ItemType>
      <ItemName>אטריות מובחרות בינוניות אסם (400 גרם)</ItemName>
      <ManufactureName>קבוצת אסם סחר שות. מוגבלת</ManufactureName>
      <ManufactureCountry />
      <ManufactureItemDescription />
      <UnitQty>יח`</UnitQty>
      <Quantity>400</Quantity>
      <UnitMeasure>גרם</UnitMeasure>
      <BisWeighted>0</BisWeighted>
      <QtyInPackage>1</QtyInPackage>
      <ItemPrice>7.90</ItemPrice>
      <UnitOfMeasurePrice>1.98</UnitOfMeasurePrice>
      <AllowDiscount>1</AllowDiscount>
      <itemStatus>1</itemStatus>
      <LastUpdateDate />
      <LastUpdateTime />
    </Product>
    <Product>
      <PriceUpdateDate>2013/11/13 12:34</PriceUpdateDate>
      <ItemCode>7290000060965</ItemCode>
      <ItemType>1</ItemType>
      <ItemName>אטריות רחבות אסם (400 גרם)</ItemName>
      <ManufactureName>קבוצת אסם סחר שות. מוגבלת</ManufactureName>
      <ManufactureCountry />
      <ManufactureItemDescription />
      <UnitQty>יח`</UnitQty>
      <Quantity>400</Quantity>
      <UnitMeasure>גרם</UnitMeasure>
      <BisWeighted>0</BisWeighted>
      <QtyInPackage>1</QtyInPackage>
      <ItemPrice>7.90</ItemPrice>
      <UnitOfMeasurePrice>1.98</UnitOfMeasurePrice>
      <AllowDiscount>1</AllowDiscount>
      <itemStatus>1</itemStatus>
      <LastUpdateDate />
      <LastUpdateTime />
    </Product>
    <Product>
      <PriceUpdateDate>2013/11/13 12:34</PriceUpdateDate>
      <ItemCode>7290000060972</ItemCode>
      <ItemType>1</ItemType>
      <ItemName>אטריות דקיקות אסם (400 גרם)</ItemName>
      <ManufactureName>קבוצת אסם סחר שות. מוגבלת</ManufactureName>
      <ManufactureCountry />
      <ManufactureItemDescription />
      <UnitQty>יח`</UnitQty>
      <Quantity>400</Quantity>
      <UnitMeasure>גרם</UnitMeasure>
      <BisWeighted>0</BisWeighted>
      <QtyInPackage>1</QtyInPackage>
      <ItemPrice>7.90</ItemPrice>
      <UnitOfMeasurePrice>1.98</UnitOfMeasurePrice>
      <AllowDiscount>1</AllowDiscount>
      <itemStatus>1</itemStatus>
      <LastUpdateDate />
      <LastUpdateTime />
    </Product>
    <Product>
      <PriceUpdateDate>2014/11/11 08:44</PriceUpdateDate>
      <ItemCode>7290000061061</ItemCode>
      <ItemType>1</ItemType>
      <ItemName>קרקר בצל אסם (250 גרם)</ItemName>
      <ManufactureName>קבוצת אסם סחר שות. מוגבלת</ManufactureName>
      <ManufactureCountry />
      <ManufactureItemDescription />
      <UnitQty>יח`</UnitQty>
      <Quantity>250</Quantity>
      <UnitMeasure>גרם</UnitMeasure>
      <BisWeighted>0</BisWeighted>
      <QtyInPackage>1</QtyInPackage>
      <ItemPrice>10.90</ItemPrice>
      <UnitOfMeasurePrice>4.36</UnitOfMeasurePrice>
      <AllowDiscount>1</AllowDiscount>
      <itemStatus>1</itemStatus>
      <LastUpdateDate />
      <LastUpdateTime />
    </Product>
    <Product>
      <PriceUpdateDate>2014/12/29 15:35</PriceUpdateDate>
      <ItemCode>7290000061085</ItemCode>
      <ItemType>1</ItemType>
      <ItemName>רוטב צ`ילי מתוק אסם (290 מל)</ItemName>
      <ManufactureName>קבוצת אסם סחר שות. מוגבלת</ManufactureName>
      <ManufactureCountry />
      <ManufactureItemDescription />
      <UnitQty>יח`</UnitQty>
      <Quantity>290</Quantity>
      <UnitMeasure>מ"ל</UnitMeasure>
      <BisWeighted>0</BisWeighted>
      <QtyInPackage>1</QtyInPackage>
      <ItemPrice>11.90</ItemPrice>
      <UnitOfMeasurePrice>4.10</UnitOfMeasurePrice>
      <AllowDiscount>0</AllowDiscount>
      <itemStatus>1</itemStatus>
      <LastUpdateDate />
      <LastUpdateTime />
    </Product>
    <Product>
      <PriceUpdateDate>2014/12/29 15:35</PriceUpdateDate>
      <ItemCode>7290000061108</ItemCode>
      <ItemType>1</ItemType>
      <ItemName>רוטב טריאקי אסם (290 מל)</ItemName>
      <ManufactureName>קבוצת אסם סחר שות. מוגבלת</ManufactureName>
      <ManufactureCountry />
      <ManufactureItemDescription />
      <UnitQty>יח`</UnitQty>
      <Quantity>290</Quantity>
      <UnitMeasure>מ"ל</UnitMeasure>
      <BisWeighted>0</BisWeighted>
      <QtyInPackage>1</QtyInPackage>
      <ItemPrice>11.90</ItemPrice>
      <UnitOfMeasurePrice>4.10</UnitOfMeasurePrice>
      <AllowDiscount>0</AllowDiscount>
      <itemStatus>1</itemStatus>
      <LastUpdateDate />
      <LastUpdateTime />
    </Product>
    <Product>
      <PriceUpdateDate>2019/02/03 12:23</PriceUpdateDate>
      <ItemCode>7290000061245</ItemCode>
      <ItemType>1</ItemType>
      <ItemName>עוגיות שוקוצ`יפס</ItemName>
      <ManufactureName>קבוצת אסם סחר שות. מוגבלת</ManufactureName>
      <ManufactureCountry />
      <ManufactureItemDescription />
      <UnitQty>יח`</UnitQty>
      <Quantity>220</Quantity>
      <UnitMeasure>גרם</UnitMeasure>
      <BisWeighted>0</BisWeighted>
      <QtyInPackage>1</QtyInPackage>
      <ItemPrice>10.60</ItemPrice>
      <UnitOfMeasurePrice>4.82</UnitOfMeasurePrice>
      <AllowDiscount>0</AllowDiscount>
      <itemStatus>1</itemStatus>
      <LastUpdateDate />
      <LastUpdateTime />
    </Product>
    <Product>
      <PriceUpdateDate>2015/07/23 09:05</PriceUpdateDate>
      <ItemCode>7290000061450</ItemCode>
      <ItemType>1</ItemType>
      <ItemName>פתיתים אפויים 500 גר` 3 צבעים אסם</ItemName>
      <ManufactureName>קבוצת אסם סחר שות. מוגבלת</ManufactureName>
      <ManufactureCountry />
      <ManufactureItemDescription />
      <UnitQty>יח`</UnitQty>
      <Quantity>500</Quantity>
      <UnitMeasure>גרם</UnitMeasure>
      <BisWeighted>0</BisWeighted>
      <QtyInPackage>1</QtyInPackage>
      <ItemPrice>6.90</ItemPrice>
      <UnitOfMeasurePrice>1.38</UnitOfMeasurePrice>
      <AllowDiscount>1</AllowDiscount>
      <itemStatus>1</itemStatus>
      <LastUpdateDate />
      <LastUpdateTime />
    </Product>
    <Product>
      <PriceUpdateDate>2018/04/25 13:35</PriceUpdateDate>
      <ItemCode>7290000061764</ItemCode>
      <ItemType>1</ItemType>
      <ItemName>קפה רד מאג נסקפה (200 גרם)</ItemName>
      <ManufactureName>קבוצת אסם סחר שות. מוגבלת</ManufactureName>
      <ManufactureCountry />
      <ManufactureItemDescription />
      <UnitQty>יח`</UnitQty>
      <Quantity>200</Quantity>
      <UnitMeasure>גרם</UnitMeasure>
      <BisWeighted>0</BisWeighted>
      <QtyInPackage>1</QtyInPackage>
      <ItemPrice>18.90</ItemPrice>
      <UnitOfMeasurePrice>9.45</UnitOfMeasurePrice>
      <AllowDiscount>0</AllowDiscount>
      <itemStatus>1</itemStatus>
      <LastUpdateDate />
      <LastUpdateTime />
    </Product>
    <Product>
      <PriceUpdateDate>2014/11/11 08:44</PriceUpdateDate>
      <ItemCode>7290000062709</ItemCode>
      <ItemType>1</ItemType>
      <ItemName>קרקר לחמית שיפון אסם 920 גר`</ItemName>
      <ManufactureName>קבוצת אסם סחר שות. מוגבלת</ManufactureName>
      <ManufactureCountry />
      <ManufactureItemDescription />
      <UnitQty>יח`</UnitQty>
      <Quantity>900</Quantity>
      <UnitMeasure>גרם</UnitMeasure>
      <BisWeighted>0</BisWeighted>
      <QtyInPackage>1</QtyInPackage>
      <ItemPrice>24.90</ItemPrice>
      <UnitOfMeasurePrice>2.77</UnitOfMeasurePrice>
      <AllowDiscount>0</AllowDiscount>
      <itemStatus>1</itemStatus>
      <LastUpdateDate />
      <LastUpdateTime />
    </Product>
    <Product>
      <PriceUpdateDate>2014/11/11 08:44</PriceUpdateDate>
      <ItemCode>7290000062952</ItemCode>
      <ItemType>1</ItemType>
      <ItemName>מיני קרוטונים למרק</ItemName>
      <ManufactureName>קבוצת אסם סחר שות. מוגבלת</ManufactureName>
      <ManufactureCountry />
      <ManufactureItemDescription />
      <UnitQty>יח`</UnitQty>
      <Quantity>250</Quantity>
      <UnitMeasure>גרם</UnitMeasure>
      <BisWeighted>0</BisWeighted>
      <QtyInPackage>1</QtyInPackage>
      <ItemPrice>15.90</ItemPrice>
      <UnitOfMeasurePrice>6.36</UnitOfMeasurePrice>
      <AllowDiscount>0</AllowDiscount>
      <itemStatus>1</itemStatus>
      <LastUpdateDate />
      <LastUpdateTime />
    </Product>
    <Product>
      <PriceUpdateDate>2013/12/31 12:18</PriceUpdateDate>
      <ItemCode>7290000063102</ItemCode>
      <ItemType>1</ItemType>
      <ItemName>קמח תופח אסם (350 גרם)</ItemName>
      <ManufactureName>קבוצת אסם סחר שות. מוגבלת</ManufactureName>
      <ManufactureCountry />
      <ManufactureItemDescription />
      <UnitQty>יח`</UnitQty>
      <Quantity>350</Quantity>
      <UnitMeasure>גרם</UnitMeasure>
      <BisWeighted>0</BisWeighted>
      <QtyInPackage>1</QtyInPackage>
      <ItemPrice>5</ItemPrice>
      <UnitOfMeasurePrice>1.43</UnitOfMeasurePrice>
      <AllowDiscount>0</AllowDiscount>
      <itemStatus>1</itemStatus>
      <LastUpdateDate />
      <LastUpdateTime />
    </Product>
    <Product>
      <PriceUpdateDate>2019/02/03 12:23</PriceUpdateDate>
      <ItemCode>7290000063140</ItemCode>
      <ItemType>1</ItemType>
      <ItemName>שקדי מרק אסם (400 גרם)</ItemName>
      <ManufactureName>קבוצת אסם סחר שות. מוגבלת</ManufactureName>
      <ManufactureCountry />
      <ManufactureItemDescription />
      <UnitQty>יח`</UnitQty>
      <Quantity>400</Quantity>
      <UnitMeasure>גרם</UnitMeasure>
      <BisWeighted>0</BisWeighted>
      <QtyInPackage>1</QtyInPackage>
      <ItemPrice>10.90</ItemPrice>
      <UnitOfMeasurePrice>2.73</UnitOfMeasurePrice>
      <AllowDiscount>0</AllowDiscount>
      <itemStatus>1</itemStatus>
      <LastUpdateDate />
      <LastUpdateTime />
    </Product>
    <Product>
      <PriceUpdateDate>2015/05/28 16:19</PriceUpdateDate>
      <ItemCode>7290000063157</ItemCode>
      <ItemType>1</ItemType>
      <ItemName>קמח תופח אסם (1 קג)</ItemName>
      <ManufactureName>קבוצת אסם סחר שות. מוגבלת</ManufactureName>
      <ManufactureCountry />
      <ManufactureItemDescription />
      <UnitQty>יח`</UnitQty>
      <Quantity>1000</Quantity>
      <UnitMeasure>גרם</UnitMeasure>
      <BisWeighted>0</BisWeighted>
      <QtyInPackage>1</QtyInPackage>
      <ItemPrice>9.50</ItemPrice>
      <UnitOfMeasurePrice>0.95</UnitOfMeasurePrice>
      <AllowDiscount>0</AllowDiscount>
      <itemStatus>1</itemStatus>
      <LastUpdateDate />
      <LastUpdateTime />
    </Product>
    <Product>
      <PriceUpdateDate>2013/11/14 11:28</PriceUpdateDate>
      <ItemCode>7290000063294</ItemCode>
      <ItemType>1</ItemType>
      <ItemName>סירופ ענבים ויטמינצ`יק (2 ליטר)</ItemName>
      <ManufactureName>קבוצת אסם סחר שות. מוגבלת</ManufactureName>
      <ManufactureCountry />
      <ManufactureItemDescription />
      <UnitQty>יח`</UnitQty>
      <Quantity>2000</Quantity>
      <UnitMeasure>מ"ל</UnitMeasure>
      <BisWeighted>0</BisWeighted>
      <QtyInPackage>1</QtyInPackage>
      <ItemPrice>22.90</ItemPrice>
      <UnitOfMeasurePrice>1.15</UnitOfMeasurePrice>
      <AllowDiscount>0</AllowDiscount>
      <itemStatus>1</itemStatus>
      <LastUpdateDate />
      <LastUpdateTime />
    </Product>
    <Product>
      <PriceUpdateDate>2013/11/14 11:28</PriceUpdateDate>
      <ItemCode>7290000063300</ItemCode>
      <ItemType>1</ItemType>
      <ItemName>סירופ פטל ויטמינצ`יק (2 ליטר)</ItemName>
      <ManufactureName>קבוצת אסם סחר שות. מוגבלת</ManufactureName>
      <ManufactureCountry />
      <ManufactureItemDescription />
      <UnitQty>יח`</UnitQty>
      <Quantity>2000</Quantity>
      <UnitMeasure>מ"ל</UnitMeasure>
      <BisWeighted>0</BisWeighted>
      <QtyInPackage>1</QtyInPackage>
      <ItemPrice>22.90</ItemPrice>
      <UnitOfMeasurePrice>1.15</UnitOfMeasurePrice>
      <AllowDiscount>0</AllowDiscount>
      <itemStatus>1</itemStatus>
      <LastUpdateDate />
      <LastUpdateTime />
    </Product>
    <Product>
      <PriceUpdateDate>2014/04/28 13:13</PriceUpdateDate>
      <ItemCode>7290000064871</ItemCode>
      <ItemType>1</ItemType>
      <ItemName>מנה חמה פירה עם בצל אסם (56 גרם)</ItemName>
      <ManufactureName>קבוצת אסם סחר שות. מוגבלת</ManufactureName>
      <ManufactureCountry />
      <ManufactureItemDescription />
      <UnitQty>יח`</UnitQty>
      <Quantity>47</Quantity>
      <UnitMeasure>גרם</UnitMeasure>
      <BisWeighted>0</BisWeighted>
      <QtyInPackage>1</QtyInPackage>
      <ItemPrice>6.90</ItemPrice>
      <UnitOfMeasurePrice>14.68</UnitOfMeasurePrice>
      <AllowDiscount>1</AllowDiscount>
      <itemStatus>1</itemStatus>
      <LastUpdateDate />
      <LastUpdateTime />
    </Product>
    <Product>
      <PriceUpdateDate>2019/02/03 12:23</PriceUpdateDate>
      <ItemCode>7290000065090</ItemCode>
      <ItemType>1</ItemType>
      <ItemName>מיני קרוטונים למרק וסלט</ItemName>
      <ManufactureName>קבוצת אסם סחר שות. מוגבלת</ManufactureName>
      <ManufactureCountry />
      <ManufactureItemDescription />
      <UnitQty>יח`</UnitQty>
      <Quantity>400</Quantity>
      <UnitMeasure>גרם</UnitMeasure>
      <BisWeighted>0</BisWeighted>
      <QtyInPackage>1</QtyInPackage>
      <ItemPrice>22.80</ItemPrice>
      <UnitOfMeasurePrice>5.70</UnitOfMeasurePrice>
      <AllowDiscount>0</AllowDiscount>
      <itemStatus>1</itemStatus>
      <LastUpdateDate />
      <LastUpdateTime />
    </Product>
    <Product>
      <PriceUpdateDate>2014/04/28 13:13</PriceUpdateDate>
      <ItemCode>7290000065540</ItemCode>
      <ItemType>1</ItemType>
      <ItemName>מנה חמה פסטה מוקרמת</ItemName>
      <ManufactureName>קבוצת אסם סחר שות. מוגבלת</ManufactureName>
      <ManufactureCountry />
      <ManufactureItemDescription />
      <UnitQty>יח`</UnitQty>
      <Quantity>55</Quantity>
      <UnitMeasure>גרם</UnitMeasure>
      <BisWeighted>0</BisWeighted>
      <QtyInPackage>1</QtyInPackage>
      <ItemPrice>6.90</ItemPrice>
      <UnitOfMeasurePrice>12.55</UnitOfMeasurePrice>
      <AllowDiscount>1</AllowDiscount>
      <itemStatus>1</itemStatus>
      <LastUpdateDate />
      <LastUpdateTime />
    </Product>
    <Product>
      <PriceUpdateDate>2016/03/03 08:26</PriceUpdateDate>
      <ItemCode>7290000065557</ItemCode>
      <ItemType>1</ItemType>
      <ItemName>מנה חמה קוסקוס עם ירקות אסם (84 גרם)</ItemName>
      <ManufactureName>קבוצת אסם סחר שות. מוגבלת</ManufactureName>
      <ManufactureCountry />
      <ManufactureItemDescription />
      <UnitQty>יח`</UnitQty>
      <Quantity>62</Quantity>
      <UnitMeasure>גרם</UnitMeasure>
      <BisWeighted>0</BisWeighted>
      <QtyInPackage>1</QtyInPackage>
      <ItemPrice>6.90</ItemPrice>
      <UnitOfMeasurePrice>11.13</UnitOfMeasurePrice>
      <AllowDiscount>1</AllowDiscount>
      <itemStatus>1</itemStatus>
      <LastUpdateDate />
      <LastUpdateTime />
    </Product>
    <Product>
      <PriceUpdateDate>2015/05/14 08:30</PriceUpdateDate>
      <ItemCode>7290000065717</ItemCode>
      <ItemType>1</ItemType>
      <ItemName>סירופ פטל ויטמינצ`יק (1 ליטר)</ItemName>
      <ManufactureName>קבוצת אסם סחר שות. מוגבלת</ManufactureName>
      <ManufactureCountry />
      <ManufactureItemDescription />
      <UnitQty>יח`</UnitQty>
      <Quantity>1000</Quantity>
      <UnitMeasure>מ"ל</UnitMeasure>
      <BisWeighted>0</BisWeighted>
      <QtyInPackage>1</QtyInPackage>
      <ItemPrice>11.90</ItemPrice>
      <UnitOfMeasurePrice>1.19</UnitOfMeasurePrice>
      <AllowDiscount>0</AllowDiscount>
      <itemStatus>1</itemStatus>
      <LastUpdateDate />
      <LastUpdateTime />
    </Product>
    <Product>
      <PriceUpdateDate>2015/05/14 08:30</PriceUpdateDate>
      <ItemCode>7290000065724</ItemCode>
      <ItemType>1</ItemType>
      <ItemName>סירופ לימון ויטמינצ`יק (1 ליטר)</ItemName>
      <ManufactureName>קבוצת אסם סחר שות. מוגבלת</ManufactureName>
      <ManufactureCountry />
      <ManufactureItemDescription />
      <UnitQty>יח`</UnitQty>
      <Quantity>1</Quantity>
      <UnitMeasure>מ"ל</UnitMeasure>
      <BisWeighted>0</BisWeighted>
      <QtyInPackage>1</QtyInPackage>
      <ItemPrice>11.90</ItemPrice>
      <UnitOfMeasurePrice>1190</UnitOfMeasurePrice>
      <AllowDiscount>0</AllowDiscount>
      <itemStatus>1</itemStatus>
      <LastUpdateDate />
      <LastUpdateTime />
    </Product>
    <Product>
      <PriceUpdateDate>2015/05/31 10:23</PriceUpdateDate>
      <ItemCode>7290000066134</ItemCode>
      <ItemType>1</ItemType>
      <ItemName>ביסלי חטיף בטעם פלאפל אסם (70 גרם)</ItemName>
      <ManufactureName>קבוצת אסם סחר שות. מוגבלת</ManufactureName>
      <ManufactureCountry />
      <ManufactureItemDescription />
      <UnitQty>יח`</UnitQty>
      <Quantity>70</Quantity>
      <UnitMeasure>גרם</UnitMeasure>
      <BisWeighted>0</BisWeighted>
      <QtyInPackage>1</QtyInPackage>
      <ItemPrice>3.90</ItemPrice>
      <UnitOfMeasurePrice>5.57</UnitOfMeasurePrice>
      <AllowDiscount>1</AllowDiscount>
      <itemStatus>1</itemStatus>
      <LastUpdateDate />
      <LastUpdateTime />
    </Product>
    <Product>
      <PriceUpdateDate>2015/05/31 10:23</PriceUpdateDate>
      <ItemCode>7290000066141</ItemCode>
      <ItemType>1</ItemType>
      <ItemName>ביסלי חטיף בטעם גריל אסם (70 גרם)</ItemName>
      <ManufactureName>קבוצת אסם סחר שות. מוגבלת</ManufactureName>
      <ManufactureCountry />
      <ManufactureItemDescription />
      <UnitQty>יח`</UnitQty>
      <Quantity>70</Quantity>
      <UnitMeasure>גרם</UnitMeasure>
      <BisWeighted>0</BisWeighted>
      <QtyInPackage>1</QtyInPackage>
      <ItemPrice>3.90</ItemPrice>
      <UnitOfMeasurePrice>5.57</UnitOfMeasurePrice>
      <AllowDiscount>1</AllowDiscount>
      <itemStatus>1</itemStatus>
      <LastUpdateDate />
      <LastUpdateTime />
    </Product>
    <Product>
      <PriceUpdateDate>2015/05/31 10:23</PriceUpdateDate>
      <ItemCode>7290000066158</ItemCode>
      <ItemType>1</ItemType>
      <ItemName>ביסלי חטיף בטעם בצל אסם (67 גרם)</ItemName>
      <ManufactureName>קבוצת אסם סחר שות. מוגבלת</ManufactureName>
      <ManufactureCountry />
      <ManufactureItemDescription />
      <UnitQty>יח`</UnitQty>
      <Quantity>67</Quantity>
      <UnitMeasure>גרם</UnitMeasure>
      <BisWeighted>0</BisWeighted>
      <QtyInPackage>1</QtyInPackage>
      <ItemPrice>3.90</ItemPrice>
      <UnitOfMeasurePrice>5.82</UnitOfMeasurePrice>
      <AllowDiscount>1</AllowDiscount>
      <itemStatus>1</itemStatus>
      <LastUpdateDate />
      <LastUpdateTime />
    </Product>
    <Product>
      <PriceUpdateDate>2015/05/31 10:23</PriceUpdateDate>
      <ItemCode>7290000066165</ItemCode>
      <ItemType>1</ItemType>
      <ItemName>ביסלי חטיף בטעם ברביקיו אסם (67 גרם)</ItemName>
      <ManufactureName>קבוצת אסם סחר שות. מוגבלת</ManufactureName>
      <ManufactureCountry />
      <ManufactureItemDescription />
      <UnitQty>יח`</UnitQty>
      <Quantity>67</Quantity>
      <UnitMeasure>גרם</UnitMeasure>
      <BisWeighted>0</BisWeighted>
      <QtyInPackage>1</QtyInPackage>
      <ItemPrice>3.90</ItemPrice>
      <UnitOfMeasurePrice>5.82</UnitOfMeasurePrice>
      <AllowDiscount>1</AllowDiscount>
      <itemStatus>1</itemStatus>
      <LastUpdateDate />
      <LastUpdateTime />
    </Product>
    <Product>
      <PriceUpdateDate>2015/05/31 10:23</PriceUpdateDate>
      <ItemCode>7290000066172</ItemCode>
      <ItemType>1</ItemType>
      <ItemName>ביסלי חטיף בטעם פיצה אסם (70 גרם)</ItemName>
      <ManufactureName>קבוצת אסם סחר שות. מוגבלת</ManufactureName>
      <ManufactureCountry />
      <ManufactureItemDescription />
      <UnitQty>יח`</UnitQty>
      <Quantity>70</Quantity>
      <UnitMeasure>גרם</UnitMeasure>
      <BisWeighted>0</BisWeighted>
      <QtyInPackage>1</QtyInPackage>
      <ItemPrice>3.90</ItemPrice>
      <UnitOfMeasurePrice>5.57</UnitOfMeasurePrice>
      <AllowDiscount>1</AllowDiscount>
      <itemStatus>1</itemStatus>
      <LastUpdateDate />
      <LastUpdateTime />
    </Product>
    <Product>
      <PriceUpdateDate>2014/04/28 13:13</PriceUpdateDate>
      <ItemCode>7290000066189</ItemCode>
      <ItemType>1</ItemType>
      <ItemName>ביסלי חטיף בטעם פלאפל אסם (200 גרם)</ItemName>
      <ManufactureName>קבוצת אסם סחר שות. מוגבלת</ManufactureName>
      <ManufactureCountry />
      <ManufactureItemDescription />
      <UnitQty>יח`</UnitQty>
      <Quantity>200</Quantity>
      <UnitMeasure>גרם</UnitMeasure>
      <BisWeighted>0</BisWeighted>
      <QtyInPackage>1</QtyInPackage>
      <ItemPrice>7.90</ItemPrice>
      <UnitOfMeasurePrice>3.95</UnitOfMeasurePrice>
      <AllowDiscount>0</AllowDiscount>
      <itemStatus>1</itemStatus>
      <LastUpdateDate />
      <LastUpdateTime />
    </Product>
    <Product>
      <PriceUpdateDate>2014/04/28 13:13</PriceUpdateDate>
      <ItemCode>7290000066196</ItemCode>
      <ItemType>1</ItemType>
      <ItemName>ביסלי חטיף בטעם גריל אסם (200 גרם)</ItemName>
      <ManufactureName>קבוצת אסם סחר שות. מוגבלת</ManufactureName>
      <ManufactureCountry />
      <ManufactureItemDescription />
      <UnitQty>יח`</UnitQty>
      <Quantity>200</Quantity>
      <UnitMeasure>גרם</UnitMeasure>
      <BisWeighted>0</BisWeighted>
      <QtyInPackage>1</QtyInPackage>
      <ItemPrice>7.90</ItemPrice>
      <UnitOfMeasurePrice>3.95</UnitOfMeasurePrice>
      <AllowDiscount>0</AllowDiscount>
      <itemStatus>1</itemStatus>
      <LastUpdateDate />
      <LastUpdateTime />
    </Product>
    <Product>
      <PriceUpdateDate>2014/04/28 13:13</PriceUpdateDate>
      <ItemCode>7290000066202</ItemCode>
      <ItemType>1</ItemType>
      <ItemName>ביסלי חטיף בטעם בצל אסם (190 גרם)</ItemName>
      <ManufactureName>קבוצת אסם סחר שות. מוגבלת</ManufactureName>
      <ManufactureCountry />
      <ManufactureItemDescription />
      <UnitQty>יח`</UnitQty>
      <Quantity>190</Quantity>
      <UnitMeasure>גרם</UnitMeasure>
      <BisWeighted>0</BisWeighted>
      <QtyInPackage>1</QtyInPackage>
      <ItemPrice>7.90</ItemPrice>
      <UnitOfMeasurePrice>4.16</UnitOfMeasurePrice>
      <AllowDiscount>0</AllowDiscount>
      <itemStatus>1</itemStatus>
      <LastUpdateDate />
      <LastUpdateTime />
    </Product>
    <Product>
      <PriceUpdateDate>2014/04/28 13:13</PriceUpdateDate>
      <ItemCode>7290000066219</ItemCode>
      <ItemType>1</ItemType>
      <ItemName>ביסלי חטיף בטעם ברביקיו אסם (190 גרם)</ItemName>
      <ManufactureName>קבוצת אסם סחר שות. מוגבלת</ManufactureName>
      <ManufactureCountry />
      <ManufactureItemDescription />
      <UnitQty>יח`</UnitQty>
      <Quantity>200</Quantity>
      <UnitMeasure>גרם</UnitMeasure>
      <BisWeighted>0</BisWeighted>
      <QtyInPackage>1</QtyInPackage>
      <ItemPrice>7.90</ItemPrice>
      <UnitOfMeasurePrice>3.95</UnitOfMeasurePrice>
      <AllowDiscount>0</AllowDiscount>
      <itemStatus>1</itemStatus>
      <LastUpdateDate />
      <LastUpdateTime />
    </Product>
    <Product>
      <PriceUpdateDate>2014/04/28 13:13</PriceUpdateDate>
      <ItemCode>7290000066226</ItemCode>
      <ItemType>1</ItemType>
      <ItemName>ביסלי חטיף בטעם פיצה אסם (200 גרם)</ItemName>
      <ManufactureName>קבוצת אסם סחר שות. מוגבלת</ManufactureName>
      <ManufactureCountry />
      <ManufactureItemDescription />
      <UnitQty>יח`</UnitQty>
      <Quantity>200</Quantity>
      <UnitMeasure>גרם</UnitMeasure>
      <BisWeighted>0</BisWeighted>
      <QtyInPackage>1</QtyInPackage>
      <ItemPrice>7.90</ItemPrice>
      <UnitOfMeasurePrice>3.95</UnitOfMeasurePrice>
      <AllowDiscount>0</AllowDiscount>
      <itemStatus>1</itemStatus>
      <LastUpdateDate />
      <LastUpdateTime />
    </Product>
    <Product>
      <PriceUpdateDate>2013/12/31 12:18</PriceUpdateDate>
      <ItemCode>7290000066264</ItemCode>
      <ItemType>1</ItemType>
      <ItemName>דובונים חטיף תפוחי אדמה אסם (40 גרם)</ItemName>
      <ManufactureName>קבוצת אסם סחר שות. מוגבלת</ManufactureName>
      <ManufactureCountry />
      <ManufactureItemDescription />
      <UnitQty>יח`</UnitQty>
      <Quantity>40</Quantity>
      <UnitMeasure>גרם</UnitMeasure>
      <BisWeighted>0</BisWeighted>
      <QtyInPackage>1</QtyInPackage>
      <ItemPrice>5</ItemPrice>
      <UnitOfMeasurePrice>12.50</UnitOfMeasurePrice>
      <AllowDiscount>1</AllowDiscount>
      <itemStatus>1</itemStatus>
      <LastUpdateDate />
      <LastUpdateTime />
    </Product>
    <Product>
      <PriceUpdateDate>2014/07/16 10:20</PriceUpdateDate>
      <ItemCode>7290000066295</ItemCode>
      <ItemType>1</ItemType>
      <ItemName>במבה מתוקה בטעם תות אסם (30 גרם)</ItemName>
      <ManufactureName>קבוצת אסם סחר שות. מוגבלת</ManufactureName>
      <ManufactureCountry />
      <ManufactureItemDescription />
      <UnitQty>יח`</UnitQty>
      <Quantity>30</Quantity>
      <UnitMeasure>גרם</UnitMeasure>
      <BisWeighted>0</BisWeighted>
      <QtyInPackage>1</QtyInPackage>
      <ItemPrice>2.90</ItemPrice>
      <UnitOfMeasurePrice>9.67</UnitOfMeasurePrice>
      <AllowDiscount>0</AllowDiscount>
      <itemStatus>1</itemStatus>
      <LastUpdateDate />
      <LastUpdateTime />
    </Product>
    <Product>
      <PriceUpdateDate>2015/05/14 08:30</PriceUpdateDate>
      <ItemCode>7290000066318</ItemCode>
      <ItemType>1</ItemType>
      <ItemName>במבה אסם (80 גרם)</ItemName>
      <ManufactureName>קבוצת אסם סחר שות. מוגבלת</ManufactureName>
      <ManufactureCountry />
      <ManufactureItemDescription />
      <UnitQty>יח`</UnitQty>
      <Quantity>80</Quantity>
      <UnitMeasure>גרם</UnitMeasure>
      <BisWeighted>0</BisWeighted>
      <QtyInPackage>1</QtyInPackage>
      <ItemPrice>4.30</ItemPrice>
      <UnitOfMeasurePrice>5.38</UnitOfMeasurePrice>
      <AllowDiscount>1</AllowDiscount>
      <itemStatus>1</itemStatus>
      <LastUpdateDate />
      <LastUpdateTime />
    </Product>
    <Product>
      <PriceUpdateDate>2013/10/28 18:03</PriceUpdateDate>
      <ItemCode>7290000066332</ItemCode>
      <ItemType>1</ItemType>
      <ItemName>אפרופו חטיף תירס אסם (50 גרם)</ItemName>
      <ManufactureName>קבוצת אסם סחר שות. מוגבלת</ManufactureName>
      <ManufactureCountry />
      <ManufactureItemDescription />
      <UnitQty>יח`</UnitQty>
      <Quantity>50</Quantity>
      <UnitMeasure>גרם</UnitMeasure>
      <BisWeighted>0</BisWeighted>
      <QtyInPackage>1</QtyInPackage>
      <ItemPrice>5</ItemPrice>
      <UnitOfMeasurePrice>10</UnitOfMeasurePrice>
      <AllowDiscount>1</AllowDiscount>
      <itemStatus>1</itemStatus>
      <LastUpdateDate />
      <LastUpdateTime />
    </Product>
    <Product>
      <PriceUpdateDate>2015/12/01 14:02</PriceUpdateDate>
      <ItemCode>7290000066349</ItemCode>
      <ItemType>1</ItemType>
      <ItemName>אפרופו חטיף תירס אסם (100 גרם)</ItemName>
      <ManufactureName>קבוצת אסם סחר שות. מוגבלת</ManufactureName>
      <ManufactureCountry />
      <ManufactureItemDescription />
      <UnitQty>יח`</UnitQty>
      <Quantity>100</Quantity>
      <UnitMeasure>גרם</UnitMeasure>
      <BisWeighted>0</BisWeighted>
      <QtyInPackage>1</QtyInPackage>
      <ItemPrice>8.90</ItemPrice>
      <UnitOfMeasurePrice>8.90</UnitOfMeasurePrice>
      <AllowDiscount>0</AllowDiscount>
      <itemStatus>1</itemStatus>
      <LastUpdateDate />
      <LastUpdateTime />
    </Product>
    <Product>
      <PriceUpdateDate>2014/04/28 13:13</PriceUpdateDate>
      <ItemCode>7290000066431</ItemCode>
      <ItemType>1</ItemType>
      <ItemName>חטיף פופקו חמאה ודבש אסם (80 גרם)</ItemName>
      <ManufactureName>קבוצת אסם סחר שות. מוגבלת</ManufactureName>
      <ManufactureCountry />
      <ManufactureItemDescription />
      <UnitQty>יח`</UnitQty>
      <Quantity>80</Quantity>
      <UnitMeasure>גרם</UnitMeasure>
      <BisWeighted>0</BisWeighted>
      <QtyInPackage>1</QtyInPackage>
      <ItemPrice>5.50</ItemPrice>
      <UnitOfMeasurePrice>6.88</UnitOfMeasurePrice>
      <AllowDiscount>1</AllowDiscount>
      <itemStatus>1</itemStatus>
      <LastUpdateDate />
      <LastUpdateTime />
    </Product>
    <Product>
      <PriceUpdateDate>2015/05/14 08:30</PriceUpdateDate>
      <ItemCode>7290000066943</ItemCode>
      <ItemType>1</ItemType>
      <ItemName>סירופ ענבים ויטמינצ`יק (1 ליטר)</ItemName>
      <ManufactureName>קבוצת אסם סחר שות. מוגבלת</ManufactureName>
      <ManufactureCountry />
      <ManufactureItemDescription />
      <UnitQty>יח`</UnitQty>
      <Quantity>1000</Quantity>
      <UnitMeasure>מ"ל</UnitMeasure>
      <BisWeighted>0</BisWeighted>
      <QtyInPackage>1</QtyInPackage>
      <ItemPrice>11.90</ItemPrice>
      <UnitOfMeasurePrice>1.19</UnitOfMeasurePrice>
      <AllowDiscount>0</AllowDiscount>
      <itemStatus>1</itemStatus>
      <LastUpdateDate />
      <LastUpdateTime />
    </Product>
    <Product>
      <PriceUpdateDate>2015/05/14 08:30</PriceUpdateDate>
      <ItemCode>7290000066950</ItemCode>
      <ItemType>1</ItemType>
      <ItemName>סירופ תפוחים ויטמינצ`יק (1 ליטר)</ItemName>
      <ManufactureName>קבוצת אסם סחר שות. מוגבלת</ManufactureName>
      <ManufactureCountry />
      <ManufactureItemDescription />
      <UnitQty>יח`</UnitQty>
      <Quantity>1000</Quantity>
      <UnitMeasure>מ"ל</UnitMeasure>
      <BisWeighted>0</BisWeighted>
      <QtyInPackage>1</QtyInPackage>
      <ItemPrice>11.90</ItemPrice>
      <UnitOfMeasurePrice>1.19</UnitOfMeasurePrice>
      <AllowDiscount>0</AllowDiscount>
      <itemStatus>1</itemStatus>
      <LastUpdateDate />
      <LastUpdateTime />
    </Product>
    <Product>
      <PriceUpdateDate>2014/02/20 09:55</PriceUpdateDate>
      <ItemCode>7290000067131</ItemCode>
      <ItemType>1</ItemType>
      <ItemName>ג`לי בטעם תות 85  גר`אסם</ItemName>
      <ManufactureName>קבוצת אסם סחר שות. מוגבלת</ManufactureName>
      <ManufactureCountry />
      <ManufactureItemDescription />
      <UnitQty>יח`</UnitQty>
      <Quantity>85</Quantity>
      <UnitMeasure>גרם</UnitMeasure>
      <BisWeighted>0</BisWeighted>
      <QtyInPackage>1</QtyInPackage>
      <ItemPrice>7</ItemPrice>
      <UnitOfMeasurePrice>8.24</UnitOfMeasurePrice>
      <AllowDiscount>0</AllowDiscount>
      <itemStatus>1</itemStatus>
      <LastUpdateDate />
      <LastUpdateTime />
    </Product>
    <Product>
      <PriceUpdateDate>2018/02/07 15:24</PriceUpdateDate>
      <ItemCode>7290000067544</ItemCode>
      <ItemType>1</ItemType>
      <ItemName>פירורית זהב אסם (200 גרם)</ItemName>
      <ManufactureName>קבוצת אסם סחר שות. מוגבלת</ManufactureName>
      <ManufactureCountry />
      <ManufactureItemDescription />
      <UnitQty>יח`</UnitQty>
      <Quantity>200</Quantity>
      <UnitMeasure>גרם</UnitMeasure>
      <BisWeighted>0</BisWeighted>
      <QtyInPackage>1</QtyInPackage>
      <ItemPrice>6.90</ItemPrice>
      <UnitOfMeasurePrice>3.45</UnitOfMeasurePrice>
      <AllowDiscount>0</AllowDiscount>
      <itemStatus>1</itemStatus>
      <LastUpdateDate />
      <LastUpdateTime />
    </Product>
    <Product>
      <PriceUpdateDate>2015/05/31 10:23</PriceUpdateDate>
      <ItemCode>7290000067551</ItemCode>
      <ItemType>1</ItemType>
      <ItemName>ביסלי 70 גר` כשלפ</ItemName>
      <ManufactureName>קבוצת אסם סחר שות. מוגבלת</ManufactureName>
      <ManufactureCountry />
      <ManufactureItemDescription />
      <UnitQty>יח`</UnitQty>
      <Quantity>70</Quantity>
      <UnitMeasure>גרם</UnitMeasure>
      <BisWeighted>0</BisWeighted>
      <QtyInPackage>1</QtyInPackage>
      <ItemPrice>3.90</ItemPrice>
      <UnitOfMeasurePrice>5.57</UnitOfMeasurePrice>
      <AllowDiscount>1</AllowDiscount>
      <itemStatus>1</itemStatus>
      <LastUpdateDate />
      <LastUpdateTime />
    </Product>
    <Product>
      <PriceUpdateDate>2014/09/30 11:29</PriceUpdateDate>
      <ItemCode>7290000067735</ItemCode>
      <ItemType>1</ItemType>
      <ItemName>ניוקי בצקיות מקמח אסם פרפקטו (500 גרם)</ItemName>
      <ManufactureName>קבוצת אסם סחר שות. מוגבלת</ManufactureName>
      <ManufactureCountry />
      <ManufactureItemDescription />
      <UnitQty>יח`</UnitQty>
      <Quantity>500</Quantity>
      <UnitMeasure>גרם</UnitMeasure>
      <BisWeighted>0</BisWeighted>
      <QtyInPackage>1</QtyInPackage>
      <ItemPrice>12.90</ItemPrice>
      <UnitOfMeasurePrice>2.58</UnitOfMeasurePrice>
      <AllowDiscount>0</AllowDiscount>
      <itemStatus>1</itemStatus>
      <LastUpdateDate />
      <LastUpdateTime />
    </Product>
    <Product>
      <PriceUpdateDate>2016/08/10 11:12</PriceUpdateDate>
      <ItemCode>7290000068138</ItemCode>
      <ItemType>1</ItemType>
      <ItemName>פודינג בטעם וניל 80 גר` אסם</ItemName>
      <ManufactureName>קבוצת אסם סחר שות. מוגבלת</ManufactureName>
      <ManufactureCountry />
      <ManufactureItemDescription />
      <UnitQty>יח`</UnitQty>
      <Quantity>80</Quantity>
      <UnitMeasure>גרם</UnitMeasure>
      <BisWeighted>0</BisWeighted>
      <QtyInPackage>1</QtyInPackage>
      <ItemPrice>5.10</ItemPrice>
      <UnitOfMeasurePrice>6.38</UnitOfMeasurePrice>
      <AllowDiscount>1</AllowDiscount>
      <itemStatus>1</itemStatus>
      <LastUpdateDate />
      <LastUpdateTime />
    </Product>
    <Product>
      <PriceUpdateDate>2013/11/14 11:28</PriceUpdateDate>
      <ItemCode>7290000068190</ItemCode>
      <ItemType>1</ItemType>
      <ItemName>אבקה להכנת ג`לי בטעם תות אסם (90 גרם)</ItemName>
      <ManufactureName>קבוצת אסם סחר שות. מוגבלת</ManufactureName>
      <ManufactureCountry />
      <ManufactureItemDescription />
      <UnitQty>יח`</UnitQty>
      <Quantity>90</Quantity>
      <UnitMeasure>גרם</UnitMeasure>
      <BisWeighted>0</BisWeighted>
      <QtyInPackage>1</QtyInPackage>
      <ItemPrice>6.90</ItemPrice>
      <UnitOfMeasurePrice>7.67</UnitOfMeasurePrice>
      <AllowDiscount>1</AllowDiscount>
      <itemStatus>1</itemStatus>
      <LastUpdateDate />
      <LastUpdateTime />
    </Product>
    <Product>
      <PriceUpdateDate>2013/11/14 11:28</PriceUpdateDate>
      <ItemCode>7290000068237</ItemCode>
      <ItemType>1</ItemType>
      <ItemName>אבקה להכנת ג`לי בטעם פטל אסם (85 גרם)</ItemName>
      <ManufactureName>קבוצת אסם סחר שות. מוגבלת</ManufactureName>
      <ManufactureCountry />
      <ManufactureItemDescription />
      <UnitQty>יח`</UnitQty>
      <Quantity>85</Quantity>
      <UnitMeasure>גרם</UnitMeasure>
      <BisWeighted>0</BisWeighted>
      <QtyInPackage>1</QtyInPackage>
      <ItemPrice>6.90</ItemPrice>
      <UnitOfMeasurePrice>8.12</UnitOfMeasurePrice>
      <AllowDiscount>1</AllowDiscount>
      <itemStatus>1</itemStatus>
      <LastUpdateDate />
      <LastUpdateTime />
    </Product>
    <Product>
      <PriceUpdateDate>2020/01/05 11:34</PriceUpdateDate>
      <ItemCode>7290000068282</ItemCode>
      <ItemType>1</ItemType>
      <ItemName>מנה חמה פירה עם ירקות אסם (47 גרם)</ItemName>
      <ManufactureName>קבוצת אסם סחר שות. מוגבלת</ManufactureName>
      <ManufactureCountry />
      <ManufactureItemDescription />
      <UnitQty>יח`</UnitQty>
      <Quantity>44</Quantity>
      <UnitMeasure>גרם</UnitMeasure>
      <BisWeighted>0</BisWeighted>
      <QtyInPackage>1</QtyInPackage>
      <ItemPrice>6.90</ItemPrice>
      <UnitOfMeasurePrice>15.68</UnitOfMeasurePrice>
      <AllowDiscount>1</AllowDiscount>
      <itemStatus>1</itemStatus>
      <LastUpdateDate />
      <LastUpdateTime />
    </Product>
    <Product>
      <PriceUpdateDate>2018/02/07 15:24</PriceUpdateDate>
      <ItemCode>7290000068299</ItemCode>
      <ItemType>1</ItemType>
      <ItemName>מנה חמה פירה תפוא ופטריות</ItemName>
      <ManufactureName>קבוצת אסם סחר שות. מוגבלת</ManufactureName>
      <ManufactureCountry />
      <ManufactureItemDescription />
      <UnitQty>יח`</UnitQty>
      <Quantity>62</Quantity>
      <UnitMeasure>גרם</UnitMeasure>
      <BisWeighted>0</BisWeighted>
      <QtyInPackage>1</QtyInPackage>
      <ItemPrice>7.90</ItemPrice>
      <UnitOfMeasurePrice>12.74</UnitOfMeasurePrice>
      <AllowDiscount>1</AllowDiscount>
      <itemStatus>1</itemStatus>
      <LastUpdateDate />
      <LastUpdateTime />
    </Product>
    <Product>
      <PriceUpdateDate>2019/02/03 12:23</PriceUpdateDate>
      <ItemCode>7290000068343</ItemCode>
      <ItemType>1</ItemType>
      <ItemName>פריכונים מאורז מלא אסם (140 גרם)</ItemName>
      <ManufactureName>קבוצת אסם סחר שות. מוגבלת</ManufactureName>
      <ManufactureCountry />
      <ManufactureItemDescription />
      <UnitQty>יח`</UnitQty>
      <Quantity>140</Quantity>
      <UnitMeasure>גרם</UnitMeasure>
      <BisWeighted>0</BisWeighted>
      <QtyInPackage>1</QtyInPackage>
      <ItemPrice>7.20</ItemPrice>
      <UnitOfMeasurePrice>5.14</UnitOfMeasurePrice>
      <AllowDiscount>0</AllowDiscount>
      <itemStatus>1</itemStatus>
      <LastUpdateDate />
      <LastUpdateTime />
    </Product>
    <Product>
      <PriceUpdateDate>2015/05/14 08:30</PriceUpdateDate>
      <ItemCode>7290000068770</ItemCode>
      <ItemType>1</ItemType>
      <ItemName>במבה יום הולדת אסם (80 גרם)</ItemName>
      <ManufactureName>קבוצת אסם סחר שות. מוגבלת</ManufactureName>
      <ManufactureCountry />
      <ManufactureItemDescription />
      <UnitQty>יח`</UnitQty>
      <Quantity>80</Quantity>
      <UnitMeasure>גרם</UnitMeasure>
      <BisWeighted>0</BisWeighted>
      <QtyInPackage>1</QtyInPackage>
      <ItemPrice>4.30</ItemPrice>
      <UnitOfMeasurePrice>5.38</UnitOfMeasurePrice>
      <AllowDiscount>1</AllowDiscount>
      <itemStatus>1</itemStatus>
      <LastUpdateDate />
      <LastUpdateTime />
    </Product>
    <Product>
      <PriceUpdateDate>2018/07/05 17:07</PriceUpdateDate>
      <ItemCode>7290000069364</ItemCode>
      <ItemType>1</ItemType>
      <ItemName>פריכונים מאורז מלא דל נתרן אסם (140 גרם)</ItemName>
      <ManufactureName>קבוצת אסם סחר שות. מוגבלת</ManufactureName>
      <ManufactureCountry />
      <ManufactureItemDescription />
      <UnitQty>יח`</UnitQty>
      <Quantity>140</Quantity>
      <UnitMeasure>גרם</UnitMeasure>
      <BisWeighted>0</BisWeighted>
      <QtyInPackage>1</QtyInPackage>
      <ItemPrice>8.90</ItemPrice>
      <UnitOfMeasurePrice>6.36</UnitOfMeasurePrice>
      <AllowDiscount>0</AllowDiscount>
      <itemStatus>1</itemStatus>
      <LastUpdateDate />
      <LastUpdateTime />
    </Product>
    <Product>
      <PriceUpdateDate>2013/11/14 11:28</PriceUpdateDate>
      <ItemCode>7290000069609</ItemCode>
      <ItemType>1</ItemType>
      <ItemName>חטיפי קרקר בטעם זעתר אסם (300 גרם)</ItemName>
      <ManufactureName>קבוצת אסם סחר שות. מוגבלת</ManufactureName>
      <ManufactureCountry />
      <ManufactureItemDescription />
      <UnitQty>יח`</UnitQty>
      <Quantity>300</Quantity>
      <UnitMeasure>גרם</UnitMeasure>
      <BisWeighted>0</BisWeighted>
      <QtyInPackage>1</QtyInPackage>
      <ItemPrice>11.90</ItemPrice>
      <UnitOfMeasurePrice>3.97</UnitOfMeasurePrice>
      <AllowDiscount>1</AllowDiscount>
      <itemStatus>1</itemStatus>
      <LastUpdateDate />
      <LastUpdateTime />
    </Product>
    <Product>
      <PriceUpdateDate>2013/11/14 11:28</PriceUpdateDate>
      <ItemCode>7290000069715</ItemCode>
      <ItemType>1</ItemType>
      <ItemName>חטיפי קרקר מלוח אסם (300 גרם)</ItemName>
      <ManufactureName>קבוצת אסם סחר שות. מוגבלת</ManufactureName>
      <ManufactureCountry />
      <ManufactureItemDescription />
      <UnitQty>יח`</UnitQty>
      <Quantity>300</Quantity>
      <UnitMeasure>גרם</UnitMeasure>
      <BisWeighted>0</BisWeighted>
      <QtyInPackage>1</QtyInPackage>
      <ItemPrice>11.90</ItemPrice>
      <UnitOfMeasurePrice>3.97</UnitOfMeasurePrice>
      <AllowDiscount>1</AllowDiscount>
      <itemStatus>1</itemStatus>
      <LastUpdateDate />
      <LastUpdateTime />
    </Product>
    <Product>
      <PriceUpdateDate>2013/11/14 11:28</PriceUpdateDate>
      <ItemCode>7290000069739</ItemCode>
      <ItemType>1</ItemType>
      <ItemName>חטיפי קרקר שומשום אסם (300 גרם)</ItemName>
      <ManufactureName>קבוצת אסם סחר שות. מוגבלת</ManufactureName>
      <ManufactureCountry />
      <ManufactureItemDescription />
      <UnitQty>יח`</UnitQty>
      <Quantity>300</Quantity>
      <UnitMeasure>גרם</UnitMeasure>
      <BisWeighted>0</BisWeighted>
      <QtyInPackage>1</QtyInPackage>
      <ItemPrice>11.90</ItemPrice>
      <UnitOfMeasurePrice>3.97</UnitOfMeasurePrice>
      <AllowDiscount>1</AllowDiscount>
      <itemStatus>1</itemStatus>
      <LastUpdateDate />
      <LastUpdateTime />
    </Product>
    <Product>
      <PriceUpdateDate>2017/06/05 10:59</PriceUpdateDate>
      <ItemCode>7290000070308</ItemCode>
      <ItemType>1</ItemType>
      <ItemName>מרק עוף אמיתי בשרי אסם (400 גרם)</ItemName>
      <ManufactureName>קבוצת אסם סחר שות. מוגבלת</ManufactureName>
      <ManufactureCountry />
      <ManufactureItemDescription />
      <UnitQty>יח`</UnitQty>
      <Quantity>400</Quantity>
      <UnitMeasure>גרם</UnitMeasure>
      <BisWeighted>0</BisWeighted>
      <QtyInPackage>1</QtyInPackage>
      <ItemPrice>20</ItemPrice>
      <UnitOfMeasurePrice>5</UnitOfMeasurePrice>
      <AllowDiscount>0</AllowDiscount>
      <itemStatus>1</itemStatus>
      <LastUpdateDate />
      <LastUpdateTime />
    </Product>
    <Product>
      <PriceUpdateDate>2018/02/07 15:24</PriceUpdateDate>
      <ItemCode>7290000070322</ItemCode>
      <ItemType>1</ItemType>
      <ItemName>מרק פטריות אסם (400 גרם)</ItemName>
      <ManufactureName>קבוצת אסם סחר שות. מוגבלת</ManufactureName>
      <ManufactureCountry />
      <ManufactureItemDescription />
      <UnitQty>יח`</UnitQty>
      <Quantity>400</Quantity>
      <UnitMeasure>גרם</UnitMeasure>
      <BisWeighted>0</BisWeighted>
      <QtyInPackage>1</QtyInPackage>
      <ItemPrice>30.90</ItemPrice>
      <UnitOfMeasurePrice>7.73</UnitOfMeasurePrice>
      <AllowDiscount>1</AllowDiscount>
      <itemStatus>1</itemStatus>
      <LastUpdateDate />
      <LastUpdateTime />
    </Product>
    <Product>
      <PriceUpdateDate>2015/11/03 11:42</PriceUpdateDate>
      <ItemCode>7290000070919</ItemCode>
      <ItemType>1</ItemType>
      <ItemName>בייגלה רשתות עם מלח אסם (400 גרם)</ItemName>
      <ManufactureName>קבוצת אסם סחר שות. מוגבלת</ManufactureName>
      <ManufactureCountry />
      <ManufactureItemDescription />
      <UnitQty>יח`</UnitQty>
      <Quantity>400</Quantity>
      <UnitMeasure>גרם</UnitMeasure>
      <BisWeighted>0</BisWeighted>
      <QtyInPackage>1</QtyInPackage>
      <ItemPrice>12.90</ItemPrice>
      <UnitOfMeasurePrice>3.23</UnitOfMeasurePrice>
      <AllowDiscount>0</AllowDiscount>
      <itemStatus>1</itemStatus>
      <LastUpdateDate />
      <LastUpdateTime />
    </Product>
    <Product>
      <PriceUpdateDate>2014/11/11 08:44</PriceUpdateDate>
      <ItemCode>7290000071008</ItemCode>
      <ItemType>1</ItemType>
      <ItemName>בייגלה שטוחים טבעות עם מלח אסם (60 גרם)</ItemName>
      <ManufactureName>קבוצת אסם סחר שות. מוגבלת</ManufactureName>
      <ManufactureCountry />
      <ManufactureItemDescription />
      <UnitQty>יח`</UnitQty>
      <Quantity>60</Quantity>
      <UnitMeasure>גרם</UnitMeasure>
      <BisWeighted>0</BisWeighted>
      <QtyInPackage>1</QtyInPackage>
      <ItemPrice>2.90</ItemPrice>
      <UnitOfMeasurePrice>4.83</UnitOfMeasurePrice>
      <AllowDiscount>0</AllowDiscount>
      <itemStatus>1</itemStatus>
      <LastUpdateDate />
      <LastUpdateTime />
    </Product>
    <Product>
      <PriceUpdateDate>2014/12/29 15:35</PriceUpdateDate>
      <ItemCode>7290000072227</ItemCode>
      <ItemType>1</ItemType>
      <ItemName>רוטב סויה בסגנון סיני אסם (290 מל)</ItemName>
      <ManufactureName>קבוצת אסם סחר שות. מוגבלת</ManufactureName>
      <ManufactureCountry />
      <ManufactureItemDescription />
      <UnitQty>יח`</UnitQty>
      <Quantity>290</Quantity>
      <UnitMeasure>מ"ל</UnitMeasure>
      <BisWeighted>0</BisWeighted>
      <QtyInPackage>1</QtyInPackage>
      <ItemPrice>11.90</ItemPrice>
      <UnitOfMeasurePrice>4.10</UnitOfMeasurePrice>
      <AllowDiscount>0</AllowDiscount>
      <itemStatus>1</itemStatus>
      <LastUpdateDate />
      <LastUpdateTime />
    </Product>
    <Product>
      <PriceUpdateDate>2014/12/29 15:35</PriceUpdateDate>
      <ItemCode>7290000072241</ItemCode>
      <ItemType>1</ItemType>
      <ItemName>רוטב פיצה אסם (290 מל)</ItemName>
      <ManufactureName>קבוצת אסם סחר שות. מוגבלת</ManufactureName>
      <ManufactureCountry />
      <ManufactureItemDescription />
      <UnitQty>יח`</UnitQty>
      <Quantity>290</Quantity>
      <UnitMeasure>מ"ל</UnitMeasure>
      <BisWeighted>0</BisWeighted>
      <QtyInPackage>1</QtyInPackage>
      <ItemPrice>11.90</ItemPrice>
      <UnitOfMeasurePrice>4.10</UnitOfMeasurePrice>
      <AllowDiscount>0</AllowDiscount>
      <itemStatus>1</itemStatus>
      <LastUpdateDate />
      <LastUpdateTime />
    </Product>
    <Product>
      <PriceUpdateDate>2017/03/30 08:34</PriceUpdateDate>
      <ItemCode>7290000072623</ItemCode>
      <ItemType>1</ItemType>
      <ItemName>קטשופ אסם (750 גרם)</ItemName>
      <ManufactureName>קבוצת אסם סחר שות. מוגבלת</ManufactureName>
      <ManufactureCountry />
      <ManufactureItemDescription />
      <UnitQty>יח`</UnitQty>
      <Quantity>750</Quantity>
      <UnitMeasure>גרם</UnitMeasure>
      <BisWeighted>0</BisWeighted>
      <QtyInPackage>1</QtyInPackage>
      <ItemPrice>10.90</ItemPrice>
      <UnitOfMeasurePrice>1.45</UnitOfMeasurePrice>
      <AllowDiscount>1</AllowDiscount>
      <itemStatus>1</itemStatus>
      <LastUpdateDate />
      <LastUpdateTime />
    </Product>
    <Product>
      <PriceUpdateDate>2014/07/16 10:20</PriceUpdateDate>
      <ItemCode>7290000072630</ItemCode>
      <ItemType>1</ItemType>
      <ItemName>קטשופ חריף אסם (750 גרם)</ItemName>
      <ManufactureName>קבוצת אסם סחר שות. מוגבלת</ManufactureName>
      <ManufactureCountry />
      <ManufactureItemDescription />
      <UnitQty>יח`</UnitQty>
      <Quantity>750</Quantity>
      <UnitMeasure>גרם</UnitMeasure>
      <BisWeighted>0</BisWeighted>
      <QtyInPackage>1</QtyInPackage>
      <ItemPrice>11.90</ItemPrice>
      <UnitOfMeasurePrice>1.59</UnitOfMeasurePrice>
      <AllowDiscount>0</AllowDiscount>
      <itemStatus>1</itemStatus>
      <LastUpdateDate />
      <LastUpdateTime />
    </Product>
    <Product>
      <PriceUpdateDate>2019/06/30 12:22</PriceUpdateDate>
      <ItemCode>7290000072753</ItemCode>
      <ItemType>1</ItemType>
      <ItemName>קפה טייסטרס צ`ויס נסקפה (200 גרם)</ItemName>
      <ManufactureName>קבוצת אסם סחר שות. מוגבלת</ManufactureName>
      <ManufactureCountry />
      <ManufactureItemDescription />
      <UnitQty>יח`</UnitQty>
      <Quantity>200</Quantity>
      <UnitMeasure>גרם</UnitMeasure>
      <BisWeighted>0</BisWeighted>
      <QtyInPackage>1</QtyInPackage>
      <ItemPrice>29.90</ItemPrice>
      <UnitOfMeasurePrice>14.95</UnitOfMeasurePrice>
      <AllowDiscount>0</AllowDiscount>
      <itemStatus>1</itemStatus>
      <LastUpdateDate />
      <LastUpdateTime />
    </Product>
    <Product>
      <PriceUpdateDate>2018/07/02 09:29</PriceUpdateDate>
      <ItemCode>7290000072968</ItemCode>
      <ItemType>1</ItemType>
      <ItemName>סיני מיניס בטעם קינמון נסטלה (500 גרם)</ItemName>
      <ManufactureName>קבוצת אסם סחר שות. מוגבלת</ManufactureName>
      <ManufactureCountry />
      <ManufactureItemDescription />
      <UnitQty>יח`</UnitQty>
      <Quantity>375</Quantity>
      <UnitMeasure>גרם</UnitMeasure>
      <BisWeighted>0</BisWeighted>
      <QtyInPackage>1</QtyInPackage>
      <ItemPrice>26.90</ItemPrice>
      <UnitOfMeasurePrice>7.17</UnitOfMeasurePrice>
      <AllowDiscount>1</AllowDiscount>
      <itemStatus>1</itemStatus>
      <LastUpdateDate />
      <LastUpdateTime />
    </Product>
    <Product>
      <PriceUpdateDate>2020/01/05 11:34</PriceUpdateDate>
      <ItemCode>7290000073125</ItemCode>
      <ItemType>1</ItemType>
      <ItemName>מנה חמה פסטה ברוטב עגבניות אסם (62 גרם)</ItemName>
      <ManufactureName>קבוצת אסם סחר שות. מוגבלת</ManufactureName>
      <ManufactureCountry />
      <ManufactureItemDescription />
      <UnitQty>יח`</UnitQty>
      <Quantity>62</Quantity>
      <UnitMeasure>גרם</UnitMeasure>
      <BisWeighted>0</BisWeighted>
      <QtyInPackage>1</QtyInPackage>
      <ItemPrice>6.90</ItemPrice>
      <UnitOfMeasurePrice>11.13</UnitOfMeasurePrice>
      <AllowDiscount>1</AllowDiscount>
      <itemStatus>1</itemStatus>
      <LastUpdateDate />
      <LastUpdateTime />
    </Product>
    <Product>
      <PriceUpdateDate>2014/04/28 13:13</PriceUpdateDate>
      <ItemCode>7290000073415</ItemCode>
      <ItemType>1</ItemType>
      <ItemName>מנה חמה פסטה ברוטב פיצה אסם (61 גרם)</ItemName>
      <ManufactureName>קבוצת אסם סחר שות. מוגבלת</ManufactureName>
      <ManufactureCountry />
      <ManufactureItemDescription />
      <UnitQty>יח`</UnitQty>
      <Quantity>61</Quantity>
      <UnitMeasure>גרם</UnitMeasure>
      <BisWeighted>0</BisWeighted>
      <QtyInPackage>1</QtyInPackage>
      <ItemPrice>6.90</ItemPrice>
      <UnitOfMeasurePrice>11.31</UnitOfMeasurePrice>
      <AllowDiscount>1</AllowDiscount>
      <itemStatus>1</itemStatus>
      <LastUpdateDate />
      <LastUpdateTime />
    </Product>
    <Product>
      <PriceUpdateDate>2018/02/07 15:24</PriceUpdateDate>
      <ItemCode>7290000073750</ItemCode>
      <ItemType>1</ItemType>
      <ItemName>מנה חמה נודלס בטעם עוף אסם (70 גרם)</ItemName>
      <ManufactureName>קבוצת אסם סחר שות. מוגבלת</ManufactureName>
      <ManufactureCountry />
      <ManufactureItemDescription />
      <UnitQty>יח`</UnitQty>
      <Quantity>70</Quantity>
      <UnitMeasure>גרם</UnitMeasure>
      <BisWeighted>0</BisWeighted>
      <QtyInPackage>1</QtyInPackage>
      <ItemPrice>7.90</ItemPrice>
      <UnitOfMeasurePrice>11.29</UnitOfMeasurePrice>
      <AllowDiscount>1</AllowDiscount>
      <itemStatus>1</itemStatus>
      <LastUpdateDate />
      <LastUpdateTime />
    </Product>
    <Product>
      <PriceUpdateDate>2018/02/07 15:24</PriceUpdateDate>
      <ItemCode>7290000073767</ItemCode>
      <ItemType>1</ItemType>
      <ItemName>מנה חמה נודלס בטעם בקר אסם (70 גרם)</ItemName>
      <ManufactureName>קבוצת אסם סחר שות. מוגבלת</ManufactureName>
      <ManufactureCountry />
      <ManufactureItemDescription />
      <UnitQty>יח`</UnitQty>
      <Quantity>70</Quantity>
      <UnitMeasure>גרם</UnitMeasure>
      <BisWeighted>0</BisWeighted>
      <QtyInPackage>1</QtyInPackage>
      <ItemPrice>7.90</ItemPrice>
      <UnitOfMeasurePrice>11.29</UnitOfMeasurePrice>
      <AllowDiscount>1</AllowDiscount>
      <itemStatus>1</itemStatus>
      <LastUpdateDate />
      <LastUpdateTime />
    </Product>
    <Product>
      <PriceUpdateDate>2018/02/07 15:24</PriceUpdateDate>
      <ItemCode>7290000073774</ItemCode>
      <ItemType>1</ItemType>
      <ItemName>מנה חמה נודלס בטעם פיקנטי אסם (70 גרם)</ItemName>
      <ManufactureName>קבוצת אסם סחר שות. מוגבלת</ManufactureName>
      <ManufactureCountry />
      <ManufactureItemDescription />
      <UnitQty>יח`</UnitQty>
      <Quantity>76</Quantity>
      <UnitMeasure>גרם</UnitMeasure>
      <BisWeighted>0</BisWeighted>
      <QtyInPackage>1</QtyInPackage>
      <ItemPrice>7.90</ItemPrice>
      <UnitOfMeasurePrice>10.39</UnitOfMeasurePrice>
      <AllowDiscount>1</AllowDiscount>
      <itemStatus>1</itemStatus>
      <LastUpdateDate />
      <LastUpdateTime />
    </Product>
    <Product>
      <PriceUpdateDate>2015/11/03 11:42</PriceUpdateDate>
      <ItemCode>7290000074184</ItemCode>
      <ItemType>1</ItemType>
      <ItemName>ביסקוויט פתי בר אסם (500 גרם)</ItemName>
      <ManufactureName>קבוצת אסם סחר שות. מוגבלת</ManufactureName>
      <ManufactureCountry />
      <ManufactureItemDescription />
      <UnitQty>יח`</UnitQty>
      <Quantity>500</Quantity>
      <UnitMeasure>גרם</UnitMeasure>
      <BisWeighted>0</BisWeighted>
      <QtyInPackage>1</QtyInPackage>
      <ItemPrice>11.90</ItemPrice>
      <UnitOfMeasurePrice>2.38</UnitOfMeasurePrice>
      <AllowDiscount>1</AllowDiscount>
      <itemStatus>1</itemStatus>
      <LastUpdateDate />
      <LastUpdateTime />
    </Product>
    <Product>
      <PriceUpdateDate>2014/04/28 13:13</PriceUpdateDate>
      <ItemCode>7290000074245</ItemCode>
      <ItemType>1</ItemType>
      <ItemName>קרם קרקר אסם (250 גרם)</ItemName>
      <ManufactureName>קבוצת אסם סחר שות. מוגבלת</ManufactureName>
      <ManufactureCountry />
      <ManufactureItemDescription />
      <UnitQty>יח`</UnitQty>
      <Quantity>250</Quantity>
      <UnitMeasure>גרם</UnitMeasure>
      <BisWeighted>0</BisWeighted>
      <QtyInPackage>1</QtyInPackage>
      <ItemPrice>9.90</ItemPrice>
      <UnitOfMeasurePrice>3.96</UnitOfMeasurePrice>
      <AllowDiscount>1</AllowDiscount>
      <itemStatus>1</itemStatus>
      <LastUpdateDate />
      <LastUpdateTime />
    </Product>
    <Product>
      <PriceUpdateDate>2014/11/11 08:44</PriceUpdateDate>
      <ItemCode>7290000074252</ItemCode>
      <ItemType>1</ItemType>
      <ItemName>קרקר שומשום אסם (250 גרם)</ItemName>
      <ManufactureName>קבוצת אסם סחר שות. מוגבלת</ManufactureName>
      <ManufactureCountry />
      <ManufactureItemDescription />
      <UnitQty>יח`</UnitQty>
      <Quantity>250</Quantity>
      <UnitMeasure>גרם</UnitMeasure>
      <BisWeighted>0</BisWeighted>
      <QtyInPackage>1</QtyInPackage>
      <ItemPrice>9.90</ItemPrice>
      <UnitOfMeasurePrice>3.96</UnitOfMeasurePrice>
      <AllowDiscount>1</AllowDiscount>
      <itemStatus>1</itemStatus>
      <LastUpdateDate />
      <LastUpdateTime />
    </Product>
    <Product>
      <PriceUpdateDate>2014/11/11 08:44</PriceUpdateDate>
      <ItemCode>7290000074276</ItemCode>
      <ItemType>1</ItemType>
      <ItemName>קרקר פיקנטי אסם (250 גרם)</ItemName>
      <ManufactureName>קבוצת אסם סחר שות. מוגבלת</ManufactureName>
      <ManufactureCountry />
      <ManufactureItemDescription />
      <UnitQty>יח`</UnitQty>
      <Quantity>250</Quantity>
      <UnitMeasure>גרם</UnitMeasure>
      <BisWeighted>0</BisWeighted>
      <QtyInPackage>1</QtyInPackage>
      <ItemPrice>10.90</ItemPrice>
      <UnitOfMeasurePrice>4.36</UnitOfMeasurePrice>
      <AllowDiscount>1</AllowDiscount>
      <itemStatus>1</itemStatus>
      <LastUpdateDate />
      <LastUpdateTime />
    </Product>
    <Product>
      <PriceUpdateDate>2014/07/07 13:09</PriceUpdateDate>
      <ItemCode>7290000074290</ItemCode>
      <ItemType>1</ItemType>
      <ItemName>קרקר לחמית עם סובין חיטה אסם 230 גר`</ItemName>
      <ManufactureName>קבוצת אסם סחר שות. מוגבלת</ManufactureName>
      <ManufactureCountry />
      <ManufactureItemDescription />
      <UnitQty>יח`</UnitQty>
      <Quantity>230</Quantity>
      <UnitMeasure>גרם</UnitMeasure>
      <BisWeighted>0</BisWeighted>
      <QtyInPackage>1</QtyInPackage>
      <ItemPrice>8.90</ItemPrice>
      <UnitOfMeasurePrice>3.87</UnitOfMeasurePrice>
      <AllowDiscount>1</AllowDiscount>
      <itemStatus>1</itemStatus>
      <LastUpdateDate />
      <LastUpdateTime />
    </Product>
    <Product>
      <PriceUpdateDate>2015/12/01 14:02</PriceUpdateDate>
      <ItemCode>7290000074375</ItemCode>
      <ItemType>1</ItemType>
      <ItemName>קרקר זהב אסם (150 גרם)</ItemName>
      <ManufactureName>קבוצת אסם סחר שות. מוגבלת</ManufactureName>
      <ManufactureCountry />
      <ManufactureItemDescription />
      <UnitQty>יח`</UnitQty>
      <Quantity>150</Quantity>
      <UnitMeasure>גרם</UnitMeasure>
      <BisWeighted>0</BisWeighted>
      <QtyInPackage>1</QtyInPackage>
      <ItemPrice>7.90</ItemPrice>
      <UnitOfMeasurePrice>5.27</UnitOfMeasurePrice>
      <AllowDiscount>1</AllowDiscount>
      <itemStatus>1</itemStatus>
      <LastUpdateDate />
      <LastUpdateTime />
    </Product>
    <Product>
      <PriceUpdateDate>2014/11/11 08:44</PriceUpdateDate>
      <ItemCode>7290000074481</ItemCode>
      <ItemType>1</ItemType>
      <ItemName>קרקר לחמית אגוזים אסם (160 גרם)</ItemName>
      <ManufactureName>קבוצת אסם סחר שות. מוגבלת</ManufactureName>
      <ManufactureCountry />
      <ManufactureItemDescription />
      <UnitQty>יח`</UnitQty>
      <Quantity>160</Quantity>
      <UnitMeasure>גרם</UnitMeasure>
      <BisWeighted>0</BisWeighted>
      <QtyInPackage>1</QtyInPackage>
      <ItemPrice>10.90</ItemPrice>
      <UnitOfMeasurePrice>6.81</UnitOfMeasurePrice>
      <AllowDiscount>1</AllowDiscount>
      <itemStatus>1</itemStatus>
      <LastUpdateDate />
      <LastUpdateTime />
    </Product>
    <Product>
      <PriceUpdateDate>2014/11/11 08:44</PriceUpdateDate>
      <ItemCode>7290000074696</ItemCode>
      <ItemType>1</ItemType>
      <ItemName>קרם קרקר אסם (1 קג)</ItemName>
      <ManufactureName>קבוצת אסם סחר שות. מוגבלת</ManufactureName>
      <ManufactureCountry />
      <ManufactureItemDescription />
      <UnitQty>יח`</UnitQty>
      <Quantity>1</Quantity>
      <UnitMeasure>ק"ג</UnitMeasure>
      <BisWeighted>0</BisWeighted>
      <QtyInPackage>1</QtyInPackage>
      <ItemPrice>27.90</ItemPrice>
      <UnitOfMeasurePrice>27.90</UnitOfMeasurePrice>
      <AllowDiscount>0</AllowDiscount>
      <itemStatus>1</itemStatus>
      <LastUpdateDate />
      <LastUpdateTime />
    </Product>
    <Product>
      <PriceUpdateDate>2014/11/11 08:44</PriceUpdateDate>
      <ItemCode>7290000074702</ItemCode>
      <ItemType>1</ItemType>
      <ItemName>קרקר שומשום אסם (1 קג)</ItemName>
      <ManufactureName>קבוצת אסם סחר שות. מוגבלת</ManufactureName>
      <ManufactureCountry />
      <ManufactureItemDescription />
      <UnitQty>יח`</UnitQty>
      <Quantity>1000</Quantity>
      <UnitMeasure>גרם</UnitMeasure>
      <BisWeighted>0</BisWeighted>
      <QtyInPackage>1</QtyInPackage>
      <ItemPrice>24.90</ItemPrice>
      <UnitOfMeasurePrice>2.49</UnitOfMeasurePrice>
      <AllowDiscount>0</AllowDiscount>
      <itemStatus>1</itemStatus>
      <LastUpdateDate />
      <LastUpdateTime />
    </Product>
    <Product>
      <PriceUpdateDate>2014/07/16 10:20</PriceUpdateDate>
      <ItemCode>7290000074740</ItemCode>
      <ItemType>1</ItemType>
      <ItemName>קרקר לחמית חיטה מלאה אסם 1 קג`</ItemName>
      <ManufactureName>קבוצת אסם סחר שות. מוגבלת</ManufactureName>
      <ManufactureCountry />
      <ManufactureItemDescription />
      <UnitQty>יח`</UnitQty>
      <Quantity>1000</Quantity>
      <UnitMeasure>גרם</UnitMeasure>
      <BisWeighted>0</BisWeighted>
      <QtyInPackage>1</QtyInPackage>
      <ItemPrice>24.90</ItemPrice>
      <UnitOfMeasurePrice>2.49</UnitOfMeasurePrice>
      <AllowDiscount>0</AllowDiscount>
      <itemStatus>1</itemStatus>
      <LastUpdateDate />
      <LastUpdateTime />
    </Product>
    <Product>
      <PriceUpdateDate>2014/11/11 08:44</PriceUpdateDate>
      <ItemCode>7290000074764</ItemCode>
      <ItemType>1</ItemType>
      <ItemName>קרקר זהב אסם (900 גרם)</ItemName>
      <ManufactureName>קבוצת אסם סחר שות. מוגבלת</ManufactureName>
      <ManufactureCountry />
      <ManufactureItemDescription />
      <UnitQty>יח`</UnitQty>
      <Quantity>900</Quantity>
      <UnitMeasure>גרם</UnitMeasure>
      <BisWeighted>0</BisWeighted>
      <QtyInPackage>1</QtyInPackage>
      <ItemPrice>27.90</ItemPrice>
      <UnitOfMeasurePrice>3.10</UnitOfMeasurePrice>
      <AllowDiscount>0</AllowDiscount>
      <itemStatus>1</itemStatus>
      <LastUpdateDate />
      <LastUpdateTime />
    </Product>
    <Product>
      <PriceUpdateDate>2013/06/05 15:01</PriceUpdateDate>
      <ItemCode>7290000075143</ItemCode>
      <ItemType>1</ItemType>
      <ItemName>עוגיות שוקוצ`יפס אסם (200 גרם)</ItemName>
      <ManufactureName>קבוצת אסם סחר שות. מוגבלת</ManufactureName>
      <ManufactureCountry />
      <ManufactureItemDescription />
      <UnitQty>יח`</UnitQty>
      <Quantity>200</Quantity>
      <UnitMeasure>גרם</UnitMeasure>
      <BisWeighted>0</BisWeighted>
      <QtyInPackage>1</QtyInPackage>
      <ItemPrice>11.90</ItemPrice>
      <UnitOfMeasurePrice>5.95</UnitOfMeasurePrice>
      <AllowDiscount>1</AllowDiscount>
      <itemStatus>1</itemStatus>
      <LastUpdateDate />
      <LastUpdateTime />
    </Product>
    <Product>
      <PriceUpdateDate>2014/07/07 13:09</PriceUpdateDate>
      <ItemCode>7290000075204</ItemCode>
      <ItemType>1</ItemType>
      <ItemName>קרקר לחמית חיטה מלאה אסם (250 גרם)</ItemName>
      <ManufactureName>קבוצת אסם סחר שות. מוגבלת</ManufactureName>
      <ManufactureCountry />
      <ManufactureItemDescription />
      <UnitQty>יח`</UnitQty>
      <Quantity>250</Quantity>
      <UnitMeasure>גרם</UnitMeasure>
      <BisWeighted>0</BisWeighted>
      <QtyInPackage>1</QtyInPackage>
      <ItemPrice>8.90</ItemPrice>
      <UnitOfMeasurePrice>3.56</UnitOfMeasurePrice>
      <AllowDiscount>1</AllowDiscount>
      <itemStatus>1</itemStatus>
      <LastUpdateDate />
      <LastUpdateTime />
    </Product>
    <Product>
      <PriceUpdateDate>2015/10/15 08:16</PriceUpdateDate>
      <ItemCode>7290000075693</ItemCode>
      <ItemType>1</ItemType>
      <ItemName>עוגת הבית שמרים בריוש שוקולד 360 גר`</ItemName>
      <ManufactureName>קבוצת אסם סחר שות. מוגבלת</ManufactureName>
      <ManufactureCountry />
      <ManufactureItemDescription />
      <UnitQty>יח`</UnitQty>
      <Quantity>360</Quantity>
      <UnitMeasure>גרם</UnitMeasure>
      <BisWeighted>0</BisWeighted>
      <QtyInPackage>1</QtyInPackage>
      <ItemPrice>17.90</ItemPrice>
      <UnitOfMeasurePrice>4.97</UnitOfMeasurePrice>
      <AllowDiscount>0</AllowDiscount>
      <itemStatus>1</itemStatus>
      <LastUpdateDate />
      <LastUpdateTime />
    </Product>
    <Product>
      <PriceUpdateDate>2015/05/14 08:30</PriceUpdateDate>
      <ItemCode>7290000076133</ItemCode>
      <ItemType>1</ItemType>
      <ItemName>בייגלה שמיניות עם מלח אסם (400 גרם)</ItemName>
      <ManufactureName>קבוצת אסם סחר שות. מוגבלת</ManufactureName>
      <ManufactureCountry />
      <ManufactureItemDescription />
      <UnitQty>יח`</UnitQty>
      <Quantity>400</Quantity>
      <UnitMeasure>גרם</UnitMeasure>
      <BisWeighted>0</BisWeighted>
      <QtyInPackage>1</QtyInPackage>
      <ItemPrice>9.90</ItemPrice>
      <UnitOfMeasurePrice>2.48</UnitOfMeasurePrice>
      <AllowDiscount>0</AllowDiscount>
      <itemStatus>1</itemStatus>
      <LastUpdateDate />
      <LastUpdateTime />
    </Product>
    <Product>
      <PriceUpdateDate>2013/06/05 15:01</PriceUpdateDate>
      <ItemCode>7290000077017</ItemCode>
      <ItemType>1</ItemType>
      <ItemName>קרמוגית משהו שוקולוד</ItemName>
      <ManufactureName>קבוצת אסם סחר שות. מוגבלת</ManufactureName>
      <ManufactureCountry />
      <ManufactureItemDescription />
      <UnitQty>יח`</UnitQty>
      <Quantity>200</Quantity>
      <UnitMeasure>גרם</UnitMeasure>
      <BisWeighted>0</BisWeighted>
      <QtyInPackage>1</QtyInPackage>
      <ItemPrice>11.90</ItemPrice>
      <UnitOfMeasurePrice>5.95</UnitOfMeasurePrice>
      <AllowDiscount>0</AllowDiscount>
      <itemStatus>1</itemStatus>
      <LastUpdateDate />
      <LastUpdateTime />
    </Product>
    <Product>
      <PriceUpdateDate>2014/04/28 13:13</PriceUpdateDate>
      <ItemCode>7290000077253</ItemCode>
      <ItemType>1</ItemType>
      <ItemName>קרקר לחמית כפרית אסם (190 גרם)</ItemName>
      <ManufactureName>קבוצת אסם סחר שות. מוגבלת</ManufactureName>
      <ManufactureCountry />
      <ManufactureItemDescription />
      <UnitQty>יח`</UnitQty>
      <Quantity>190</Quantity>
      <UnitMeasure>גרם</UnitMeasure>
      <BisWeighted>0</BisWeighted>
      <QtyInPackage>1</QtyInPackage>
      <ItemPrice>10.90</ItemPrice>
      <UnitOfMeasurePrice>5.74</UnitOfMeasurePrice>
      <AllowDiscount>1</AllowDiscount>
      <itemStatus>1</itemStatus>
      <LastUpdateDate />
      <LastUpdateTime />
    </Product>
    <Product>
      <PriceUpdateDate>2015/04/14 14:16</PriceUpdateDate>
      <ItemCode>7290000078762</ItemCode>
      <ItemType>1</ItemType>
      <ItemName>פריכונים בדבש מאורז מלא אסם (80 גרם)</ItemName>
      <ManufactureName>קבוצת אסם סחר שות. מוגבלת</ManufactureName>
      <ManufactureCountry />
      <ManufactureItemDescription />
      <UnitQty>יח`</UnitQty>
      <Quantity>80</Quantity>
      <UnitMeasure>גרם</UnitMeasure>
      <BisWeighted>0</BisWeighted>
      <QtyInPackage>1</QtyInPackage>
      <ItemPrice>7.90</ItemPrice>
      <UnitOfMeasurePrice>9.88</UnitOfMeasurePrice>
      <AllowDiscount>0</AllowDiscount>
      <itemStatus>1</itemStatus>
      <LastUpdateDate />
      <LastUpdateTime />
    </Product>
    <Product>
      <PriceUpdateDate>2014/11/11 08:44</PriceUpdateDate>
      <ItemCode>7290000079233</ItemCode>
      <ItemType>1</ItemType>
      <ItemName>קרם קרקר דל נתרן אסם (250 גרם)</ItemName>
      <ManufactureName>קבוצת אסם סחר שות. מוגבלת</ManufactureName>
      <ManufactureCountry />
      <ManufactureItemDescription />
      <UnitQty>יח`</UnitQty>
      <Quantity>250</Quantity>
      <UnitMeasure>גרם</UnitMeasure>
      <BisWeighted>0</BisWeighted>
      <QtyInPackage>1</QtyInPackage>
      <ItemPrice>10.90</ItemPrice>
      <UnitOfMeasurePrice>4.36</UnitOfMeasurePrice>
      <AllowDiscount>1</AllowDiscount>
      <itemStatus>1</itemStatus>
      <LastUpdateDate />
      <LastUpdateTime />
    </Product>
    <Product>
      <PriceUpdateDate>2015/05/14 08:30</PriceUpdateDate>
      <ItemCode>7290000081663</ItemCode>
      <ItemType>1</ItemType>
      <ItemName>בייגלה טבעות עם שומשום אסם (300 גרם)</ItemName>
      <ManufactureName>קבוצת אסם סחר שות. מוגבלת</ManufactureName>
      <ManufactureCountry />
      <ManufactureItemDescription />
      <UnitQty>יח`</UnitQty>
      <Quantity>300</Quantity>
      <UnitMeasure>גרם</UnitMeasure>
      <BisWeighted>0</BisWeighted>
      <QtyInPackage>1</QtyInPackage>
      <ItemPrice>9.90</ItemPrice>
      <UnitOfMeasurePrice>3.30</UnitOfMeasurePrice>
      <AllowDiscount>0</AllowDiscount>
      <itemStatus>1</itemStatus>
      <LastUpdateDate />
      <LastUpdateTime />
    </Product>
    <Product>
      <PriceUpdateDate>2018/06/10 18:46</PriceUpdateDate>
      <ItemCode>7290000100128</ItemCode>
      <ItemType>1</ItemType>
      <ItemName>פירות קפואים תות 300 גר` סנפרוסט</ItemName>
      <ManufactureName>תנובה קפואים</ManufactureName>
      <ManufactureCountry />
      <ManufactureItemDescription />
      <UnitQty>יח`</UnitQty>
      <Quantity>300</Quantity>
      <UnitMeasure>גרם</UnitMeasure>
      <BisWeighted>0</BisWeighted>
      <QtyInPackage>1</QtyInPackage>
      <ItemPrice>15.90</ItemPrice>
      <UnitOfMeasurePrice>5.30</UnitOfMeasurePrice>
      <AllowDiscount>1</AllowDiscount>
      <itemStatus>1</itemStatus>
      <LastUpdateDate />
      <LastUpdateTime />
    </Product>
    <Product>
      <PriceUpdateDate>2018/05/13 11:14</PriceUpdateDate>
      <ItemCode>7290000100166</ItemCode>
      <ItemType>1</ItemType>
      <ItemName>סמוטיז אדום 300 גר` SMOOTHIE</ItemName>
      <ManufactureName>תנובה קפואים</ManufactureName>
      <ManufactureCountry />
      <ManufactureItemDescription />
      <UnitQty>יח`</UnitQty>
      <Quantity>300</Quantity>
      <UnitMeasure>גרם</UnitMeasure>
      <BisWeighted>0</BisWeighted>
      <QtyInPackage>1</QtyInPackage>
      <ItemPrice>15.90</ItemPrice>
      <UnitOfMeasurePrice>5.30</UnitOfMeasurePrice>
      <AllowDiscount>1</AllowDiscount>
      <itemStatus>1</itemStatus>
      <LastUpdateDate />
      <LastUpdateTime />
    </Product>
    <Product>
      <PriceUpdateDate>2020/02/17 06:44</PriceUpdateDate>
      <ItemCode>7290000100593</ItemCode>
      <ItemType>1</ItemType>
      <ItemName>פרוסות אנטיפסטי לתנור 600 גר` סנפרוסט</ItemName>
      <ManufactureName>תנובה קפואים</ManufactureName>
      <ManufactureCountry />
      <ManufactureItemDescription />
      <UnitQty>יח`</UnitQty>
      <Quantity>600</Quantity>
      <UnitMeasure>גרם</UnitMeasure>
      <BisWeighted>0</BisWeighted>
      <QtyInPackage>1</QtyInPackage>
      <ItemPrice>21.90</ItemPrice>
      <UnitOfMeasurePrice>3.65</UnitOfMeasurePrice>
      <AllowDiscount>1</AllowDiscount>
      <itemStatus>1</itemStatus>
      <LastUpdateDate />
      <LastUpdateTime />
    </Product>
    <Product>
      <PriceUpdateDate>2020/02/17 06:44</PriceUpdateDate>
      <ItemCode>7290000100609</ItemCode>
      <ItemType>1</ItemType>
      <ItemName>קוביות אנטי פסטי להקפצה 600 גר` סנפרוסט</ItemName>
      <ManufactureName>תנובה קפואים</ManufactureName>
      <ManufactureCountry />
      <ManufactureItemDescription />
      <UnitQty>יח`</UnitQty>
      <Quantity>600</Quantity>
      <UnitMeasure>גרם</UnitMeasure>
      <BisWeighted>0</BisWeighted>
      <QtyInPackage>1</QtyInPackage>
      <ItemPrice>21.90</ItemPrice>
      <UnitOfMeasurePrice>3.65</UnitOfMeasurePrice>
      <AllowDiscount>1</AllowDiscount>
      <itemStatus>1</itemStatus>
      <LastUpdateDate />
      <LastUpdateTime />
    </Product>
    <Product>
      <PriceUpdateDate>2017/06/26 12:09</PriceUpdateDate>
      <ItemCode>7290000101934</ItemCode>
      <ItemType>1</ItemType>
      <ItemName>מיקס פירות יער מוקפאים 300 גר סנפרוסט</ItemName>
      <ManufactureName>תנובה קפואים</ManufactureName>
      <ManufactureCountry />
      <ManufactureItemDescription />
      <UnitQty>יח`</UnitQty>
      <Quantity>300</Quantity>
      <UnitMeasure>גרם</UnitMeasure>
      <BisWeighted>0</BisWeighted>
      <QtyInPackage>1</QtyInPackage>
      <ItemPrice>15.90</ItemPrice>
      <UnitOfMeasurePrice>5.30</UnitOfMeasurePrice>
      <AllowDiscount>1</AllowDiscount>
      <itemStatus>1</itemStatus>
      <LastUpdateDate />
      <LastUpdateTime />
    </Product>
    <Product>
      <PriceUpdateDate>2017/06/26 12:09</PriceUpdateDate>
      <ItemCode>7290000101941</ItemCode>
      <ItemType>1</ItemType>
      <ItemName>אננס חתוך מוקפא סנפרוסט (300 גרם)</ItemName>
      <ManufactureName>תנובה קפואים</ManufactureName>
      <ManufactureCountry />
      <ManufactureItemDescription />
      <UnitQty>יח`</UnitQty>
      <Quantity>300</Quantity>
      <UnitMeasure>גרם</UnitMeasure>
      <BisWeighted>0</BisWeighted>
      <QtyInPackage>1</QtyInPackage>
      <ItemPrice>15.90</ItemPrice>
      <UnitOfMeasurePrice>5.30</UnitOfMeasurePrice>
      <AllowDiscount>1</AllowDiscount>
      <itemStatus>1</itemStatus>
      <LastUpdateDate />
      <LastUpdateTime />
    </Product>
    <Product>
      <PriceUpdateDate>2017/06/26 12:09</PriceUpdateDate>
      <ItemCode>7290000101958</ItemCode>
      <ItemType>1</ItemType>
      <ItemName>מנגו חתוך מוקפא סנפרוסט (300 גרם)</ItemName>
      <ManufactureName>תנובה קפואים</ManufactureName>
      <ManufactureCountry />
      <ManufactureItemDescription />
      <UnitQty>יח`</UnitQty>
      <Quantity>300</Quantity>
      <UnitMeasure>גרם</UnitMeasure>
      <BisWeighted>0</BisWeighted>
      <QtyInPackage>1</QtyInPackage>
      <ItemPrice>15.90</ItemPrice>
      <UnitOfMeasurePrice>5.30</UnitOfMeasurePrice>
      <AllowDiscount>1</AllowDiscount>
      <itemStatus>1</itemStatus>
      <LastUpdateDate />
      <LastUpdateTime />
    </Product>
    <Product>
      <PriceUpdateDate>2015/05/27 12:39</PriceUpdateDate>
      <ItemCode>7290000103822</ItemCode>
      <ItemType>1</ItemType>
      <ItemName>לקט מוקפא לעוף סנפרוסט (800 גרם)</ItemName>
      <ManufactureName>תנובה קפואים</ManufactureName>
      <ManufactureCountry />
      <ManufactureItemDescription />
      <UnitQty>יח`</UnitQty>
      <Quantity>800</Quantity>
      <UnitMeasure>גרם</UnitMeasure>
      <BisWeighted>0</BisWeighted>
      <QtyInPackage>1</QtyInPackage>
      <ItemPrice>23</ItemPrice>
      <UnitOfMeasurePrice>2.88</UnitOfMeasurePrice>
      <AllowDiscount>0</AllowDiscount>
      <itemStatus>1</itemStatus>
      <LastUpdateDate />
      <LastUpdateTime />
    </Product>
    <Product>
      <PriceUpdateDate>2017/10/02 09:18</PriceUpdateDate>
      <ItemCode>7290000104201</ItemCode>
      <ItemType>1</ItemType>
      <ItemName>אפונה עדינה מוקפאת סנפרוסט (600 גרם)</ItemName>
      <ManufactureName>תנובה קפואים</ManufactureName>
      <ManufactureCountry />
      <ManufactureItemDescription />
      <UnitQty>יח`</UnitQty>
      <Quantity>600</Quantity>
      <UnitMeasure>גרם</UnitMeasure>
      <BisWeighted>0</BisWeighted>
      <QtyInPackage>1</QtyInPackage>
      <ItemPrice>18.90</ItemPrice>
      <UnitOfMeasurePrice>3.15</UnitOfMeasurePrice>
      <AllowDiscount>0</AllowDiscount>
      <itemStatus>1</itemStatus>
      <LastUpdateDate />
      <LastUpdateTime />
    </Product>
    <Product>
      <PriceUpdateDate>2016/10/14 08:00</PriceUpdateDate>
      <ItemCode>7290000104218</ItemCode>
      <ItemType>1</ItemType>
      <ItemName>במיה 600 גר` סנפרוסט</ItemName>
      <ManufactureName>תנובה קפואים</ManufactureName>
      <ManufactureCountry />
      <ManufactureItemDescription />
      <UnitQty>יח`</UnitQty>
      <Quantity>600</Quantity>
      <UnitMeasure>גרם</UnitMeasure>
      <BisWeighted>0</BisWeighted>
      <QtyInPackage>1</QtyInPackage>
      <ItemPrice>18.90</ItemPrice>
      <UnitOfMeasurePrice>3.15</UnitOfMeasurePrice>
      <AllowDiscount>0</AllowDiscount>
      <itemStatus>1</itemStatus>
      <LastUpdateDate />
      <LastUpdateTime />
    </Product>
    <Product>
      <PriceUpdateDate>2019/04/28 08:41</PriceUpdateDate>
      <ItemCode>7290000104676</ItemCode>
      <ItemType>1</ItemType>
      <ItemName>אפונה 800 גר` סנפרוסט</ItemName>
      <ManufactureName>תנובה קפואים</ManufactureName>
      <ManufactureCountry />
      <ManufactureItemDescription />
      <UnitQty>יח`</UnitQty>
      <Quantity>800</Quantity>
      <UnitMeasure>גרם</UnitMeasure>
      <BisWeighted>0</BisWeighted>
      <QtyInPackage>1</QtyInPackage>
      <ItemPrice>15.90</ItemPrice>
      <UnitOfMeasurePrice>1.99</UnitOfMeasurePrice>
      <AllowDiscount>0</AllowDiscount>
      <itemStatus>1</itemStatus>
      <LastUpdateDate />
      <LastUpdateTime />
    </Product>
    <Product>
      <PriceUpdateDate>2016/10/14 08:00</PriceUpdateDate>
      <ItemCode>7290000104690</ItemCode>
      <ItemType>1</ItemType>
      <ItemName>גרעיני תירס מוקפאים סנפרוסט (800 גרם)</ItemName>
      <ManufactureName>תנובה קפואים</ManufactureName>
      <ManufactureCountry />
      <ManufactureItemDescription />
      <UnitQty>יח`</UnitQty>
      <Quantity>800</Quantity>
      <UnitMeasure>גרם</UnitMeasure>
      <BisWeighted>0</BisWeighted>
      <QtyInPackage>1</QtyInPackage>
      <ItemPrice>17.90</ItemPrice>
      <UnitOfMeasurePrice>2.24</UnitOfMeasurePrice>
      <AllowDiscount>1</AllowDiscount>
      <itemStatus>1</itemStatus>
      <LastUpdateDate />
      <LastUpdateTime />
    </Product>
    <Product>
      <PriceUpdateDate>2016/12/12 08:55</PriceUpdateDate>
      <ItemCode>7290000104737</ItemCode>
      <ItemType>1</ItemType>
      <ItemName>שעועית צהובה 800 גר` סנפרוסט</ItemName>
      <ManufactureName>תנובה קפואים</ManufactureName>
      <ManufactureCountry />
      <ManufactureItemDescription />
      <UnitQty>יח`</UnitQty>
      <Quantity>800</Quantity>
      <UnitMeasure>גרם</UnitMeasure>
      <BisWeighted>0</BisWeighted>
      <QtyInPackage>1</QtyInPackage>
      <ItemPrice>19.90</ItemPrice>
      <UnitOfMeasurePrice>2.49</UnitOfMeasurePrice>
      <AllowDiscount>1</AllowDiscount>
      <itemStatus>1</itemStatus>
      <LastUpdateDate />
      <LastUpdateTime />
    </Product>
    <Product>
      <PriceUpdateDate>2016/10/14 08:00</PriceUpdateDate>
      <ItemCode>7290000104744</ItemCode>
      <ItemType>1</ItemType>
      <ItemName>כרובית מוקפאת סנפרוסט (800 גרם)</ItemName>
      <ManufactureName>תנובה קפואים</ManufactureName>
      <ManufactureCountry />
      <ManufactureItemDescription />
      <UnitQty>יח`</UnitQty>
      <Quantity>800</Quantity>
      <UnitMeasure>גרם</UnitMeasure>
      <BisWeighted>0</BisWeighted>
      <QtyInPackage>1</QtyInPackage>
      <ItemPrice>25</ItemPrice>
      <UnitOfMeasurePrice>3.13</UnitOfMeasurePrice>
      <AllowDiscount>0</AllowDiscount>
      <itemStatus>1</itemStatus>
      <LastUpdateDate />
      <LastUpdateTime />
    </Product>
    <Product>
      <PriceUpdateDate>2017/01/05 08:14</PriceUpdateDate>
      <ItemCode>7290000104799</ItemCode>
      <ItemType>1</ItemType>
      <ItemName>שעועית לבנה מבושלת סנפרוסט (800 גרם)</ItemName>
      <ManufactureName>תנובה קפואים</ManufactureName>
      <ManufactureCountry />
      <ManufactureItemDescription />
      <UnitQty>יח`</UnitQty>
      <Quantity>800</Quantity>
      <UnitMeasure>גרם</UnitMeasure>
      <BisWeighted>0</BisWeighted>
      <QtyInPackage>1</QtyInPackage>
      <ItemPrice>19.90</ItemPrice>
      <UnitOfMeasurePrice>2.49</UnitOfMeasurePrice>
      <AllowDiscount>1</AllowDiscount>
      <itemStatus>1</itemStatus>
      <LastUpdateDate />
      <LastUpdateTime />
    </Product>
    <Product>
      <PriceUpdateDate>2016/12/12 08:55</PriceUpdateDate>
      <ItemCode>7290000104805</ItemCode>
      <ItemType>1</ItemType>
      <ItemName>גרגרי חומוס מבושלים סנפרוסט (800 גרם)</ItemName>
      <ManufactureName>תנובה קפואים</ManufactureName>
      <ManufactureCountry />
      <ManufactureItemDescription />
      <UnitQty>יח`</UnitQty>
      <Quantity>800</Quantity>
      <UnitMeasure>גרם</UnitMeasure>
      <BisWeighted>0</BisWeighted>
      <QtyInPackage>1</QtyInPackage>
      <ItemPrice>19.90</ItemPrice>
      <UnitOfMeasurePrice>2.49</UnitOfMeasurePrice>
      <AllowDiscount>1</AllowDiscount>
      <itemStatus>1</itemStatus>
      <LastUpdateDate />
      <LastUpdateTime />
    </Product>
    <Product>
      <PriceUpdateDate>2016/08/10 11:12</PriceUpdateDate>
      <ItemCode>7290000104836</ItemCode>
      <ItemType>1</ItemType>
      <ItemName>שעועית עדינה שלמה סנפרוסט (600 גרם)</ItemName>
      <ManufactureName>תנובה קפואים</ManufactureName>
      <ManufactureCountry />
      <ManufactureItemDescription />
      <UnitQty>יח`</UnitQty>
      <Quantity>600</Quantity>
      <UnitMeasure>גרם</UnitMeasure>
      <BisWeighted>0</BisWeighted>
      <QtyInPackage>1</QtyInPackage>
      <ItemPrice>19.90</ItemPrice>
      <UnitOfMeasurePrice>3.32</UnitOfMeasurePrice>
      <AllowDiscount>0</AllowDiscount>
      <itemStatus>1</itemStatus>
      <LastUpdateDate />
      <LastUpdateTime />
    </Product>
    <Product>
      <PriceUpdateDate>2015/05/27 12:39</PriceUpdateDate>
      <ItemCode>7290000104881</ItemCode>
      <ItemType>1</ItemType>
      <ItemName>לקט אפונה וגזר מוקפאים סנפרוסט (800 גרם)</ItemName>
      <ManufactureName>תנובה קפואים</ManufactureName>
      <ManufactureCountry />
      <ManufactureItemDescription />
      <UnitQty>יח`</UnitQty>
      <Quantity>800</Quantity>
      <UnitMeasure>גרם</UnitMeasure>
      <BisWeighted>0</BisWeighted>
      <QtyInPackage>1</QtyInPackage>
      <ItemPrice>16.90</ItemPrice>
      <UnitOfMeasurePrice>2.11</UnitOfMeasurePrice>
      <AllowDiscount>1</AllowDiscount>
      <itemStatus>1</itemStatus>
      <LastUpdateDate />
      <LastUpdateTime />
    </Product>
    <Product>
      <PriceUpdateDate>2015/05/27 12:39</PriceUpdateDate>
      <ItemCode>7290000104904</ItemCode>
      <ItemType>1</ItemType>
      <ItemName>לקט ירקות מעורבים 800  גר`סנפרוסט</ItemName>
      <ManufactureName>תנובה קפואים</ManufactureName>
      <ManufactureCountry />
      <ManufactureItemDescription />
      <UnitQty>יח`</UnitQty>
      <Quantity>800</Quantity>
      <UnitMeasure>גרם</UnitMeasure>
      <BisWeighted>0</BisWeighted>
      <QtyInPackage>1</QtyInPackage>
      <ItemPrice>23</ItemPrice>
      <UnitOfMeasurePrice>2.88</UnitOfMeasurePrice>
      <AllowDiscount>0</AllowDiscount>
      <itemStatus>1</itemStatus>
      <LastUpdateDate />
      <LastUpdateTime />
    </Product>
    <Product>
      <PriceUpdateDate>2015/04/13 11:37</PriceUpdateDate>
      <ItemCode>7290000107165</ItemCode>
      <ItemType>1</ItemType>
      <ItemName>חטיף סויה אדממה סנפרוסט (400 גרם)</ItemName>
      <ManufactureName>תנובה קפואים</ManufactureName>
      <ManufactureCountry />
      <ManufactureItemDescription />
      <UnitQty>יח`</UnitQty>
      <Quantity>400</Quantity>
      <UnitMeasure>גרם</UnitMeasure>
      <BisWeighted>0</BisWeighted>
      <QtyInPackage>1</QtyInPackage>
      <ItemPrice>14</ItemPrice>
      <UnitOfMeasurePrice>3.50</UnitOfMeasurePrice>
      <AllowDiscount>0</AllowDiscount>
      <itemStatus>1</itemStatus>
      <LastUpdateDate />
      <LastUpdateTime />
    </Product>
    <Product>
      <PriceUpdateDate>2015/04/13 11:37</PriceUpdateDate>
      <ItemCode>7290000107189</ItemCode>
      <ItemType>1</ItemType>
      <ItemName>תחתיות ארטישוק סנפרוסט (400 גרם)</ItemName>
      <ManufactureName>תנובה קפואים</ManufactureName>
      <ManufactureCountry />
      <ManufactureItemDescription />
      <UnitQty>יח`</UnitQty>
      <Quantity>400</Quantity>
      <UnitMeasure>גרם</UnitMeasure>
      <BisWeighted>0</BisWeighted>
      <QtyInPackage>1</QtyInPackage>
      <ItemPrice>22.90</ItemPrice>
      <UnitOfMeasurePrice>5.73</UnitOfMeasurePrice>
      <AllowDiscount>1</AllowDiscount>
      <itemStatus>1</itemStatus>
      <LastUpdateDate />
      <LastUpdateTime />
    </Product>
    <Product>
      <PriceUpdateDate>2016/10/14 08:00</PriceUpdateDate>
      <ItemCode>7290000107295</ItemCode>
      <ItemType>1</ItemType>
      <ItemName>ברוקולי סנפרוסט (800 גרם)</ItemName>
      <ManufactureName>תנובה קפואים</ManufactureName>
      <ManufactureCountry />
      <ManufactureItemDescription />
      <UnitQty>יח`</UnitQty>
      <Quantity>800</Quantity>
      <UnitMeasure>גרם</UnitMeasure>
      <BisWeighted>0</BisWeighted>
      <QtyInPackage>1</QtyInPackage>
      <ItemPrice>24.90</ItemPrice>
      <UnitOfMeasurePrice>3.11</UnitOfMeasurePrice>
      <AllowDiscount>1</AllowDiscount>
      <itemStatus>1</itemStatus>
      <LastUpdateDate />
      <LastUpdateTime />
    </Product>
    <Product>
      <PriceUpdateDate>2016/11/03 08:31</PriceUpdateDate>
      <ItemCode>7290000107677</ItemCode>
      <ItemType>1</ItemType>
      <ItemName>שעועית צהובה עדינה שלמה 600  גר`סנפרוסט</ItemName>
      <ManufactureName>תנובה קפואים</ManufactureName>
      <ManufactureCountry />
      <ManufactureItemDescription />
      <UnitQty>יח`</UnitQty>
      <Quantity>600</Quantity>
      <UnitMeasure>גרם</UnitMeasure>
      <BisWeighted>0</BisWeighted>
      <QtyInPackage>1</QtyInPackage>
      <ItemPrice>23</ItemPrice>
      <UnitOfMeasurePrice>3.83</UnitOfMeasurePrice>
      <AllowDiscount>0</AllowDiscount>
      <itemStatus>1</itemStatus>
      <LastUpdateDate />
      <LastUpdateTime />
    </Product>
    <Product>
      <PriceUpdateDate>2018/02/05 13:49</PriceUpdateDate>
      <ItemCode>7290000110844</ItemCode>
      <ItemType>1</ItemType>
      <ItemName>כיפלי 70 גר` גריל</ItemName>
      <ManufactureName>יוניליוור ישראל שיווק בעמ</ManufactureName>
      <ManufactureCountry />
      <ManufactureItemDescription />
      <UnitQty>יח`</UnitQty>
      <Quantity>70</Quantity>
      <UnitMeasure>גרם</UnitMeasure>
      <BisWeighted>0</BisWeighted>
      <QtyInPackage>1</QtyInPackage>
      <ItemPrice>5.90</ItemPrice>
      <UnitOfMeasurePrice>8.43</UnitOfMeasurePrice>
      <AllowDiscount>1</AllowDiscount>
      <itemStatus>1</itemStatus>
      <LastUpdateDate />
      <LastUpdateTime />
    </Product>
    <Product>
      <PriceUpdateDate>2019/11/26 11:08</PriceUpdateDate>
      <ItemCode>7290000110851</ItemCode>
      <ItemType>1</ItemType>
      <ItemName>כיפלי חטיף בטעם בצל מהדרין תלמה (70 גרם)</ItemName>
      <ManufactureName>יוניליוור ישראל שיווק בעמ</ManufactureName>
      <ManufactureCountry />
      <ManufactureItemDescription />
      <UnitQty>יח`</UnitQty>
      <Quantity>70</Quantity>
      <UnitMeasure>גרם</UnitMeasure>
      <BisWeighted>0</BisWeighted>
      <QtyInPackage>1</QtyInPackage>
      <ItemPrice>5.90</ItemPrice>
      <UnitOfMeasurePrice>8.43</UnitOfMeasurePrice>
      <AllowDiscount>1</AllowDiscount>
      <itemStatus>1</itemStatus>
      <LastUpdateDate />
      <LastUpdateTime />
    </Product>
    <Product>
      <PriceUpdateDate>2015/01/13 14:07</PriceUpdateDate>
      <ItemCode>7290000111063</ItemCode>
      <ItemType>1</ItemType>
      <ItemName>מיונז אמיתי תלמה (250 גרם)</ItemName>
      <ManufactureName>יוניליוור ישראל שיווק בעמ</ManufactureName>
      <ManufactureCountry />
      <ManufactureItemDescription />
      <UnitQty>יח`</UnitQty>
      <Quantity>250</Quantity>
      <UnitMeasure>גרם</UnitMeasure>
      <BisWeighted>0</BisWeighted>
      <QtyInPackage>1</QtyInPackage>
      <ItemPrice>5.90</ItemPrice>
      <UnitOfMeasurePrice>2.36</UnitOfMeasurePrice>
      <AllowDiscount>0</AllowDiscount>
      <itemStatus>1</itemStatus>
      <LastUpdateDate />
      <LastUpdateTime />
    </Product>
    <Product>
      <PriceUpdateDate>2019/08/18 10:55</PriceUpdateDate>
      <ItemCode>7290000111117</ItemCode>
      <ItemType>1</ItemType>
      <ItemName>מרכך כביסה לבן בדין (4 ליטר)</ItemName>
      <ManufactureName>יוניליוור ישראל שיווק בעמ</ManufactureName>
      <ManufactureCountry />
      <ManufactureItemDescription />
      <UnitQty>יח`</UnitQty>
      <Quantity>4</Quantity>
      <UnitMeasure>1 ליטר</UnitMeasure>
      <BisWeighted>0</BisWeighted>
      <QtyInPackage>1</QtyInPackage>
      <ItemPrice>19.90</ItemPrice>
      <UnitOfMeasurePrice>4.98</UnitOfMeasurePrice>
      <AllowDiscount>0</AllowDiscount>
      <itemStatus>1</itemStatus>
      <LastUpdateDate />
      <LastUpdateTime />
    </Product>
    <Product>
      <PriceUpdateDate>2019/07/17 13:21</PriceUpdateDate>
      <ItemCode>7290000111186</ItemCode>
      <ItemType>1</ItemType>
      <ItemName>מיונז אמיתי תלמה (500 גרם)</ItemName>
      <ManufactureName>יוניליוור ישראל שיווק בעמ</ManufactureName>
      <ManufactureCountry />
      <ManufactureItemDescription />
      <UnitQty>יח`</UnitQty>
      <Quantity>500</Quantity>
      <UnitMeasure>גרם</UnitMeasure>
      <BisWeighted>0</BisWeighted>
      <QtyInPackage>1</QtyInPackage>
      <ItemPrice>9.90</ItemPrice>
      <UnitOfMeasurePrice>1.98</UnitOfMeasurePrice>
      <AllowDiscount>0</AllowDiscount>
      <itemStatus>1</itemStatus>
      <LastUpdateDate />
      <LastUpdateTime />
    </Product>
    <Product>
      <PriceUpdateDate>2019/08/04 12:56</PriceUpdateDate>
      <ItemCode>7290000111353</ItemCode>
      <ItemType>1</ItemType>
      <ItemName>מיונז אמיתי תלמה (1 קג)</ItemName>
      <ManufactureName>יוניליוור ישראל שיווק בעמ</ManufactureName>
      <ManufactureCountry />
      <ManufactureItemDescription />
      <UnitQty>יח`</UnitQty>
      <Quantity>1</Quantity>
      <UnitMeasure>ק"ג</UnitMeasure>
      <BisWeighted>0</BisWeighted>
      <QtyInPackage>1</QtyInPackage>
      <ItemPrice>17.90</ItemPrice>
      <UnitOfMeasurePrice>17.90</UnitOfMeasurePrice>
      <AllowDiscount>0</AllowDiscount>
      <itemStatus>1</itemStatus>
      <LastUpdateDate />
      <LastUpdateTime />
    </Product>
    <Product>
      <PriceUpdateDate>2015/12/02 10:21</PriceUpdateDate>
      <ItemCode>7290000111360</ItemCode>
      <ItemType>1</ItemType>
      <ItemName>חרדל אמיתי תלמה (250 גרם)</ItemName>
      <ManufactureName>יוניליוור ישראל שיווק בעמ</ManufactureName>
      <ManufactureCountry />
      <ManufactureItemDescription />
      <UnitQty>יח`</UnitQty>
      <Quantity>250</Quantity>
      <UnitMeasure>גרם</UnitMeasure>
      <BisWeighted>0</BisWeighted>
      <QtyInPackage>1</QtyInPackage>
      <ItemPrice>6.90</ItemPrice>
      <UnitOfMeasurePrice>2.76</UnitOfMeasurePrice>
      <AllowDiscount>0</AllowDiscount>
      <itemStatus>1</itemStatus>
      <LastUpdateDate />
      <LastUpdateTime />
    </Product>
    <Product>
      <PriceUpdateDate>2015/12/23 17:29</PriceUpdateDate>
      <ItemCode>7290000112237</ItemCode>
      <ItemType>1</ItemType>
      <ItemName>טחינה 100% שומשום טהור בארכה (1 קג)</ItemName>
      <ManufactureName>קבוצת אסם סחר שות. מוגבלת</ManufactureName>
      <ManufactureCountry />
      <ManufactureItemDescription />
      <UnitQty>יח`</UnitQty>
      <Quantity>1000</Quantity>
      <UnitMeasure>גרם</UnitMeasure>
      <BisWeighted>0</BisWeighted>
      <QtyInPackage>1</QtyInPackage>
      <ItemPrice>24.90</ItemPrice>
      <UnitOfMeasurePrice>2.49</UnitOfMeasurePrice>
      <AllowDiscount>0</AllowDiscount>
      <itemStatus>1</itemStatus>
      <LastUpdateDate />
      <LastUpdateTime />
    </Product>
    <Product>
      <PriceUpdateDate>2017/10/29 13:09</PriceUpdateDate>
      <ItemCode>7290000112619</ItemCode>
      <ItemType>1</ItemType>
      <ItemName>מרק עוף אמיתי בשרי קנור (400 גרם)</ItemName>
      <ManufactureName>יוניליוור ישראל שיווק בעמ</ManufactureName>
      <ManufactureCountry />
      <ManufactureItemDescription />
      <UnitQty>יח`</UnitQty>
      <Quantity>400</Quantity>
      <UnitMeasure>גרם</UnitMeasure>
      <BisWeighted>0</BisWeighted>
      <QtyInPackage>1</QtyInPackage>
      <ItemPrice>25.90</ItemPrice>
      <UnitOfMeasurePrice>6.48</UnitOfMeasurePrice>
      <AllowDiscount>1</AllowDiscount>
      <itemStatus>1</itemStatus>
      <LastUpdateDate />
      <LastUpdateTime />
    </Product>
    <Product>
      <PriceUpdateDate>2018/02/05 13:49</PriceUpdateDate>
      <ItemCode>7290000113180</ItemCode>
      <ItemType>1</ItemType>
      <ItemName>כיפלי צ`יפסים מהדרין תלמה (50 גרם)</ItemName>
      <ManufactureName>יוניליוור ישראל שיווק בעמ</ManufactureName>
      <ManufactureCountry />
      <ManufactureItemDescription />
      <UnitQty>יח`</UnitQty>
      <Quantity>50</Quantity>
      <UnitMeasure>גרם</UnitMeasure>
      <BisWeighted>0</BisWeighted>
      <QtyInPackage>1</QtyInPackage>
      <ItemPrice>5.90</ItemPrice>
      <UnitOfMeasurePrice>11.80</UnitOfMeasurePrice>
      <AllowDiscount>1</AllowDiscount>
      <itemStatus>1</itemStatus>
      <LastUpdateDate />
      <LastUpdateTime />
    </Product>
    <Product>
      <PriceUpdateDate>2018/02/05 13:49</PriceUpdateDate>
      <ItemCode>7290000113203</ItemCode>
      <ItemType>1</ItemType>
      <ItemName>כיפלי צ`יפסים קטשופ תלמה (50 גרם)</ItemName>
      <ManufactureName>יוניליוור ישראל שיווק בעמ</ManufactureName>
      <ManufactureCountry />
      <ManufactureItemDescription />
      <UnitQty>יח`</UnitQty>
      <Quantity>50</Quantity>
      <UnitMeasure>גרם</UnitMeasure>
      <BisWeighted>0</BisWeighted>
      <QtyInPackage>1</QtyInPackage>
      <ItemPrice>5.90</ItemPrice>
      <UnitOfMeasurePrice>11.80</UnitOfMeasurePrice>
      <AllowDiscount>1</AllowDiscount>
      <itemStatus>1</itemStatus>
      <LastUpdateDate />
      <LastUpdateTime />
    </Product>
    <Product>
      <PriceUpdateDate>2016/05/17 08:22</PriceUpdateDate>
      <ItemCode>7290000114187</ItemCode>
      <ItemType>1</ItemType>
      <ItemName>ניקוי כללי אורנים פנטסטיק סיף (4 ליטר)</ItemName>
      <ManufactureName>יוניליוור ישראל שיווק בעמ</ManufactureName>
      <ManufactureCountry />
      <ManufactureItemDescription />
      <UnitQty>יח`</UnitQty>
      <Quantity>4000</Quantity>
      <UnitMeasure>מ"ל</UnitMeasure>
      <BisWeighted>0</BisWeighted>
      <QtyInPackage>1</QtyInPackage>
      <ItemPrice>24.90</ItemPrice>
      <UnitOfMeasurePrice>0.62</UnitOfMeasurePrice>
      <AllowDiscount>1</AllowDiscount>
      <itemStatus>1</itemStatus>
      <LastUpdateDate />
      <LastUpdateTime />
    </Product>
    <Product>
      <PriceUpdateDate>2017/06/08 11:14</PriceUpdateDate>
      <ItemCode>7290000116204</ItemCode>
      <ItemType>1</ItemType>
      <ItemName>מרק דגש זך טעם עוף קנור (1 קג)</ItemName>
      <ManufactureName>יוניליוור ישראל שיווק בעמ</ManufactureName>
      <ManufactureCountry />
      <ManufactureItemDescription />
      <UnitQty>יח`</UnitQty>
      <Quantity>1000</Quantity>
      <UnitMeasure>גרם</UnitMeasure>
      <BisWeighted>0</BisWeighted>
      <QtyInPackage>1</QtyInPackage>
      <ItemPrice>17.90</ItemPrice>
      <UnitOfMeasurePrice>1.79</UnitOfMeasurePrice>
      <AllowDiscount>1</AllowDiscount>
      <itemStatus>1</itemStatus>
      <LastUpdateDate />
      <LastUpdateTime />
    </Product>
    <Product>
      <PriceUpdateDate>2015/07/01 10:29</PriceUpdateDate>
      <ItemCode>7290000116884</ItemCode>
      <ItemType>1</ItemType>
      <ItemName>רוטב ברביקיו קנור (300 מל)</ItemName>
      <ManufactureName>יוניליוור ישראל שיווק בעמ</ManufactureName>
      <ManufactureCountry />
      <ManufactureItemDescription />
      <UnitQty>יח`</UnitQty>
      <Quantity>200</Quantity>
      <UnitMeasure>מ"ל</UnitMeasure>
      <BisWeighted>0</BisWeighted>
      <QtyInPackage>1</QtyInPackage>
      <ItemPrice>12.90</ItemPrice>
      <UnitOfMeasurePrice>6.45</UnitOfMeasurePrice>
      <AllowDiscount>1</AllowDiscount>
      <itemStatus>1</itemStatus>
      <LastUpdateDate />
      <LastUpdateTime />
    </Product>
    <Product>
      <PriceUpdateDate>2015/07/01 10:29</PriceUpdateDate>
      <ItemCode>7290000116945</ItemCode>
      <ItemType>1</ItemType>
      <ItemName>רוטב סויה קלאסי קנור (300 מל)</ItemName>
      <ManufactureName>יוניליוור ישראל שיווק בעמ</ManufactureName>
      <ManufactureCountry />
      <ManufactureItemDescription />
      <UnitQty>יח`</UnitQty>
      <Quantity>300</Quantity>
      <UnitMeasure>מ"ל</UnitMeasure>
      <BisWeighted>0</BisWeighted>
      <QtyInPackage>1</QtyInPackage>
      <ItemPrice>13.90</ItemPrice>
      <UnitOfMeasurePrice>4.63</UnitOfMeasurePrice>
      <AllowDiscount>0</AllowDiscount>
      <itemStatus>1</itemStatus>
      <LastUpdateDate />
      <LastUpdateTime />
    </Product>
    <Product>
      <PriceUpdateDate>2015/01/13 14:07</PriceUpdateDate>
      <ItemCode>7290000117171</ItemCode>
      <ItemType>1</ItemType>
      <ItemName>נמס בכוס מרק עוף דל קל</ItemName>
      <ManufactureName>יוניליוור ישראל שיווק בעמ</ManufactureName>
      <ManufactureCountry />
      <ManufactureItemDescription />
      <UnitQty>יח`</UnitQty>
      <Quantity>46</Quantity>
      <UnitMeasure>גרם</UnitMeasure>
      <BisWeighted>0</BisWeighted>
      <QtyInPackage>1</QtyInPackage>
      <ItemPrice>6.90</ItemPrice>
      <UnitOfMeasurePrice>15</UnitOfMeasurePrice>
      <AllowDiscount>0</AllowDiscount>
      <itemStatus>1</itemStatus>
      <LastUpdateDate />
      <LastUpdateTime />
    </Product>
    <Product>
      <PriceUpdateDate>2016/09/14 07:28</PriceUpdateDate>
      <ItemCode>7290000117720</ItemCode>
      <ItemType>1</ItemType>
      <ItemName>מרק נמס בכוס פטריות קנור (21.5x2 גרם)</ItemName>
      <ManufactureName>יוניליוור ישראל שיווק בעמ</ManufactureName>
      <ManufactureCountry />
      <ManufactureItemDescription />
      <UnitQty>יח`</UnitQty>
      <Quantity>43</Quantity>
      <UnitMeasure>גרם</UnitMeasure>
      <BisWeighted>0</BisWeighted>
      <QtyInPackage>1</QtyInPackage>
      <ItemPrice>6.90</ItemPrice>
      <UnitOfMeasurePrice>16.05</UnitOfMeasurePrice>
      <AllowDiscount>0</AllowDiscount>
      <itemStatus>1</itemStatus>
      <LastUpdateDate />
      <LastUpdateTime />
    </Product>
    <Product>
      <PriceUpdateDate>2016/05/31 14:59</PriceUpdateDate>
      <ItemCode>7290000120836</ItemCode>
      <ItemType>1</ItemType>
      <ItemName>מיונז אמיתי הלמנס (394 גרם)</ItemName>
      <ManufactureName>יוניליוור ישראל שיווק בעמ</ManufactureName>
      <ManufactureCountry />
      <ManufactureItemDescription />
      <UnitQty>יח`</UnitQty>
      <Quantity>433</Quantity>
      <UnitMeasure>גרם</UnitMeasure>
      <BisWeighted>0</BisWeighted>
      <QtyInPackage>1</QtyInPackage>
      <ItemPrice>12.90</ItemPrice>
      <UnitOfMeasurePrice>2.98</UnitOfMeasurePrice>
      <AllowDiscount>1</AllowDiscount>
      <itemStatus>1</itemStatus>
      <LastUpdateDate />
      <LastUpdateTime />
    </Product>
    <Product>
      <PriceUpdateDate>2015/05/27 14:41</PriceUpdateDate>
      <ItemCode>7290000120874</ItemCode>
      <ItemType>1</ItemType>
      <ItemName>מיונז לייט הלמנס (424 גרם)</ItemName>
      <ManufactureName>יוניליוור ישראל שיווק בעמ</ManufactureName>
      <ManufactureCountry />
      <ManufactureItemDescription />
      <UnitQty>יח`</UnitQty>
      <Quantity>476</Quantity>
      <UnitMeasure>גרם</UnitMeasure>
      <BisWeighted>0</BisWeighted>
      <QtyInPackage>1</QtyInPackage>
      <ItemPrice>12.90</ItemPrice>
      <UnitOfMeasurePrice>2.71</UnitOfMeasurePrice>
      <AllowDiscount>1</AllowDiscount>
      <itemStatus>1</itemStatus>
      <LastUpdateDate />
      <LastUpdateTime />
    </Product>
    <Product>
      <PriceUpdateDate>2015/01/18 12:37</PriceUpdateDate>
      <ItemCode>7290000121031</ItemCode>
      <ItemType>1</ItemType>
      <ItemName>גבינה חתול 120ג</ItemName>
      <ManufactureName>נטו מלינדה סחר בעמ</ManufactureName>
      <ManufactureCountry />
      <ManufactureItemDescription />
      <UnitQty>יח`</UnitQty>
      <Quantity>120</Quantity>
      <UnitMeasure>גרם</UnitMeasure>
      <BisWeighted>0</BisWeighted>
      <QtyInPackage>1</QtyInPackage>
      <ItemPrice>10.90</ItemPrice>
      <UnitOfMeasurePrice>9.08</UnitOfMeasurePrice>
      <AllowDiscount>1</AllowDiscount>
      <itemStatus>1</itemStatus>
      <LastUpdateDate />
      <LastUpdateTime />
    </Product>
    <Product>
      <PriceUpdateDate>2014/06/02 15:47</PriceUpdateDate>
      <ItemCode>7290000121093</ItemCode>
      <ItemType>1</ItemType>
      <ItemName>מון בלאן שויצרית</ItemName>
      <ManufactureName>נטו מלינדה סחר בעמ</ManufactureName>
      <ManufactureCountry />
      <ManufactureItemDescription />
      <UnitQty>יח`</UnitQty>
      <Quantity>120</Quantity>
      <UnitMeasure>גרם</UnitMeasure>
      <BisWeighted>0</BisWeighted>
      <QtyInPackage>1</QtyInPackage>
      <ItemPrice>11.60</ItemPrice>
      <UnitOfMeasurePrice>9.67</UnitOfMeasurePrice>
      <AllowDiscount>1</AllowDiscount>
      <itemStatus>1</itemStatus>
      <LastUpdateDate />
      <LastUpdateTime />
    </Product>
    <Product>
      <PriceUpdateDate>2014/06/02 15:47</PriceUpdateDate>
      <ItemCode>7290000121109</ItemCode>
      <ItemType>1</ItemType>
      <ItemName>מון בלאן זיתים</ItemName>
      <ManufactureName>נטו מלינדה סחר בעמ</ManufactureName>
      <ManufactureCountry />
      <ManufactureItemDescription />
      <UnitQty>יח`</UnitQty>
      <Quantity>120</Quantity>
      <UnitMeasure>גרם</UnitMeasure>
      <BisWeighted>0</BisWeighted>
      <QtyInPackage>1</QtyInPackage>
      <ItemPrice>12.60</ItemPrice>
      <UnitOfMeasurePrice>10.50</UnitOfMeasurePrice>
      <AllowDiscount>1</AllowDiscount>
      <itemStatus>1</itemStatus>
      <LastUpdateDate />
      <LastUpdateTime />
    </Product>
    <Product>
      <PriceUpdateDate>2015/07/01 10:29</PriceUpdateDate>
      <ItemCode>7290000122687</ItemCode>
      <ItemType>1</ItemType>
      <ItemName>סירופ בטעם שוקולד אפיכל (600 גרם)</ItemName>
      <ManufactureName>יוניליוור ישראל שיווק בעמ</ManufactureName>
      <ManufactureCountry />
      <ManufactureItemDescription />
      <UnitQty>יח`</UnitQty>
      <Quantity>600</Quantity>
      <UnitMeasure>מ"ל</UnitMeasure>
      <BisWeighted>0</BisWeighted>
      <QtyInPackage>1</QtyInPackage>
      <ItemPrice>14.90</ItemPrice>
      <UnitOfMeasurePrice>2.48</UnitOfMeasurePrice>
      <AllowDiscount>0</AllowDiscount>
      <itemStatus>1</itemStatus>
      <LastUpdateDate />
      <LastUpdateTime />
    </Product>
    <Product>
      <PriceUpdateDate>2015/07/01 10:29</PriceUpdateDate>
      <ItemCode>7290000122830</ItemCode>
      <ItemType>1</ItemType>
      <ItemName>רוטב סצ`ואן קנור (300 מל)</ItemName>
      <ManufactureName>יוניליוור ישראל שיווק בעמ</ManufactureName>
      <ManufactureCountry />
      <ManufactureItemDescription />
      <UnitQty>יח`</UnitQty>
      <Quantity>300</Quantity>
      <UnitMeasure>מ"ל</UnitMeasure>
      <BisWeighted>0</BisWeighted>
      <QtyInPackage>1</QtyInPackage>
      <ItemPrice>12.90</ItemPrice>
      <UnitOfMeasurePrice>4.30</UnitOfMeasurePrice>
      <AllowDiscount>1</AllowDiscount>
      <itemStatus>1</itemStatus>
      <LastUpdateDate />
      <LastUpdateTime />
    </Product>
    <Product>
      <PriceUpdateDate>2015/03/01 19:12</PriceUpdateDate>
      <ItemCode>7290000123363</ItemCode>
      <ItemType>1</ItemType>
      <ItemName>שוקולד לבישול צימקאו אפיכל (500 גרם)</ItemName>
      <ManufactureName>יוניליוור ישראל שיווק בעמ</ManufactureName>
      <ManufactureCountry />
      <ManufactureItemDescription />
      <UnitQty>יח`</UnitQty>
      <Quantity>500</Quantity>
      <UnitMeasure>גרם</UnitMeasure>
      <BisWeighted>0</BisWeighted>
      <QtyInPackage>1</QtyInPackage>
      <ItemPrice>16.90</ItemPrice>
      <UnitOfMeasurePrice>3.38</UnitOfMeasurePrice>
      <AllowDiscount>0</AllowDiscount>
      <itemStatus>1</itemStatus>
      <LastUpdateDate />
      <LastUpdateTime />
    </Product>
    <Product>
      <PriceUpdateDate>2015/12/04 08:33</PriceUpdateDate>
      <ItemCode>7290000129457</ItemCode>
      <ItemType>1</ItemType>
      <ItemName>רוטב פטריות קנור (28 גרם)</ItemName>
      <ManufactureName>יוניליוור ישראל שיווק בעמ</ManufactureName>
      <ManufactureCountry />
      <ManufactureItemDescription />
      <UnitQty>יח`</UnitQty>
      <Quantity>28</Quantity>
      <UnitMeasure>גרם</UnitMeasure>
      <BisWeighted>0</BisWeighted>
      <QtyInPackage>1</QtyInPackage>
      <ItemPrice>4.90</ItemPrice>
      <UnitOfMeasurePrice>17.50</UnitOfMeasurePrice>
      <AllowDiscount>0</AllowDiscount>
      <itemStatus>1</itemStatus>
      <LastUpdateDate />
      <LastUpdateTime />
    </Product>
    <Product>
      <PriceUpdateDate>2019/08/18 10:55</PriceUpdateDate>
      <ItemCode>7290000129785</ItemCode>
      <ItemType>1</ItemType>
      <ItemName>מרכך כביסה ירוק בדין (4 ליטר)</ItemName>
      <ManufactureName>יוניליוור ישראל שיווק בעמ</ManufactureName>
      <ManufactureCountry />
      <ManufactureItemDescription />
      <UnitQty>יח`</UnitQty>
      <Quantity>4</Quantity>
      <UnitMeasure>1 ליטר</UnitMeasure>
      <BisWeighted>0</BisWeighted>
      <QtyInPackage>1</QtyInPackage>
      <ItemPrice>19.90</ItemPrice>
      <UnitOfMeasurePrice>4.98</UnitOfMeasurePrice>
      <AllowDiscount>0</AllowDiscount>
      <itemStatus>1</itemStatus>
      <LastUpdateDate />
      <LastUpdateTime />
    </Product>
    <Product>
      <PriceUpdateDate>2018/01/10 11:24</PriceUpdateDate>
      <ItemCode>7290000133645</ItemCode>
      <ItemType>1</ItemType>
      <ItemName>מש.שיניים אורביטול שלישיה</ItemName>
      <ManufactureName>החברה הדרומית לשיווק בעמ</ManufactureName>
      <ManufactureCountry />
      <ManufactureItemDescription />
      <UnitQty>יח`</UnitQty>
      <Quantity>435</Quantity>
      <UnitMeasure>גרם</UnitMeasure>
      <BisWeighted>0</BisWeighted>
      <QtyInPackage>1</QtyInPackage>
      <ItemPrice>19.90</ItemPrice>
      <UnitOfMeasurePrice>4.57</UnitOfMeasurePrice>
      <AllowDiscount>1</AllowDiscount>
      <itemStatus>1</itemStatus>
      <LastUpdateDate />
      <LastUpdateTime />
    </Product>
    <Product>
      <PriceUpdateDate>2018/02/14 14:08</PriceUpdateDate>
      <ItemCode>7290000134147</ItemCode>
      <ItemType>1</ItemType>
      <ItemName>מוסקט טחון 40 גר`</ItemName>
      <ManufactureName>תבליני טעם וריח בעמ</ManufactureName>
      <ManufactureCountry />
      <ManufactureItemDescription />
      <UnitQty>יח`</UnitQty>
      <Quantity>40</Quantity>
      <UnitMeasure>גרם</UnitMeasure>
      <BisWeighted>0</BisWeighted>
      <QtyInPackage>1</QtyInPackage>
      <ItemPrice>12.90</ItemPrice>
      <UnitOfMeasurePrice>32.25</UnitOfMeasurePrice>
      <AllowDiscount>0</AllowDiscount>
      <itemStatus>1</itemStatus>
      <LastUpdateDate />
      <LastUpdateTime />
    </Product>
    <Product>
      <PriceUpdateDate>2018/02/14 14:08</PriceUpdateDate>
      <ItemCode>7290000134307</ItemCode>
      <ItemType>1</ItemType>
      <ItemName>קינמון טחון 50 גר`</ItemName>
      <ManufactureName>תבליני טעם וריח בעמ</ManufactureName>
      <ManufactureCountry />
      <ManufactureItemDescription />
      <UnitQty>יח`</UnitQty>
      <Quantity>50</Quantity>
      <UnitMeasure>גרם</UnitMeasure>
      <BisWeighted>0</BisWeighted>
      <QtyInPackage>1</QtyInPackage>
      <ItemPrice>5.90</ItemPrice>
      <UnitOfMeasurePrice>11.80</UnitOfMeasurePrice>
      <AllowDiscount>1</AllowDiscount>
      <itemStatus>1</itemStatus>
      <LastUpdateDate />
      <LastUpdateTime />
    </Product>
    <Product>
      <PriceUpdateDate>2018/02/14 14:08</PriceUpdateDate>
      <ItemCode>7290000134338</ItemCode>
      <ItemType>1</ItemType>
      <ItemName>שום אבקה 90 גר`</ItemName>
      <ManufactureName>תבליני טעם וריח בעמ</ManufactureName>
      <ManufactureCountry />
      <ManufactureItemDescription />
      <UnitQty>יח`</UnitQty>
      <Quantity>90</Quantity>
      <UnitMeasure>גרם</UnitMeasure>
      <BisWeighted>0</BisWeighted>
      <QtyInPackage>1</QtyInPackage>
      <ItemPrice>8.90</ItemPrice>
      <UnitOfMeasurePrice>9.89</UnitOfMeasurePrice>
      <AllowDiscount>0</AllowDiscount>
      <itemStatus>1</itemStatus>
      <LastUpdateDate />
      <LastUpdateTime />
    </Product>
    <Product>
      <PriceUpdateDate>2018/02/15 13:21</PriceUpdateDate>
      <ItemCode>7290000134352</ItemCode>
      <ItemType>1</ItemType>
      <ItemName>קינמון טחון 90 גר`</ItemName>
      <ManufactureName>תבליני טעם וריח בעמ</ManufactureName>
      <ManufactureCountry />
      <ManufactureItemDescription />
      <UnitQty>יח`</UnitQty>
      <Quantity>90</Quantity>
      <UnitMeasure>גרם</UnitMeasure>
      <BisWeighted>0</BisWeighted>
      <QtyInPackage>1</QtyInPackage>
      <ItemPrice>8.90</ItemPrice>
      <UnitOfMeasurePrice>9.89</UnitOfMeasurePrice>
      <AllowDiscount>0</AllowDiscount>
      <itemStatus>1</itemStatus>
      <LastUpdateDate />
      <LastUpdateTime />
    </Product>
    <Product>
      <PriceUpdateDate>2018/02/14 14:08</PriceUpdateDate>
      <ItemCode>7290000134673</ItemCode>
      <ItemType>1</ItemType>
      <ItemName>זנגביל 30 גר`</ItemName>
      <ManufactureName>תבליני טעם וריח בעמ</ManufactureName>
      <ManufactureCountry />
      <ManufactureItemDescription />
      <UnitQty>יח`</UnitQty>
      <Quantity>30</Quantity>
      <UnitMeasure>גרם</UnitMeasure>
      <BisWeighted>0</BisWeighted>
      <QtyInPackage>1</QtyInPackage>
      <ItemPrice>5.90</ItemPrice>
      <UnitOfMeasurePrice>19.67</UnitOfMeasurePrice>
      <AllowDiscount>0</AllowDiscount>
      <itemStatus>1</itemStatus>
      <LastUpdateDate />
      <LastUpdateTime />
    </Product>
    <Product>
      <PriceUpdateDate>2018/02/15 13:21</PriceUpdateDate>
      <ItemCode>7290000134758</ItemCode>
      <ItemType>1</ItemType>
      <ItemName>תיבול לתפוא 100 גר`</ItemName>
      <ManufactureName>תבליני טעם וריח בעמ</ManufactureName>
      <ManufactureCountry />
      <ManufactureItemDescription />
      <UnitQty>יח`</UnitQty>
      <Quantity>100</Quantity>
      <UnitMeasure>גרם</UnitMeasure>
      <BisWeighted>0</BisWeighted>
      <QtyInPackage>1</QtyInPackage>
      <ItemPrice>8.90</ItemPrice>
      <UnitOfMeasurePrice>8.90</UnitOfMeasurePrice>
      <AllowDiscount>0</AllowDiscount>
      <itemStatus>1</itemStatus>
      <LastUpdateDate />
      <LastUpdateTime />
    </Product>
    <Product>
      <PriceUpdateDate>2018/02/14 14:08</PriceUpdateDate>
      <ItemCode>7290000134826</ItemCode>
      <ItemType>1</ItemType>
      <ItemName>זעתר מעורב 100 גר`</ItemName>
      <ManufactureName>תבליני טעם וריח בעמ</ManufactureName>
      <ManufactureCountry />
      <ManufactureItemDescription />
      <UnitQty>יח`</UnitQty>
      <Quantity>100</Quantity>
      <UnitMeasure>גרם</UnitMeasure>
      <BisWeighted>0</BisWeighted>
      <QtyInPackage>1</QtyInPackage>
      <ItemPrice>8.90</ItemPrice>
      <UnitOfMeasurePrice>8.90</UnitOfMeasurePrice>
      <AllowDiscount>0</AllowDiscount>
      <itemStatus>1</itemStatus>
      <LastUpdateDate />
      <LastUpdateTime />
    </Product>
    <Product>
      <PriceUpdateDate>2018/02/14 14:08</PriceUpdateDate>
      <ItemCode>7290000134833</ItemCode>
      <ItemType>1</ItemType>
      <ItemName>כמון טחון 100 גר`</ItemName>
      <ManufactureName>תבליני טעם וריח בעמ</ManufactureName>
      <ManufactureCountry />
      <ManufactureItemDescription />
      <UnitQty>יח`</UnitQty>
      <Quantity>100</Quantity>
      <UnitMeasure>גרם</UnitMeasure>
      <BisWeighted>0</BisWeighted>
      <QtyInPackage>1</QtyInPackage>
      <ItemPrice>8.90</ItemPrice>
      <UnitOfMeasurePrice>8.90</UnitOfMeasurePrice>
      <AllowDiscount>0</AllowDiscount>
      <itemStatus>1</itemStatus>
      <LastUpdateDate />
      <LastUpdateTime />
    </Product>
    <Product>
      <PriceUpdateDate>2018/02/15 13:21</PriceUpdateDate>
      <ItemCode>7290000134840</ItemCode>
      <ItemType>1</ItemType>
      <ItemName>כורכום טחון 100 גר`</ItemName>
      <ManufactureName>תבליני טעם וריח בעמ</ManufactureName>
      <ManufactureCountry />
      <ManufactureItemDescription />
      <UnitQty>יח`</UnitQty>
      <Quantity>100</Quantity>
      <UnitMeasure>גרם</UnitMeasure>
      <BisWeighted>0</BisWeighted>
      <QtyInPackage>1</QtyInPackage>
      <ItemPrice>8.90</ItemPrice>
      <UnitOfMeasurePrice>8.90</UnitOfMeasurePrice>
      <AllowDiscount>0</AllowDiscount>
      <itemStatus>1</itemStatus>
      <LastUpdateDate />
      <LastUpdateTime />
    </Product>
    <Product>
      <PriceUpdateDate>2018/02/15 13:21</PriceUpdateDate>
      <ItemCode>7290000134857</ItemCode>
      <ItemType>1</ItemType>
      <ItemName>פפריקה מתוקה 100 גר`</ItemName>
      <ManufactureName>תבליני טעם וריח בעמ</ManufactureName>
      <ManufactureCountry />
      <ManufactureItemDescription />
      <UnitQty>יח`</UnitQty>
      <Quantity>100</Quantity>
      <UnitMeasure>גרם</UnitMeasure>
      <BisWeighted>0</BisWeighted>
      <QtyInPackage>1</QtyInPackage>
      <ItemPrice>8.90</ItemPrice>
      <UnitOfMeasurePrice>8.90</UnitOfMeasurePrice>
      <AllowDiscount>0</AllowDiscount>
      <itemStatus>1</itemStatus>
      <LastUpdateDate />
      <LastUpdateTime />
    </Product>
    <Product>
      <PriceUpdateDate>2018/02/14 14:08</PriceUpdateDate>
      <ItemCode>7290000134864</ItemCode>
      <ItemType>1</ItemType>
      <ItemName>פפריקה חריפה 100 גר`</ItemName>
      <ManufactureName>תבליני טעם וריח בעמ</ManufactureName>
      <ManufactureCountry />
      <ManufactureItemDescription />
      <UnitQty>יח`</UnitQty>
      <Quantity>100</Quantity>
      <UnitMeasure>גרם</UnitMeasure>
      <BisWeighted>0</BisWeighted>
      <QtyInPackage>1</QtyInPackage>
      <ItemPrice>8.90</ItemPrice>
      <UnitOfMeasurePrice>8.90</UnitOfMeasurePrice>
      <AllowDiscount>0</AllowDiscount>
      <itemStatus>1</itemStatus>
      <LastUpdateDate />
      <LastUpdateTime />
    </Product>
    <Product>
      <PriceUpdateDate>2018/02/15 13:21</PriceUpdateDate>
      <ItemCode>7290000134871</ItemCode>
      <ItemType>1</ItemType>
      <ItemName>פלפל שחור טחון 100 גר`</ItemName>
      <ManufactureName>תבליני טעם וריח בעמ</ManufactureName>
      <ManufactureCountry />
      <ManufactureItemDescription />
      <UnitQty>יח`</UnitQty>
      <Quantity>100</Quantity>
      <UnitMeasure>גרם</UnitMeasure>
      <BisWeighted>0</BisWeighted>
      <QtyInPackage>1</QtyInPackage>
      <ItemPrice>11.90</ItemPrice>
      <UnitOfMeasurePrice>11.90</UnitOfMeasurePrice>
      <AllowDiscount>0</AllowDiscount>
      <itemStatus>1</itemStatus>
      <LastUpdateDate />
      <LastUpdateTime />
    </Product>
    <Product>
      <PriceUpdateDate>2018/02/14 14:08</PriceUpdateDate>
      <ItemCode>7290000134970</ItemCode>
      <ItemType>1</ItemType>
      <ItemName>חוואיג` 100 גר`</ItemName>
      <ManufactureName>תבליני טעם וריח בעמ</ManufactureName>
      <ManufactureCountry />
      <ManufactureItemDescription />
      <UnitQty>יח`</UnitQty>
      <Quantity>100</Quantity>
      <UnitMeasure>גרם</UnitMeasure>
      <BisWeighted>0</BisWeighted>
      <QtyInPackage>1</QtyInPackage>
      <ItemPrice>8.90</ItemPrice>
      <UnitOfMeasurePrice>8.90</UnitOfMeasurePrice>
      <AllowDiscount>0</AllowDiscount>
      <itemStatus>1</itemStatus>
      <LastUpdateDate />
      <LastUpdateTime />
    </Product>
    <Product>
      <PriceUpdateDate>2018/02/14 14:08</PriceUpdateDate>
      <ItemCode>7290000134987</ItemCode>
      <ItemType>1</ItemType>
      <ItemName>פלפל שחור גרוס 90 גר`</ItemName>
      <ManufactureName>תבליני טעם וריח בעמ</ManufactureName>
      <ManufactureCountry />
      <ManufactureItemDescription />
      <UnitQty>יח`</UnitQty>
      <Quantity>90</Quantity>
      <UnitMeasure>גרם</UnitMeasure>
      <BisWeighted>0</BisWeighted>
      <QtyInPackage>1</QtyInPackage>
      <ItemPrice>11.90</ItemPrice>
      <UnitOfMeasurePrice>13.22</UnitOfMeasurePrice>
      <AllowDiscount>0</AllowDiscount>
      <itemStatus>1</itemStatus>
      <LastUpdateDate />
      <LastUpdateTime />
    </Product>
    <Product>
      <PriceUpdateDate>2018/02/14 14:08</PriceUpdateDate>
      <ItemCode>7290000134994</ItemCode>
      <ItemType>1</ItemType>
      <ItemName>טימין 20 גר`</ItemName>
      <ManufactureName>תבליני טעם וריח בעמ</ManufactureName>
      <ManufactureCountry />
      <ManufactureItemDescription />
      <UnitQty>יח`</UnitQty>
      <Quantity>20</Quantity>
      <UnitMeasure>גרם</UnitMeasure>
      <BisWeighted>0</BisWeighted>
      <QtyInPackage>1</QtyInPackage>
      <ItemPrice>5.90</ItemPrice>
      <UnitOfMeasurePrice>29.50</UnitOfMeasurePrice>
      <AllowDiscount>0</AllowDiscount>
      <itemStatus>1</itemStatus>
      <LastUpdateDate />
      <LastUpdateTime />
    </Product>
    <Product>
      <PriceUpdateDate>2019/12/15 12:31</PriceUpdateDate>
      <ItemCode>7290000135113</ItemCode>
      <ItemType>1</ItemType>
      <ItemName>משקה אנרגיה אקסל נענע ליים (250 מל)</ItemName>
      <ManufactureName>טמפו משקאות בעמ</ManufactureName>
      <ManufactureCountry />
      <ManufactureItemDescription />
      <UnitQty>יח`</UnitQty>
      <Quantity>250</Quantity>
      <UnitMeasure>מ"ל</UnitMeasure>
      <BisWeighted>0</BisWeighted>
      <QtyInPackage>1</QtyInPackage>
      <ItemPrice>4.50</ItemPrice>
      <UnitOfMeasurePrice>1.68</UnitOfMeasurePrice>
      <AllowDiscount>1</AllowDiscount>
      <itemStatus>1</itemStatus>
      <LastUpdateDate />
      <LastUpdateTime />
    </Product>
    <Product>
      <PriceUpdateDate>2016/01/25 08:15</PriceUpdateDate>
      <ItemCode>7290000136721</ItemCode>
      <ItemType>1</ItemType>
      <ItemName>משקה קל תפוזים ג`אמפ (1.5 ליטר)</ItemName>
      <ManufactureName>טמפו משקאות בעמ</ManufactureName>
      <ManufactureCountry />
      <ManufactureItemDescription />
      <UnitQty>יח`</UnitQty>
      <Quantity>1500</Quantity>
      <UnitMeasure>מ"ל</UnitMeasure>
      <BisWeighted>0</BisWeighted>
      <QtyInPackage>1</QtyInPackage>
      <ItemPrice>5.50</ItemPrice>
      <UnitOfMeasurePrice>0.37</UnitOfMeasurePrice>
      <AllowDiscount>1</AllowDiscount>
      <itemStatus>1</itemStatus>
      <LastUpdateDate />
      <LastUpdateTime />
    </Product>
    <Product>
      <PriceUpdateDate>2016/01/25 08:15</PriceUpdateDate>
      <ItemCode>7290000136738</ItemCode>
      <ItemType>1</ItemType>
      <ItemName>משקה קל אשכוליות ג`אמפ (1.5 ליטר)</ItemName>
      <ManufactureName>טמפו משקאות בעמ</ManufactureName>
      <ManufactureCountry />
      <ManufactureItemDescription />
      <UnitQty>יח`</UnitQty>
      <Quantity>1500</Quantity>
      <UnitMeasure>מ"ל</UnitMeasure>
      <BisWeighted>0</BisWeighted>
      <QtyInPackage>1</QtyInPackage>
      <ItemPrice>5.50</ItemPrice>
      <UnitOfMeasurePrice>0.37</UnitOfMeasurePrice>
      <AllowDiscount>1</AllowDiscount>
      <itemStatus>1</itemStatus>
      <LastUpdateDate />
      <LastUpdateTime />
    </Product>
    <Product>
      <PriceUpdateDate>2015/07/05 15:28</PriceUpdateDate>
      <ItemCode>7290000137513</ItemCode>
      <ItemType>1</ItemType>
      <ItemName>קרמיסימו גלידונית 60 יח`</ItemName>
      <ManufactureName>גלידות שטראוס בעמ</ManufactureName>
      <ManufactureCountry />
      <ManufactureItemDescription />
      <UnitQty>יח`</UnitQty>
      <Quantity>700</Quantity>
      <UnitMeasure>גרם</UnitMeasure>
      <BisWeighted>0</BisWeighted>
      <QtyInPackage>1</QtyInPackage>
      <ItemPrice>47.90</ItemPrice>
      <UnitOfMeasurePrice>6.84</UnitOfMeasurePrice>
      <AllowDiscount>1</AllowDiscount>
      <itemStatus>1</itemStatus>
      <LastUpdateDate />
      <LastUpdateTime />
    </Product>
    <Product>
      <PriceUpdateDate>2015/01/28 12:31</PriceUpdateDate>
      <ItemCode>7290000137643</ItemCode>
      <ItemType>1</ItemType>
      <ItemName>מאגדת-טעמקור 8 יח`</ItemName>
      <ManufactureName>גלידות שטראוס בעמ</ManufactureName>
      <ManufactureCountry />
      <ManufactureItemDescription />
      <UnitQty>יח`</UnitQty>
      <Quantity>1</Quantity>
      <UnitMeasure />
      <BisWeighted>0</BisWeighted>
      <QtyInPackage>1</QtyInPackage>
      <ItemPrice>37.90</ItemPrice>
      <UnitOfMeasurePrice>37.90</UnitOfMeasurePrice>
      <AllowDiscount>1</AllowDiscount>
      <itemStatus>1</itemStatus>
      <LastUpdateDate />
      <LastUpdateTime />
    </Product>
    <Product>
      <PriceUpdateDate>2017/03/30 08:34</PriceUpdateDate>
      <ItemCode>7290000143187</ItemCode>
      <ItemType>1</ItemType>
      <ItemName>שמפו ומרכך לגבר הוואי (700 מל)</ItemName>
      <ManufactureName>הנקל סוד בעמ</ManufactureName>
      <ManufactureCountry />
      <ManufactureItemDescription />
      <UnitQty>יח`</UnitQty>
      <Quantity>700</Quantity>
      <UnitMeasure>מ"ל</UnitMeasure>
      <BisWeighted>0</BisWeighted>
      <QtyInPackage>1</QtyInPackage>
      <ItemPrice>8.90</ItemPrice>
      <UnitOfMeasurePrice>1.27</UnitOfMeasurePrice>
      <AllowDiscount>0</AllowDiscount>
      <itemStatus>1</itemStatus>
      <LastUpdateDate />
      <LastUpdateTime />
    </Product>
    <Product>
      <PriceUpdateDate>2017/03/30 08:34</PriceUpdateDate>
      <ItemCode>7290000143200</ItemCode>
      <ItemType>1</ItemType>
      <ItemName>מרכך לשיער יבש הוואי (700 מל)</ItemName>
      <ManufactureName>הנקל סוד בעמ</ManufactureName>
      <ManufactureCountry />
      <ManufactureItemDescription />
      <UnitQty>יח`</UnitQty>
      <Quantity>700</Quantity>
      <UnitMeasure>מ"ל</UnitMeasure>
      <BisWeighted>0</BisWeighted>
      <QtyInPackage>1</QtyInPackage>
      <ItemPrice>8.90</ItemPrice>
      <UnitOfMeasurePrice>1.27</UnitOfMeasurePrice>
      <AllowDiscount>0</AllowDiscount>
      <itemStatus>1</itemStatus>
      <LastUpdateDate />
      <LastUpdateTime />
    </Product>
    <Product>
      <PriceUpdateDate>2017/03/30 08:34</PriceUpdateDate>
      <ItemCode>7290000143217</ItemCode>
      <ItemType>1</ItemType>
      <ItemName>הוואי שמפו לשיער יבש 700 מל כחול</ItemName>
      <ManufactureName>הנקל סוד בעמ</ManufactureName>
      <ManufactureCountry />
      <ManufactureItemDescription />
      <UnitQty>יח`</UnitQty>
      <Quantity>700</Quantity>
      <UnitMeasure>מ"ל</UnitMeasure>
      <BisWeighted>0</BisWeighted>
      <QtyInPackage>1</QtyInPackage>
      <ItemPrice>8.90</ItemPrice>
      <UnitOfMeasurePrice>1.27</UnitOfMeasurePrice>
      <AllowDiscount>0</AllowDiscount>
      <itemStatus>1</itemStatus>
      <LastUpdateDate />
      <LastUpdateTime />
    </Product>
    <Product>
      <PriceUpdateDate>2017/03/30 08:34</PriceUpdateDate>
      <ItemCode>7290000143255</ItemCode>
      <ItemType>1</ItemType>
      <ItemName>הוואי שמפו לשיער רגיל 700 מל ירוק</ItemName>
      <ManufactureName>הנקל סוד בעמ</ManufactureName>
      <ManufactureCountry />
      <ManufactureItemDescription />
      <UnitQty>יח`</UnitQty>
      <Quantity>700</Quantity>
      <UnitMeasure>מ"ל</UnitMeasure>
      <BisWeighted>0</BisWeighted>
      <QtyInPackage>1</QtyInPackage>
      <ItemPrice>8.90</ItemPrice>
      <UnitOfMeasurePrice>1.27</UnitOfMeasurePrice>
      <AllowDiscount>0</AllowDiscount>
      <itemStatus>1</itemStatus>
      <LastUpdateDate />
      <LastUpdateTime />
    </Product>
    <Product>
      <PriceUpdateDate>2017/03/30 08:34</PriceUpdateDate>
      <ItemCode>7290000143262</ItemCode>
      <ItemType>1</ItemType>
      <ItemName>הוואי שמפו 700 מל ילדים</ItemName>
      <ManufactureName>הנקל סוד בעמ</ManufactureName>
      <ManufactureCountry />
      <ManufactureItemDescription />
      <UnitQty>יח`</UnitQty>
      <Quantity>700</Quantity>
      <UnitMeasure>מ"ל</UnitMeasure>
      <BisWeighted>0</BisWeighted>
      <QtyInPackage>1</QtyInPackage>
      <ItemPrice>8.90</ItemPrice>
      <UnitOfMeasurePrice>1.27</UnitOfMeasurePrice>
      <AllowDiscount>0</AllowDiscount>
      <itemStatus>1</itemStatus>
      <LastUpdateDate />
      <LastUpdateTime />
    </Product>
    <Product>
      <PriceUpdateDate>2017/03/30 08:34</PriceUpdateDate>
      <ItemCode>7290000143279</ItemCode>
      <ItemType>1</ItemType>
      <ItemName>שמפו למניעת קשקשים הוואי (700 מל)</ItemName>
      <ManufactureName>הנקל סוד בעמ</ManufactureName>
      <ManufactureCountry />
      <ManufactureItemDescription />
      <UnitQty>יח`</UnitQty>
      <Quantity>700</Quantity>
      <UnitMeasure>מ"ל</UnitMeasure>
      <BisWeighted>0</BisWeighted>
      <QtyInPackage>1</QtyInPackage>
      <ItemPrice>8.90</ItemPrice>
      <UnitOfMeasurePrice>1.27</UnitOfMeasurePrice>
      <AllowDiscount>0</AllowDiscount>
      <itemStatus>1</itemStatus>
      <LastUpdateDate />
      <LastUpdateTime />
    </Product>
    <Product>
      <PriceUpdateDate>2017/03/30 08:34</PriceUpdateDate>
      <ItemCode>7290000143286</ItemCode>
      <ItemType>1</ItemType>
      <ItemName>הוואי מרכך לשיער רגיל 700 מל ירוק</ItemName>
      <ManufactureName>הנקל סוד בעמ</ManufactureName>
      <ManufactureCountry />
      <ManufactureItemDescription />
      <UnitQty>יח`</UnitQty>
      <Quantity>700</Quantity>
      <UnitMeasure>מ"ל</UnitMeasure>
      <BisWeighted>0</BisWeighted>
      <QtyInPackage>1</QtyInPackage>
      <ItemPrice>8.90</ItemPrice>
      <UnitOfMeasurePrice>1.27</UnitOfMeasurePrice>
      <AllowDiscount>0</AllowDiscount>
      <itemStatus>1</itemStatus>
      <LastUpdateDate />
      <LastUpdateTime />
    </Product>
    <Product>
      <PriceUpdateDate>2015/12/03 14:37</PriceUpdateDate>
      <ItemCode>7290000144160</ItemCode>
      <ItemType>1</ItemType>
      <ItemName>שמן זית כתית מעולה 750 מל עץ הזית</ItemName>
      <ManufactureName>שמן תעשיות בעמ</ManufactureName>
      <ManufactureCountry />
      <ManufactureItemDescription />
      <UnitQty>יח`</UnitQty>
      <Quantity>750</Quantity>
      <UnitMeasure>מ"ל</UnitMeasure>
      <BisWeighted>0</BisWeighted>
      <QtyInPackage>1</QtyInPackage>
      <ItemPrice>34.90</ItemPrice>
      <UnitOfMeasurePrice>4.65</UnitOfMeasurePrice>
      <AllowDiscount>1</AllowDiscount>
      <itemStatus>1</itemStatus>
      <LastUpdateDate />
      <LastUpdateTime />
    </Product>
    <Product>
      <PriceUpdateDate>2015/03/05 10:01</PriceUpdateDate>
      <ItemCode>7290000144467</ItemCode>
      <ItemType>1</ItemType>
      <ItemName>שמן חמניות מזוכך עץ הזית (1 ליטר)</ItemName>
      <ManufactureName>שמן תעשיות בעמ</ManufactureName>
      <ManufactureCountry />
      <ManufactureItemDescription />
      <UnitQty>יח`</UnitQty>
      <Quantity>1</Quantity>
      <UnitMeasure>1 ליטר</UnitMeasure>
      <BisWeighted>0</BisWeighted>
      <QtyInPackage>1</QtyInPackage>
      <ItemPrice>16.90</ItemPrice>
      <UnitOfMeasurePrice>16.90</UnitOfMeasurePrice>
      <AllowDiscount>0</AllowDiscount>
      <itemStatus>1</itemStatus>
      <LastUpdateDate />
      <LastUpdateTime />
    </Product>
    <Product>
      <PriceUpdateDate>2015/04/14 09:31</PriceUpdateDate>
      <ItemCode>7290000144474</ItemCode>
      <ItemType>1</ItemType>
      <ItemName>שמן קנולה מזוכך עץ הזית (1 ליטר)</ItemName>
      <ManufactureName>שמן תעשיות בעמ</ManufactureName>
      <ManufactureCountry />
      <ManufactureItemDescription />
      <UnitQty>יח`</UnitQty>
      <Quantity>1</Quantity>
      <UnitMeasure>1 ליטר</UnitMeasure>
      <BisWeighted>0</BisWeighted>
      <QtyInPackage>1</QtyInPackage>
      <ItemPrice>13.90</ItemPrice>
      <UnitOfMeasurePrice>13.90</UnitOfMeasurePrice>
      <AllowDiscount>0</AllowDiscount>
      <itemStatus>1</itemStatus>
      <LastUpdateDate />
      <LastUpdateTime />
    </Product>
    <Product>
      <PriceUpdateDate>2015/03/05 10:01</PriceUpdateDate>
      <ItemCode>7290000144825</ItemCode>
      <ItemType>1</ItemType>
      <ItemName>שמן קנולה פלוס אומגה 9 עץ הזית (1 ליטר)</ItemName>
      <ManufactureName>שמן תעשיות בעמ</ManufactureName>
      <ManufactureCountry />
      <ManufactureItemDescription />
      <UnitQty>יח`</UnitQty>
      <Quantity>1000</Quantity>
      <UnitMeasure>מ"ל</UnitMeasure>
      <BisWeighted>0</BisWeighted>
      <QtyInPackage>1</QtyInPackage>
      <ItemPrice>15.90</ItemPrice>
      <UnitOfMeasurePrice>1.59</UnitOfMeasurePrice>
      <AllowDiscount>0</AllowDiscount>
      <itemStatus>1</itemStatus>
      <LastUpdateDate />
      <LastUpdateTime />
    </Product>
    <Product>
      <PriceUpdateDate>2017/12/13 09:53</PriceUpdateDate>
      <ItemCode>7290000146645</ItemCode>
      <ItemType>1</ItemType>
      <ItemName>הוואי סבון מוצק שחור מסתורי 100  גר`רביע</ItemName>
      <ManufactureName>הנקל סוד בעמ</ManufactureName>
      <ManufactureCountry />
      <ManufactureItemDescription />
      <UnitQty>יח`</UnitQty>
      <Quantity>400</Quantity>
      <UnitMeasure>גרם</UnitMeasure>
      <BisWeighted>0</BisWeighted>
      <QtyInPackage>1</QtyInPackage>
      <ItemPrice>11.90</ItemPrice>
      <UnitOfMeasurePrice>2.98</UnitOfMeasurePrice>
      <AllowDiscount>0</AllowDiscount>
      <itemStatus>1</itemStatus>
      <LastUpdateDate />
      <LastUpdateTime />
    </Product>
    <Product>
      <PriceUpdateDate>2017/12/13 09:53</PriceUpdateDate>
      <ItemCode>7290000146652</ItemCode>
      <ItemType>1</ItemType>
      <ItemName>הוואי סבון מוצק ורוד 100  גר`רביעייה</ItemName>
      <ManufactureName>הנקל סוד בעמ</ManufactureName>
      <ManufactureCountry />
      <ManufactureItemDescription />
      <UnitQty>יח`</UnitQty>
      <Quantity>400</Quantity>
      <UnitMeasure>גרם</UnitMeasure>
      <BisWeighted>0</BisWeighted>
      <QtyInPackage>1</QtyInPackage>
      <ItemPrice>11.90</ItemPrice>
      <UnitOfMeasurePrice>2.98</UnitOfMeasurePrice>
      <AllowDiscount>0</AllowDiscount>
      <itemStatus>1</itemStatus>
      <LastUpdateDate />
      <LastUpdateTime />
    </Product>
    <Product>
      <PriceUpdateDate>2017/12/13 09:53</PriceUpdateDate>
      <ItemCode>7290000146669</ItemCode>
      <ItemType>1</ItemType>
      <ItemName>הוואי סבון מוצק שמים כחולים 100  גר`רביע</ItemName>
      <ManufactureName>הנקל סוד בעמ</ManufactureName>
      <ManufactureCountry />
      <ManufactureItemDescription />
      <UnitQty>יח`</UnitQty>
      <Quantity>400</Quantity>
      <UnitMeasure>גרם</UnitMeasure>
      <BisWeighted>0</BisWeighted>
      <QtyInPackage>1</QtyInPackage>
      <ItemPrice>11.90</ItemPrice>
      <UnitOfMeasurePrice>2.98</UnitOfMeasurePrice>
      <AllowDiscount>0</AllowDiscount>
      <itemStatus>1</itemStatus>
      <LastUpdateDate />
      <LastUpdateTime />
    </Product>
    <Product>
      <PriceUpdateDate>2017/12/13 09:53</PriceUpdateDate>
      <ItemCode>7290000146676</ItemCode>
      <ItemType>1</ItemType>
      <ItemName>הוואי סבון מוצק לגבר 100  גר`רביעייה</ItemName>
      <ManufactureName>הנקל סוד בעמ</ManufactureName>
      <ManufactureCountry />
      <ManufactureItemDescription />
      <UnitQty>יח`</UnitQty>
      <Quantity>400</Quantity>
      <UnitMeasure>גרם</UnitMeasure>
      <BisWeighted>0</BisWeighted>
      <QtyInPackage>1</QtyInPackage>
      <ItemPrice>11.90</ItemPrice>
      <UnitOfMeasurePrice>2.98</UnitOfMeasurePrice>
      <AllowDiscount>0</AllowDiscount>
      <itemStatus>1</itemStatus>
      <LastUpdateDate />
      <LastUpdateTime />
    </Product>
    <Product>
      <PriceUpdateDate>2017/12/13 09:53</PriceUpdateDate>
      <ItemCode>7290000146683</ItemCode>
      <ItemType>1</ItemType>
      <ItemName>הוואי סבון מוצק 100  גר`רביעייה</ItemName>
      <ManufactureName>הנקל סוד בעמ</ManufactureName>
      <ManufactureCountry />
      <ManufactureItemDescription />
      <UnitQty>יח`</UnitQty>
      <Quantity>400</Quantity>
      <UnitMeasure>גרם</UnitMeasure>
      <BisWeighted>0</BisWeighted>
      <QtyInPackage>1</QtyInPackage>
      <ItemPrice>11.90</ItemPrice>
      <UnitOfMeasurePrice>2.98</UnitOfMeasurePrice>
      <AllowDiscount>0</AllowDiscount>
      <itemStatus>1</itemStatus>
      <LastUpdateDate />
      <LastUpdateTime />
    </Product>
    <Product>
      <PriceUpdateDate>2015/05/10 10:39</PriceUpdateDate>
      <ItemCode>7290000148298</ItemCode>
      <ItemType>1</ItemType>
      <ItemName>מיץ סחוט תפוזים טבעי פריגת (2 ליטר)</ItemName>
      <ManufactureName>החב` המרכזית - טרה</ManufactureName>
      <ManufactureCountry />
      <ManufactureItemDescription />
      <UnitQty>יח`</UnitQty>
      <Quantity>2000</Quantity>
      <UnitMeasure>מ"ל</UnitMeasure>
      <BisWeighted>0</BisWeighted>
      <QtyInPackage>1</QtyInPackage>
      <ItemPrice>27.90</ItemPrice>
      <UnitOfMeasurePrice>1.40</UnitOfMeasurePrice>
      <AllowDiscount>1</AllowDiscount>
      <itemStatus>1</itemStatus>
      <LastUpdateDate />
      <LastUpdateTime />
    </Product>
    <Product>
      <PriceUpdateDate>2019/04/21 14:16</PriceUpdateDate>
      <ItemCode>7290000148618</ItemCode>
      <ItemType>1</ItemType>
      <ItemName>קשיו מטוגן שקית 200 גר</ItemName>
      <ManufactureName>ליימן שליסל בעמ</ManufactureName>
      <ManufactureCountry />
      <ManufactureItemDescription />
      <UnitQty>יח`</UnitQty>
      <Quantity>200</Quantity>
      <UnitMeasure>גרם</UnitMeasure>
      <BisWeighted>0</BisWeighted>
      <QtyInPackage>1</QtyInPackage>
      <ItemPrice>19.90</ItemPrice>
      <UnitOfMeasurePrice>9.95</UnitOfMeasurePrice>
      <AllowDiscount>1</AllowDiscount>
      <itemStatus>1</itemStatus>
      <LastUpdateDate />
      <LastUpdateTime />
    </Product>
    <Product>
      <PriceUpdateDate>2014/12/10 09:19</PriceUpdateDate>
      <ItemCode>7290000148748</ItemCode>
      <ItemType>1</ItemType>
      <ItemName>גרעיני חמניה 200 גר`</ItemName>
      <ManufactureName>ליימן שליסל בעמ</ManufactureName>
      <ManufactureCountry />
      <ManufactureItemDescription />
      <UnitQty>יח`</UnitQty>
      <Quantity>200</Quantity>
      <UnitMeasure>גרם</UnitMeasure>
      <BisWeighted>0</BisWeighted>
      <QtyInPackage>1</QtyInPackage>
      <ItemPrice>6.90</ItemPrice>
      <UnitOfMeasurePrice>3.45</UnitOfMeasurePrice>
      <AllowDiscount>1</AllowDiscount>
      <itemStatus>1</itemStatus>
      <LastUpdateDate />
      <LastUpdateTime />
    </Product>
    <Product>
      <PriceUpdateDate>2018/01/10 11:24</PriceUpdateDate>
      <ItemCode>7290000149615</ItemCode>
      <ItemType>1</ItemType>
      <ItemName>סבון מוצק לתינוק נקה 7 (100x4 גרם)</ItemName>
      <ManufactureName>החברה הדרומית לשיווק בעמ</ManufactureName>
      <ManufactureCountry />
      <ManufactureItemDescription />
      <UnitQty>יח`</UnitQty>
      <Quantity>400</Quantity>
      <UnitMeasure>גרם</UnitMeasure>
      <BisWeighted>0</BisWeighted>
      <QtyInPackage>1</QtyInPackage>
      <ItemPrice>11.90</ItemPrice>
      <UnitOfMeasurePrice>2.98</UnitOfMeasurePrice>
      <AllowDiscount>1</AllowDiscount>
      <itemStatus>1</itemStatus>
      <LastUpdateDate />
      <LastUpdateTime />
    </Product>
    <Product>
      <PriceUpdateDate>2017/04/18 10:19</PriceUpdateDate>
      <ItemCode>7290000149837</ItemCode>
      <ItemType>1</ItemType>
      <ItemName>סינטבון לימון</ItemName>
      <ManufactureName>החברה הדרומית לשיווק בעמ</ManufactureName>
      <ManufactureCountry />
      <ManufactureItemDescription />
      <UnitQty>יח`</UnitQty>
      <Quantity>230</Quantity>
      <UnitMeasure>גרם</UnitMeasure>
      <BisWeighted>0</BisWeighted>
      <QtyInPackage>1</QtyInPackage>
      <ItemPrice>6.90</ItemPrice>
      <UnitOfMeasurePrice>3</UnitOfMeasurePrice>
      <AllowDiscount>0</AllowDiscount>
      <itemStatus>1</itemStatus>
      <LastUpdateDate />
      <LastUpdateTime />
    </Product>
    <Product>
      <PriceUpdateDate>2014/08/18 14:14</PriceUpdateDate>
      <ItemCode>7290000149905</ItemCode>
      <ItemType>1</ItemType>
      <ItemName>טקסטיל שמפו נוזל</ItemName>
      <ManufactureName>החברה הדרומית לשיווק בעמ</ManufactureName>
      <ManufactureCountry />
      <ManufactureItemDescription />
      <UnitQty>יח`</UnitQty>
      <Quantity>1</Quantity>
      <UnitMeasure>1 ליטר</UnitMeasure>
      <BisWeighted>0</BisWeighted>
      <QtyInPackage>1</QtyInPackage>
      <ItemPrice>13.90</ItemPrice>
      <UnitOfMeasurePrice>13.90</UnitOfMeasurePrice>
      <AllowDiscount>0</AllowDiscount>
      <itemStatus>1</itemStatus>
      <LastUpdateDate />
      <LastUpdateTime />
    </Product>
    <Product>
      <PriceUpdateDate>2016/04/04 11:39</PriceUpdateDate>
      <ItemCode>7290000158211</ItemCode>
      <ItemType>1</ItemType>
      <ItemName>שניצל עוף דקיק ענקיסטי 700 עוף טוב</ItemName>
      <ManufactureName>קבוצת אסם סחר שות. מוגבלת</ManufactureName>
      <ManufactureCountry />
      <ManufactureItemDescription />
      <UnitQty>יח`</UnitQty>
      <Quantity>700</Quantity>
      <UnitMeasure>גרם</UnitMeasure>
      <BisWeighted>0</BisWeighted>
      <QtyInPackage>1</QtyInPackage>
      <ItemPrice>35.90</ItemPrice>
      <UnitOfMeasurePrice>5.13</UnitOfMeasurePrice>
      <AllowDiscount>1</AllowDiscount>
      <itemStatus>1</itemStatus>
      <LastUpdateDate />
      <LastUpdateTime />
    </Product>
    <Product>
      <PriceUpdateDate>2016/04/04 11:39</PriceUpdateDate>
      <ItemCode>7290000158273</ItemCode>
      <ItemType>1</ItemType>
      <ItemName>שניצל ביתי עדין כזה 700 גר` עוף טוב</ItemName>
      <ManufactureName>קבוצת אסם סחר שות. מוגבלת</ManufactureName>
      <ManufactureCountry />
      <ManufactureItemDescription />
      <UnitQty>יח`</UnitQty>
      <Quantity>700</Quantity>
      <UnitMeasure>גרם</UnitMeasure>
      <BisWeighted>0</BisWeighted>
      <QtyInPackage>1</QtyInPackage>
      <ItemPrice>43.90</ItemPrice>
      <UnitOfMeasurePrice>6.27</UnitOfMeasurePrice>
      <AllowDiscount>1</AllowDiscount>
      <itemStatus>1</itemStatus>
      <LastUpdateDate />
      <LastUpdateTime />
    </Product>
    <Product>
      <PriceUpdateDate>2016/03/03 11:17</PriceUpdateDate>
      <ItemCode>7290000159010</ItemCode>
      <ItemType>1</ItemType>
      <ItemName>שניצל עוף מיני דובונים 700 גר` עוף טוב</ItemName>
      <ManufactureName>קבוצת אסם סחר שות. מוגבלת</ManufactureName>
      <ManufactureCountry />
      <ManufactureItemDescription />
      <UnitQty>יח`</UnitQty>
      <Quantity>700</Quantity>
      <UnitMeasure>גרם</UnitMeasure>
      <BisWeighted>0</BisWeighted>
      <QtyInPackage>1</QtyInPackage>
      <ItemPrice>35.90</ItemPrice>
      <UnitOfMeasurePrice>5.13</UnitOfMeasurePrice>
      <AllowDiscount>1</AllowDiscount>
      <itemStatus>1</itemStatus>
      <LastUpdateDate />
      <LastUpdateTime />
    </Product>
    <Product>
      <PriceUpdateDate>2015/12/02 10:21</PriceUpdateDate>
      <ItemCode>7290000165219</ItemCode>
      <ItemType>1</ItemType>
      <ItemName>קרם קרקר 210 גר`</ItemName>
      <ManufactureName>יוניליוור ישראל שיווק בעמ</ManufactureName>
      <ManufactureCountry />
      <ManufactureItemDescription />
      <UnitQty>יח`</UnitQty>
      <Quantity>210</Quantity>
      <UnitMeasure>גרם</UnitMeasure>
      <BisWeighted>0</BisWeighted>
      <QtyInPackage>1</QtyInPackage>
      <ItemPrice>8.90</ItemPrice>
      <UnitOfMeasurePrice>4.24</UnitOfMeasurePrice>
      <AllowDiscount>1</AllowDiscount>
      <itemStatus>1</itemStatus>
      <LastUpdateDate />
      <LastUpdateTime />
    </Product>
    <Product>
      <PriceUpdateDate>2016/05/17 08:22</PriceUpdateDate>
      <ItemCode>7290000166605</ItemCode>
      <ItemType>1</ItemType>
      <ItemName>סיף פנטסטיק 4 ליטר כללי יסמין</ItemName>
      <ManufactureName>יוניליוור ישראל שיווק בעמ</ManufactureName>
      <ManufactureCountry />
      <ManufactureItemDescription />
      <UnitQty>יח`</UnitQty>
      <Quantity>4000</Quantity>
      <UnitMeasure>מ"ל</UnitMeasure>
      <BisWeighted>0</BisWeighted>
      <QtyInPackage>1</QtyInPackage>
      <ItemPrice>24.90</ItemPrice>
      <UnitOfMeasurePrice>0.62</UnitOfMeasurePrice>
      <AllowDiscount>1</AllowDiscount>
      <itemStatus>1</itemStatus>
      <LastUpdateDate />
      <LastUpdateTime />
    </Product>
    <Product>
      <PriceUpdateDate>2016/03/03 11:18</PriceUpdateDate>
      <ItemCode>7290000168173</ItemCode>
      <ItemType>1</ItemType>
      <ItemName>ברנפלקס קרנצ`ים 375 גר` בדצ</ItemName>
      <ManufactureName>יוניליוור ישראל שיווק בעמ</ManufactureName>
      <ManufactureCountry />
      <ManufactureItemDescription />
      <UnitQty>יח`</UnitQty>
      <Quantity>375</Quantity>
      <UnitMeasure>גרם</UnitMeasure>
      <BisWeighted>0</BisWeighted>
      <QtyInPackage>1</QtyInPackage>
      <ItemPrice>22.90</ItemPrice>
      <UnitOfMeasurePrice>6.11</UnitOfMeasurePrice>
      <AllowDiscount>1</AllowDiscount>
      <itemStatus>1</itemStatus>
      <LastUpdateDate />
      <LastUpdateTime />
    </Product>
    <Product>
      <PriceUpdateDate>2016/09/14 07:28</PriceUpdateDate>
      <ItemCode>7290000169538</ItemCode>
      <ItemType>1</ItemType>
      <ItemName>נמס בכוס עגבניות וקרוטונים</ItemName>
      <ManufactureName>יוניליוור ישראל שיווק בעמ</ManufactureName>
      <ManufactureCountry />
      <ManufactureItemDescription />
      <UnitQty>יח`</UnitQty>
      <Quantity>17</Quantity>
      <UnitMeasure>גרם</UnitMeasure>
      <BisWeighted>0</BisWeighted>
      <QtyInPackage>1</QtyInPackage>
      <ItemPrice>6.90</ItemPrice>
      <UnitOfMeasurePrice>40.59</UnitOfMeasurePrice>
      <AllowDiscount>0</AllowDiscount>
      <itemStatus>1</itemStatus>
      <LastUpdateDate />
      <LastUpdateTime />
    </Product>
    <Product>
      <PriceUpdateDate>2017/05/04 07:47</PriceUpdateDate>
      <ItemCode>7290000169798</ItemCode>
      <ItemType>1</ItemType>
      <ItemName>עוגי מופחת סוכר 500גר</ItemName>
      <ManufactureName>יוניליוור ישראל שיווק בעמ</ManufactureName>
      <ManufactureCountry />
      <ManufactureItemDescription />
      <UnitQty>יח`</UnitQty>
      <Quantity>500</Quantity>
      <UnitMeasure>גרם</UnitMeasure>
      <BisWeighted>0</BisWeighted>
      <QtyInPackage>1</QtyInPackage>
      <ItemPrice>18.90</ItemPrice>
      <UnitOfMeasurePrice>3.78</UnitOfMeasurePrice>
      <AllowDiscount>1</AllowDiscount>
      <itemStatus>1</itemStatus>
      <LastUpdateDate />
      <LastUpdateTime />
    </Product>
    <Product>
      <PriceUpdateDate>2017/03/30 08:34</PriceUpdateDate>
      <ItemCode>7290000170053</ItemCode>
      <ItemType>1</ItemType>
      <ItemName>שוקולד פרה חלב עלית (100 גרם)</ItemName>
      <ManufactureName>שטראוס גרופ בעמ</ManufactureName>
      <ManufactureCountry />
      <ManufactureItemDescription />
      <UnitQty>יח`</UnitQty>
      <Quantity>100</Quantity>
      <UnitMeasure>גרם</UnitMeasure>
      <BisWeighted>0</BisWeighted>
      <QtyInPackage>1</QtyInPackage>
      <ItemPrice>4.90</ItemPrice>
      <UnitOfMeasurePrice>4.90</UnitOfMeasurePrice>
      <AllowDiscount>1</AllowDiscount>
      <itemStatus>1</itemStatus>
      <LastUpdateDate />
      <LastUpdateTime />
    </Product>
    <Product>
      <PriceUpdateDate>2019/08/08 08:26</PriceUpdateDate>
      <ItemCode>7290000170077</ItemCode>
      <ItemType>1</ItemType>
      <ItemName>שוקולד פרה מריר פרווה עלית (100 גרם)</ItemName>
      <ManufactureName>שטראוס גרופ בעמ</ManufactureName>
      <ManufactureCountry />
      <ManufactureItemDescription />
      <UnitQty>יח`</UnitQty>
      <Quantity>100</Quantity>
      <UnitMeasure>גרם</UnitMeasure>
      <BisWeighted>0</BisWeighted>
      <QtyInPackage>1</QtyInPackage>
      <ItemPrice>4.90</ItemPrice>
      <UnitOfMeasurePrice>4.90</UnitOfMeasurePrice>
      <AllowDiscount>1</AllowDiscount>
      <itemStatus>1</itemStatus>
      <LastUpdateDate />
      <LastUpdateTime />
    </Product>
    <Product>
      <PriceUpdateDate>2017/03/30 08:34</PriceUpdateDate>
      <ItemCode>7290000170275</ItemCode>
      <ItemType>1</ItemType>
      <ItemName>טבלאות פרה במילוי קרם נוגט</ItemName>
      <ManufactureName>שטראוס גרופ בעמ</ManufactureName>
      <ManufactureCountry />
      <ManufactureItemDescription />
      <UnitQty>יח`</UnitQty>
      <Quantity>100</Quantity>
      <UnitMeasure>גרם</UnitMeasure>
      <BisWeighted>0</BisWeighted>
      <QtyInPackage>1</QtyInPackage>
      <ItemPrice>4.90</ItemPrice>
      <UnitOfMeasurePrice>4.90</UnitOfMeasurePrice>
      <AllowDiscount>1</AllowDiscount>
      <itemStatus>1</itemStatus>
      <LastUpdateDate />
      <LastUpdateTime />
    </Product>
    <Product>
      <PriceUpdateDate>2016/12/19 08:02</PriceUpdateDate>
      <ItemCode>7290000174037</ItemCode>
      <ItemType>1</ItemType>
      <ItemName>בפלות בטעם לימון עלית (500 גרם)</ItemName>
      <ManufactureName>שטראוס גרופ בעמ</ManufactureName>
      <ManufactureCountry />
      <ManufactureItemDescription />
      <UnitQty>יח`</UnitQty>
      <Quantity>500</Quantity>
      <UnitMeasure>גרם</UnitMeasure>
      <BisWeighted>0</BisWeighted>
      <QtyInPackage>1</QtyInPackage>
      <ItemPrice>12.90</ItemPrice>
      <UnitOfMeasurePrice>2.58</UnitOfMeasurePrice>
      <AllowDiscount>0</AllowDiscount>
      <itemStatus>1</itemStatus>
      <LastUpdateDate />
      <LastUpdateTime />
    </Product>
    <Product>
      <PriceUpdateDate>2018/12/19 10:32</PriceUpdateDate>
      <ItemCode>7290000174099</ItemCode>
      <ItemType>1</ItemType>
      <ItemName>בפלות בטעם שוקולד עלית (4 יח` - 500 גרם)</ItemName>
      <ManufactureName>שטראוס גרופ בעמ</ManufactureName>
      <ManufactureCountry />
      <ManufactureItemDescription />
      <UnitQty>יח`</UnitQty>
      <Quantity>500</Quantity>
      <UnitMeasure>גרם</UnitMeasure>
      <BisWeighted>0</BisWeighted>
      <QtyInPackage>1</QtyInPackage>
      <ItemPrice>12.90</ItemPrice>
      <UnitOfMeasurePrice>2.58</UnitOfMeasurePrice>
      <AllowDiscount>0</AllowDiscount>
      <itemStatus>1</itemStatus>
      <LastUpdateDate />
      <LastUpdateTime />
    </Product>
    <Product>
      <PriceUpdateDate>2017/03/30 08:34</PriceUpdateDate>
      <ItemCode>7290000174723</ItemCode>
      <ItemType>1</ItemType>
      <ItemName>שוקולית אבקת שוקו עלית (500 גרם)</ItemName>
      <ManufactureName>שטראוס גרופ בעמ</ManufactureName>
      <ManufactureCountry />
      <ManufactureItemDescription />
      <UnitQty>יח`</UnitQty>
      <Quantity>500</Quantity>
      <UnitMeasure>גרם</UnitMeasure>
      <BisWeighted>0</BisWeighted>
      <QtyInPackage>1</QtyInPackage>
      <ItemPrice>11.90</ItemPrice>
      <UnitOfMeasurePrice>2.38</UnitOfMeasurePrice>
      <AllowDiscount>0</AllowDiscount>
      <itemStatus>1</itemStatus>
      <LastUpdateDate />
      <LastUpdateTime />
    </Product>
    <Product>
      <PriceUpdateDate>2014/12/03 18:27</PriceUpdateDate>
      <ItemCode>7290000175027</ItemCode>
      <ItemType>1</ItemType>
      <ItemName>ממרחית בטעם שוקולד עלית (500 גרם)</ItemName>
      <ManufactureName>שטראוס גרופ בעמ</ManufactureName>
      <ManufactureCountry />
      <ManufactureItemDescription />
      <UnitQty>יח`</UnitQty>
      <Quantity>500</Quantity>
      <UnitMeasure>גרם</UnitMeasure>
      <BisWeighted>0</BisWeighted>
      <QtyInPackage>1</QtyInPackage>
      <ItemPrice>11.90</ItemPrice>
      <UnitOfMeasurePrice>2.38</UnitOfMeasurePrice>
      <AllowDiscount>0</AllowDiscount>
      <itemStatus>1</itemStatus>
      <LastUpdateDate />
      <LastUpdateTime />
    </Product>
    <Product>
      <PriceUpdateDate>2015/07/23 08:59</PriceUpdateDate>
      <ItemCode>7290000176062</ItemCode>
      <ItemType>1</ItemType>
      <ItemName>קפה טורקי עלית (100 גרם)</ItemName>
      <ManufactureName>שטראוס גרופ בעמ</ManufactureName>
      <ManufactureCountry />
      <ManufactureItemDescription />
      <UnitQty>יח`</UnitQty>
      <Quantity>100</Quantity>
      <UnitMeasure>גרם</UnitMeasure>
      <BisWeighted>0</BisWeighted>
      <QtyInPackage>1</QtyInPackage>
      <ItemPrice>8.90</ItemPrice>
      <UnitOfMeasurePrice>8.90</UnitOfMeasurePrice>
      <AllowDiscount>0</AllowDiscount>
      <itemStatus>1</itemStatus>
      <LastUpdateDate />
      <LastUpdateTime />
    </Product>
    <Product>
      <PriceUpdateDate>2019/02/03 12:22</PriceUpdateDate>
      <ItemCode>7290000176079</ItemCode>
      <ItemType>1</ItemType>
      <ItemName>קפה טורקי עם הל עלית (100 גרם)</ItemName>
      <ManufactureName>שטראוס גרופ בעמ</ManufactureName>
      <ManufactureCountry />
      <ManufactureItemDescription />
      <UnitQty>יח`</UnitQty>
      <Quantity>100</Quantity>
      <UnitMeasure>גרם</UnitMeasure>
      <BisWeighted>0</BisWeighted>
      <QtyInPackage>1</QtyInPackage>
      <ItemPrice>8.90</ItemPrice>
      <UnitOfMeasurePrice>8.90</UnitOfMeasurePrice>
      <AllowDiscount>0</AllowDiscount>
      <itemStatus>1</itemStatus>
      <LastUpdateDate />
      <LastUpdateTime />
    </Product>
    <Product>
      <PriceUpdateDate>2014/07/13 10:49</PriceUpdateDate>
      <ItemCode>7290000176116</ItemCode>
      <ItemType>1</ItemType>
      <ItemName>קפה טורקי בוואקום עלית (1 קג)</ItemName>
      <ManufactureName>שטראוס גרופ בעמ</ManufactureName>
      <ManufactureCountry />
      <ManufactureItemDescription />
      <UnitQty>יח`</UnitQty>
      <Quantity>1</Quantity>
      <UnitMeasure>ק"ג</UnitMeasure>
      <BisWeighted>0</BisWeighted>
      <QtyInPackage>1</QtyInPackage>
      <ItemPrice>74.90</ItemPrice>
      <UnitOfMeasurePrice>74.90</UnitOfMeasurePrice>
      <AllowDiscount>0</AllowDiscount>
      <itemStatus>1</itemStatus>
      <LastUpdateDate />
      <LastUpdateTime />
    </Product>
    <Product>
      <PriceUpdateDate>2013/06/09 12:06</PriceUpdateDate>
      <ItemCode>7290000176192</ItemCode>
      <ItemType>1</ItemType>
      <ItemName>קפה טורקי האג נטול קפאין עלית (200 גרם)</ItemName>
      <ManufactureName>שטראוס גרופ בעמ</ManufactureName>
      <ManufactureCountry />
      <ManufactureItemDescription />
      <UnitQty>יח`</UnitQty>
      <Quantity>200</Quantity>
      <UnitMeasure>גרם</UnitMeasure>
      <BisWeighted>0</BisWeighted>
      <QtyInPackage>1</QtyInPackage>
      <ItemPrice>26.70</ItemPrice>
      <UnitOfMeasurePrice>13.35</UnitOfMeasurePrice>
      <AllowDiscount>0</AllowDiscount>
      <itemStatus>1</itemStatus>
      <LastUpdateDate />
      <LastUpdateTime />
    </Product>
    <Product>
      <PriceUpdateDate>2014/04/27 10:52</PriceUpdateDate>
      <ItemCode>7290000176413</ItemCode>
      <ItemType>1</ItemType>
      <ItemName>נס קפה קטן פח</ItemName>
      <ManufactureName>שטראוס גרופ בעמ</ManufactureName>
      <ManufactureCountry />
      <ManufactureItemDescription />
      <UnitQty>יח`</UnitQty>
      <Quantity>50</Quantity>
      <UnitMeasure>גרם</UnitMeasure>
      <BisWeighted>0</BisWeighted>
      <QtyInPackage>1</QtyInPackage>
      <ItemPrice>9.90</ItemPrice>
      <UnitOfMeasurePrice>19.80</UnitOfMeasurePrice>
      <AllowDiscount>0</AllowDiscount>
      <itemStatus>1</itemStatus>
      <LastUpdateDate />
      <LastUpdateTime />
    </Product>
    <Product>
      <PriceUpdateDate>2015/01/29 11:52</PriceUpdateDate>
      <ItemCode>7290000176420</ItemCode>
      <ItemType>1</ItemType>
      <ItemName>קפה נמס עלית (200 גרם)</ItemName>
      <ManufactureName>שטראוס גרופ בעמ</ManufactureName>
      <ManufactureCountry />
      <ManufactureItemDescription />
      <UnitQty>יח`</UnitQty>
      <Quantity>200</Quantity>
      <UnitMeasure>גרם</UnitMeasure>
      <BisWeighted>0</BisWeighted>
      <QtyInPackage>1</QtyInPackage>
      <ItemPrice>19.90</ItemPrice>
      <UnitOfMeasurePrice>9.95</UnitOfMeasurePrice>
      <AllowDiscount>0</AllowDiscount>
      <itemStatus>1</itemStatus>
      <LastUpdateDate />
      <LastUpdateTime />
    </Product>
    <Product>
      <PriceUpdateDate>2019/02/07 13:36</PriceUpdateDate>
      <ItemCode>7290000176475</ItemCode>
      <ItemType>1</ItemType>
      <ItemName>קפה נמס נטול קפאין האג עלית (200 גרם)</ItemName>
      <ManufactureName>שטראוס גרופ בעמ</ManufactureName>
      <ManufactureCountry />
      <ManufactureItemDescription />
      <UnitQty>יח`</UnitQty>
      <Quantity>200</Quantity>
      <UnitMeasure>גרם</UnitMeasure>
      <BisWeighted>0</BisWeighted>
      <QtyInPackage>1</QtyInPackage>
      <ItemPrice>34.90</ItemPrice>
      <UnitOfMeasurePrice>17.45</UnitOfMeasurePrice>
      <AllowDiscount>0</AllowDiscount>
      <itemStatus>1</itemStatus>
      <LastUpdateDate />
      <LastUpdateTime />
    </Product>
    <Product>
      <PriceUpdateDate>2015/01/29 11:52</PriceUpdateDate>
      <ItemCode>7290000176482</ItemCode>
      <ItemType>1</ItemType>
      <ItemName>קפה נמס 200  גר`עלית-כשלפ</ItemName>
      <ManufactureName>שטראוס גרופ בעמ</ManufactureName>
      <ManufactureCountry />
      <ManufactureItemDescription />
      <UnitQty>יח`</UnitQty>
      <Quantity>200</Quantity>
      <UnitMeasure>גרם</UnitMeasure>
      <BisWeighted>0</BisWeighted>
      <QtyInPackage>1</QtyInPackage>
      <ItemPrice>19.90</ItemPrice>
      <UnitOfMeasurePrice>9.95</UnitOfMeasurePrice>
      <AllowDiscount>0</AllowDiscount>
      <itemStatus>1</itemStatus>
      <LastUpdateDate />
      <LastUpdateTime />
    </Product>
    <Product>
      <PriceUpdateDate>2017/03/27 11:41</PriceUpdateDate>
      <ItemCode>7290000178707</ItemCode>
      <ItemType>1</ItemType>
      <ItemName>חטיף צ`יפס בטעם טבעי תפוצ`יפס (50 גרם)</ItemName>
      <ManufactureName>שטראוס פריטו ליי בעמ</ManufactureName>
      <ManufactureCountry />
      <ManufactureItemDescription />
      <UnitQty>יח`</UnitQty>
      <Quantity>50</Quantity>
      <UnitMeasure>גרם</UnitMeasure>
      <BisWeighted>0</BisWeighted>
      <QtyInPackage>1</QtyInPackage>
      <ItemPrice>3.90</ItemPrice>
      <UnitOfMeasurePrice>7.80</UnitOfMeasurePrice>
      <AllowDiscount>0</AllowDiscount>
      <itemStatus>1</itemStatus>
      <LastUpdateDate />
      <LastUpdateTime />
    </Product>
    <Product>
      <PriceUpdateDate>2013/12/18 08:39</PriceUpdateDate>
      <ItemCode>7290000178721</ItemCode>
      <ItemType>1</ItemType>
      <ItemName>חטיף צ`יפס בטעם טבעי תפוצ`יפס (200 גרם)</ItemName>
      <ManufactureName>שטראוס פריטו ליי בעמ</ManufactureName>
      <ManufactureCountry />
      <ManufactureItemDescription />
      <UnitQty>יח`</UnitQty>
      <Quantity>200</Quantity>
      <UnitMeasure>גרם</UnitMeasure>
      <BisWeighted>0</BisWeighted>
      <QtyInPackage>1</QtyInPackage>
      <ItemPrice>10.90</ItemPrice>
      <UnitOfMeasurePrice>5.45</UnitOfMeasurePrice>
      <AllowDiscount>1</AllowDiscount>
      <itemStatus>1</itemStatus>
      <LastUpdateDate />
      <LastUpdateTime />
    </Product>
    <Product>
      <PriceUpdateDate>2018/02/05 13:48</PriceUpdateDate>
      <ItemCode>7290000179445</ItemCode>
      <ItemType>1</ItemType>
      <ItemName>בזוקה 30 יח</ItemName>
      <ManufactureName>שטראוס גרופ בעמ</ManufactureName>
      <ManufactureCountry />
      <ManufactureItemDescription />
      <UnitQty>יח`</UnitQty>
      <Quantity>180</Quantity>
      <UnitMeasure>גרם</UnitMeasure>
      <BisWeighted>0</BisWeighted>
      <QtyInPackage>1</QtyInPackage>
      <ItemPrice>8.90</ItemPrice>
      <UnitOfMeasurePrice>4.94</UnitOfMeasurePrice>
      <AllowDiscount>0</AllowDiscount>
      <itemStatus>1</itemStatus>
      <LastUpdateDate />
      <LastUpdateTime />
    </Product>
    <Product>
      <PriceUpdateDate>2017/03/30 08:34</PriceUpdateDate>
      <ItemCode>7290000180212</ItemCode>
      <ItemType>1</ItemType>
      <ItemName>שוקולד פרה מריר עם אגוזים עלית (100 גרם)</ItemName>
      <ManufactureName>שטראוס גרופ בעמ</ManufactureName>
      <ManufactureCountry />
      <ManufactureItemDescription />
      <UnitQty>יח`</UnitQty>
      <Quantity>100</Quantity>
      <UnitMeasure>גרם</UnitMeasure>
      <BisWeighted>0</BisWeighted>
      <QtyInPackage>1</QtyInPackage>
      <ItemPrice>4.90</ItemPrice>
      <UnitOfMeasurePrice>4.90</UnitOfMeasurePrice>
      <AllowDiscount>1</AllowDiscount>
      <itemStatus>1</itemStatus>
      <LastUpdateDate />
      <LastUpdateTime />
    </Product>
    <Product>
      <PriceUpdateDate>2015/12/02 11:10</PriceUpdateDate>
      <ItemCode>7290000181103</ItemCode>
      <ItemType>1</ItemType>
      <ItemName>ביסקוויט עד חצות חלבי 200 גר`</ItemName>
      <ManufactureName>שטראוס גרופ בעמ</ManufactureName>
      <ManufactureCountry />
      <ManufactureItemDescription />
      <UnitQty>יח`</UnitQty>
      <Quantity>200</Quantity>
      <UnitMeasure>גרם</UnitMeasure>
      <BisWeighted>0</BisWeighted>
      <QtyInPackage>1</QtyInPackage>
      <ItemPrice>13.90</ItemPrice>
      <UnitOfMeasurePrice>6.95</UnitOfMeasurePrice>
      <AllowDiscount>1</AllowDiscount>
      <itemStatus>1</itemStatus>
      <LastUpdateDate />
      <LastUpdateTime />
    </Product>
    <Product>
      <PriceUpdateDate>2020/02/05 21:39</PriceUpdateDate>
      <ItemCode>7290000186535</ItemCode>
      <ItemType>1</ItemType>
      <ItemName>נייר טואלט טריו לבן לילי (32)</ItemName>
      <ManufactureName>קימברלי קלארק ישראל שיווק בעמ</ManufactureName>
      <ManufactureCountry />
      <ManufactureItemDescription />
      <UnitQty>יח`</UnitQty>
      <Quantity>1</Quantity>
      <UnitMeasure />
      <BisWeighted>0</BisWeighted>
      <QtyInPackage>1</QtyInPackage>
      <ItemPrice>39.90</ItemPrice>
      <UnitOfMeasurePrice>39.90</UnitOfMeasurePrice>
      <AllowDiscount>0</AllowDiscount>
      <itemStatus>1</itemStatus>
      <LastUpdateDate />
      <LastUpdateTime />
    </Product>
    <Product>
      <PriceUpdateDate>2018/07/23 12:10</PriceUpdateDate>
      <ItemCode>7290000187921</ItemCode>
      <ItemType>1</ItemType>
      <ItemName>נייר טואלט קלאסיק לבן לילי (32)</ItemName>
      <ManufactureName>קימברלי קלארק ישראל שיווק בעמ</ManufactureName>
      <ManufactureCountry />
      <ManufactureItemDescription />
      <UnitQty>יח`</UnitQty>
      <Quantity>1969</Quantity>
      <UnitMeasure>גרם</UnitMeasure>
      <BisWeighted>0</BisWeighted>
      <QtyInPackage>1</QtyInPackage>
      <ItemPrice>37.90</ItemPrice>
      <UnitOfMeasurePrice>1.92</UnitOfMeasurePrice>
      <AllowDiscount>0</AllowDiscount>
      <itemStatus>1</itemStatus>
      <LastUpdateDate />
      <LastUpdateTime />
    </Product>
    <Product>
      <PriceUpdateDate>2018/12/19 10:39</PriceUpdateDate>
      <ItemCode>7290000187938</ItemCode>
      <ItemType>1</ItemType>
      <ItemName>נייר טואלט פסטל לילי 32 גלילים</ItemName>
      <ManufactureName>קימברלי קלארק ישראל שיווק בעמ</ManufactureName>
      <ManufactureCountry />
      <ManufactureItemDescription />
      <UnitQty>יח`</UnitQty>
      <Quantity>19.69</Quantity>
      <UnitMeasure>יח`</UnitMeasure>
      <BisWeighted>0</BisWeighted>
      <QtyInPackage>1</QtyInPackage>
      <ItemPrice>32.90</ItemPrice>
      <UnitOfMeasurePrice>1.67</UnitOfMeasurePrice>
      <AllowDiscount>0</AllowDiscount>
      <itemStatus>1</itemStatus>
      <LastUpdateDate />
      <LastUpdateTime />
    </Product>
    <Product>
      <PriceUpdateDate>2020/02/09 11:29</PriceUpdateDate>
      <ItemCode>7290000187952</ItemCode>
      <ItemType>1</ItemType>
      <ItemName>נייר טואלט טריו לילי (32)</ItemName>
      <ManufactureName>קימברלי קלארק ישראל שיווק בעמ</ManufactureName>
      <ManufactureCountry />
      <ManufactureItemDescription />
      <UnitQty>יח`</UnitQty>
      <Quantity>1788</Quantity>
      <UnitMeasure>גרם</UnitMeasure>
      <BisWeighted>0</BisWeighted>
      <QtyInPackage>1</QtyInPackage>
      <ItemPrice>39.90</ItemPrice>
      <UnitOfMeasurePrice>2.23</UnitOfMeasurePrice>
      <AllowDiscount>0</AllowDiscount>
      <itemStatus>1</itemStatus>
      <LastUpdateDate />
      <LastUpdateTime />
    </Product>
    <Product>
      <PriceUpdateDate>2018/06/20 15:13</PriceUpdateDate>
      <ItemCode>7290000188270</ItemCode>
      <ItemType>1</ItemType>
      <ItemName>ממחטות אולטרה סופט קלינקס (80x2)</ItemName>
      <ManufactureName>קימברלי קלארק ישראל שיווק בעמ</ManufactureName>
      <ManufactureCountry />
      <ManufactureItemDescription />
      <UnitQty>יח`</UnitQty>
      <Quantity>390</Quantity>
      <UnitMeasure>גרם</UnitMeasure>
      <BisWeighted>0</BisWeighted>
      <QtyInPackage>1</QtyInPackage>
      <ItemPrice>19.90</ItemPrice>
      <UnitOfMeasurePrice>5.10</UnitOfMeasurePrice>
      <AllowDiscount>1</AllowDiscount>
      <itemStatus>1</itemStatus>
      <LastUpdateDate />
      <LastUpdateTime />
    </Product>
    <Product>
      <PriceUpdateDate>2016/03/24 08:26</PriceUpdateDate>
      <ItemCode>7290000188782</ItemCode>
      <ItemType>1</ItemType>
      <ItemName>מגבונים לחים בבישום עדין טיטולים (72x4)</ItemName>
      <ManufactureName>קימברלי קלארק ישראל שיווק בעמ</ManufactureName>
      <ManufactureCountry />
      <ManufactureItemDescription />
      <UnitQty>יח`</UnitQty>
      <Quantity>1</Quantity>
      <UnitMeasure />
      <BisWeighted>0</BisWeighted>
      <QtyInPackage>1</QtyInPackage>
      <ItemPrice>19.90</ItemPrice>
      <UnitOfMeasurePrice>19.90</UnitOfMeasurePrice>
      <AllowDiscount>1</AllowDiscount>
      <itemStatus>1</itemStatus>
      <LastUpdateDate />
      <LastUpdateTime />
    </Product>
    <Product>
      <PriceUpdateDate>2014/08/17 15:02</PriceUpdateDate>
      <ItemCode>7290000189192</ItemCode>
      <ItemType>1</ItemType>
      <ItemName>מגבת רב שימושית ניקול</ItemName>
      <ManufactureName>קימברלי קלארק ישראל שיווק בעמ</ManufactureName>
      <ManufactureCountry />
      <ManufactureItemDescription />
      <UnitQty>יח`</UnitQty>
      <Quantity>1</Quantity>
      <UnitMeasure>יח`</UnitMeasure>
      <BisWeighted>0</BisWeighted>
      <QtyInPackage>1</QtyInPackage>
      <ItemPrice>19.90</ItemPrice>
      <UnitOfMeasurePrice>19.90</UnitOfMeasurePrice>
      <AllowDiscount>0</AllowDiscount>
      <itemStatus>1</itemStatus>
      <LastUpdateDate />
      <LastUpdateTime />
    </Product>
    <Product>
      <PriceUpdateDate>2015/05/28 14:02</PriceUpdateDate>
      <ItemCode>7290000189208</ItemCode>
      <ItemType>1</ItemType>
      <ItemName>מטלית מיקרופייבר למשטחים ניקול</ItemName>
      <ManufactureName>קימברלי קלארק ישראל שיווק בעמ</ManufactureName>
      <ManufactureCountry />
      <ManufactureItemDescription />
      <UnitQty>יח`</UnitQty>
      <Quantity>1</Quantity>
      <UnitMeasure>יח`</UnitMeasure>
      <BisWeighted>0</BisWeighted>
      <QtyInPackage>1</QtyInPackage>
      <ItemPrice>10.90</ItemPrice>
      <UnitOfMeasurePrice>10.90</UnitOfMeasurePrice>
      <AllowDiscount>0</AllowDiscount>
      <itemStatus>1</itemStatus>
      <LastUpdateDate />
      <LastUpdateTime />
    </Product>
    <Product>
      <PriceUpdateDate>2014/08/17 15:02</PriceUpdateDate>
      <ItemCode>7290000189536</ItemCode>
      <ItemType>1</ItemType>
      <ItemName>אשפתון 40</ItemName>
      <ManufactureName>קימברלי קלארק ישראל שיווק בעמ</ManufactureName>
      <ManufactureCountry />
      <ManufactureItemDescription />
      <UnitQty>יח`</UnitQty>
      <Quantity>40</Quantity>
      <UnitMeasure>יח`</UnitMeasure>
      <BisWeighted>0</BisWeighted>
      <QtyInPackage>1</QtyInPackage>
      <ItemPrice>20.90</ItemPrice>
      <UnitOfMeasurePrice>0.52</UnitOfMeasurePrice>
      <AllowDiscount>1</AllowDiscount>
      <itemStatus>1</itemStatus>
      <LastUpdateDate />
      <LastUpdateTime />
    </Product>
    <Product>
      <PriceUpdateDate>2015/05/28 14:02</PriceUpdateDate>
      <ItemCode>7290000189550</ItemCode>
      <ItemType>1</ItemType>
      <ItemName>זוג אשפתון 90x78 ניקול) (10x2</ItemName>
      <ManufactureName>קימברלי קלארק ישראל שיווק בעמ</ManufactureName>
      <ManufactureCountry />
      <ManufactureItemDescription />
      <UnitQty>יח`</UnitQty>
      <Quantity>1</Quantity>
      <UnitMeasure>יח`</UnitMeasure>
      <BisWeighted>0</BisWeighted>
      <QtyInPackage>1</QtyInPackage>
      <ItemPrice>23.90</ItemPrice>
      <UnitOfMeasurePrice>23.90</UnitOfMeasurePrice>
      <AllowDiscount>0</AllowDiscount>
      <itemStatus>1</itemStatus>
      <LastUpdateDate />
      <LastUpdateTime />
    </Product>
    <Product>
      <PriceUpdateDate>2019/09/04 09:38</PriceUpdateDate>
      <ItemCode>7290000189598</ItemCode>
      <ItemType>1</ItemType>
      <ItemName>מטליות לחות לניקוי כללי ניקול (50)</ItemName>
      <ManufactureName>קימברלי קלארק ישראל שיווק בעמ</ManufactureName>
      <ManufactureCountry />
      <ManufactureItemDescription />
      <UnitQty>יח`</UnitQty>
      <Quantity>1</Quantity>
      <UnitMeasure>יח`</UnitMeasure>
      <BisWeighted>0</BisWeighted>
      <QtyInPackage>1</QtyInPackage>
      <ItemPrice>11.90</ItemPrice>
      <UnitOfMeasurePrice>11.90</UnitOfMeasurePrice>
      <AllowDiscount>1</AllowDiscount>
      <itemStatus>1</itemStatus>
      <LastUpdateDate />
      <LastUpdateTime />
    </Product>
    <Product>
      <PriceUpdateDate>2019/09/04 09:38</PriceUpdateDate>
      <ItemCode>7290000189659</ItemCode>
      <ItemType>1</ItemType>
      <ItemName>מטליות לחות לניקוי רצפה ניקול (10)</ItemName>
      <ManufactureName>קימברלי קלארק ישראל שיווק בעמ</ManufactureName>
      <ManufactureCountry />
      <ManufactureItemDescription />
      <UnitQty>יח`</UnitQty>
      <Quantity>1</Quantity>
      <UnitMeasure>יח`</UnitMeasure>
      <BisWeighted>0</BisWeighted>
      <QtyInPackage>1</QtyInPackage>
      <ItemPrice>13.90</ItemPrice>
      <UnitOfMeasurePrice>13.90</UnitOfMeasurePrice>
      <AllowDiscount>1</AllowDiscount>
      <itemStatus>1</itemStatus>
      <LastUpdateDate />
      <LastUpdateTime />
    </Product>
    <Product>
      <PriceUpdateDate>2015/01/12 15:01</PriceUpdateDate>
      <ItemCode>7290000189734</ItemCode>
      <ItemType>1</ItemType>
      <ItemName>מטליות לחות לניקוי פרקטים ניקול) (10</ItemName>
      <ManufactureName>קימברלי קלארק ישראל שיווק בעמ</ManufactureName>
      <ManufactureCountry />
      <ManufactureItemDescription />
      <UnitQty>יח`</UnitQty>
      <Quantity>1</Quantity>
      <UnitMeasure />
      <BisWeighted>0</BisWeighted>
      <QtyInPackage>1</QtyInPackage>
      <ItemPrice>21.90</ItemPrice>
      <UnitOfMeasurePrice>21.90</UnitOfMeasurePrice>
      <AllowDiscount>0</AllowDiscount>
      <itemStatus>1</itemStatus>
      <LastUpdateDate />
      <LastUpdateTime />
    </Product>
    <Product>
      <PriceUpdateDate>2020/03/10 13:36</PriceUpdateDate>
      <ItemCode>7290000189871</ItemCode>
      <ItemType>1</ItemType>
      <ItemName>שקיות אשפה לפח עם שרוך 64x52 ניקול (55)</ItemName>
      <ManufactureName>קימברלי קלארק ישראל שיווק בעמ</ManufactureName>
      <ManufactureCountry />
      <ManufactureItemDescription />
      <UnitQty>יח`</UnitQty>
      <Quantity>60</Quantity>
      <UnitMeasure>יח`</UnitMeasure>
      <BisWeighted>0</BisWeighted>
      <QtyInPackage>1</QtyInPackage>
      <ItemPrice>17.90</ItemPrice>
      <UnitOfMeasurePrice>0.30</UnitOfMeasurePrice>
      <AllowDiscount>0</AllowDiscount>
      <itemStatus>1</itemStatus>
      <LastUpdateDate />
      <LastUpdateTime />
    </Product>
    <Product>
      <PriceUpdateDate>2015/05/28 14:02</PriceUpdateDate>
      <ItemCode>7290000190150</ItemCode>
      <ItemType>1</ItemType>
      <ItemName>מפיות אירוח לילי סטייל ניקול (20)</ItemName>
      <ManufactureName>קימברלי קלארק ישראל שיווק בעמ</ManufactureName>
      <ManufactureCountry />
      <ManufactureItemDescription />
      <UnitQty>יח`</UnitQty>
      <Quantity>102</Quantity>
      <UnitMeasure>גרם</UnitMeasure>
      <BisWeighted>0</BisWeighted>
      <QtyInPackage>1</QtyInPackage>
      <ItemPrice>8.90</ItemPrice>
      <UnitOfMeasurePrice>8.73</UnitOfMeasurePrice>
      <AllowDiscount>1</AllowDiscount>
      <itemStatus>1</itemStatus>
      <LastUpdateDate />
      <LastUpdateTime />
    </Product>
    <Product>
      <PriceUpdateDate>2019/09/04 09:38</PriceUpdateDate>
      <ItemCode>7290000190198</ItemCode>
      <ItemType>1</ItemType>
      <ItemName>מטליות לניקוי וחיטוי ניקול</ItemName>
      <ManufactureName>קימברלי קלארק ישראל שיווק בעמ</ManufactureName>
      <ManufactureCountry />
      <ManufactureItemDescription />
      <UnitQty>יח`</UnitQty>
      <Quantity>1</Quantity>
      <UnitMeasure />
      <BisWeighted>0</BisWeighted>
      <QtyInPackage>1</QtyInPackage>
      <ItemPrice>11.90</ItemPrice>
      <UnitOfMeasurePrice>11.90</UnitOfMeasurePrice>
      <AllowDiscount>1</AllowDiscount>
      <itemStatus>1</itemStatus>
      <LastUpdateDate />
      <LastUpdateTime />
    </Product>
    <Product>
      <PriceUpdateDate>2015/08/16 12:40</PriceUpdateDate>
      <ItemCode>7290000191225</ItemCode>
      <ItemType>1</ItemType>
      <ItemName>חיתולי ליטל בייביס שלב 2 האגיס) (44</ItemName>
      <ManufactureName>קימברלי קלארק ישראל שיווק בעמ</ManufactureName>
      <ManufactureCountry />
      <ManufactureItemDescription />
      <UnitQty>יח`</UnitQty>
      <Quantity>1</Quantity>
      <UnitMeasure />
      <BisWeighted>0</BisWeighted>
      <QtyInPackage>1</QtyInPackage>
      <ItemPrice>34.90</ItemPrice>
      <UnitOfMeasurePrice>34.90</UnitOfMeasurePrice>
      <AllowDiscount>0</AllowDiscount>
      <itemStatus>1</itemStatus>
      <LastUpdateDate />
      <LastUpdateTime />
    </Product>
    <Product>
      <PriceUpdateDate>2019/10/23 09:41</PriceUpdateDate>
      <ItemCode>7290000191539</ItemCode>
      <ItemType>1</ItemType>
      <ItemName>ממחטות טישו לילי) (100x5</ItemName>
      <ManufactureName>קימברלי קלארק ישראל שיווק בעמ</ManufactureName>
      <ManufactureCountry />
      <ManufactureItemDescription />
      <UnitQty>יח`</UnitQty>
      <Quantity>593</Quantity>
      <UnitMeasure>גרם</UnitMeasure>
      <BisWeighted>0</BisWeighted>
      <QtyInPackage>1</QtyInPackage>
      <ItemPrice>12.90</ItemPrice>
      <UnitOfMeasurePrice>2.18</UnitOfMeasurePrice>
      <AllowDiscount>0</AllowDiscount>
      <itemStatus>1</itemStatus>
      <LastUpdateDate />
      <LastUpdateTime />
    </Product>
    <Product>
      <PriceUpdateDate>2019/11/06 11:16</PriceUpdateDate>
      <ItemCode>7290000191652</ItemCode>
      <ItemType>1</ItemType>
      <ItemName>ממחטות אף קלינקס (90x3)</ItemName>
      <ManufactureName>קימברלי קלארק ישראל שיווק בעמ</ManufactureName>
      <ManufactureCountry />
      <ManufactureItemDescription />
      <UnitQty>יח`</UnitQty>
      <Quantity>1</Quantity>
      <UnitMeasure />
      <BisWeighted>0</BisWeighted>
      <QtyInPackage>1</QtyInPackage>
      <ItemPrice>10.90</ItemPrice>
      <UnitOfMeasurePrice>10.90</UnitOfMeasurePrice>
      <AllowDiscount>1</AllowDiscount>
      <itemStatus>1</itemStatus>
      <LastUpdateDate />
      <LastUpdateTime />
    </Product>
    <Product>
      <PriceUpdateDate>2015/12/01 09:37</PriceUpdateDate>
      <ItemCode>7290000191966</ItemCode>
      <ItemType>1</ItemType>
      <ItemName>מגבוני נ.ט לח סנסיטיב</ItemName>
      <ManufactureName>קימברלי קלארק ישראל שיווק בעמ</ManufactureName>
      <ManufactureCountry />
      <ManufactureItemDescription />
      <UnitQty>יח`</UnitQty>
      <Quantity>59</Quantity>
      <UnitMeasure>גרם</UnitMeasure>
      <BisWeighted>0</BisWeighted>
      <QtyInPackage>1</QtyInPackage>
      <ItemPrice>7.90</ItemPrice>
      <UnitOfMeasurePrice>13.39</UnitOfMeasurePrice>
      <AllowDiscount>0</AllowDiscount>
      <itemStatus>1</itemStatus>
      <LastUpdateDate />
      <LastUpdateTime />
    </Product>
    <Product>
      <PriceUpdateDate>2014/11/03 10:30</PriceUpdateDate>
      <ItemCode>7290000193014</ItemCode>
      <ItemType>1</ItemType>
      <ItemName>מגן תחתון לילי (50)</ItemName>
      <ManufactureName>קימברלי קלארק ישראל שיווק בעמ</ManufactureName>
      <ManufactureCountry />
      <ManufactureItemDescription />
      <UnitQty>יח`</UnitQty>
      <Quantity>1</Quantity>
      <UnitMeasure />
      <BisWeighted>0</BisWeighted>
      <QtyInPackage>1</QtyInPackage>
      <ItemPrice>10.90</ItemPrice>
      <UnitOfMeasurePrice>10.90</UnitOfMeasurePrice>
      <AllowDiscount>1</AllowDiscount>
      <itemStatus>1</itemStatus>
      <LastUpdateDate />
      <LastUpdateTime />
    </Product>
    <Product>
      <PriceUpdateDate>2014/11/03 10:30</PriceUpdateDate>
      <ItemCode>7290000193083</ItemCode>
      <ItemType>1</ItemType>
      <ItemName>תחבושות נובה-לי לילי (28)</ItemName>
      <ManufactureName>קימברלי קלארק ישראל שיווק בעמ</ManufactureName>
      <ManufactureCountry />
      <ManufactureItemDescription />
      <UnitQty>יח`</UnitQty>
      <Quantity>1</Quantity>
      <UnitMeasure />
      <BisWeighted>0</BisWeighted>
      <QtyInPackage>1</QtyInPackage>
      <ItemPrice>10.90</ItemPrice>
      <UnitOfMeasurePrice>10.90</UnitOfMeasurePrice>
      <AllowDiscount>1</AllowDiscount>
      <itemStatus>1</itemStatus>
      <LastUpdateDate />
      <LastUpdateTime />
    </Product>
    <Product>
      <PriceUpdateDate>2015/05/28 14:02</PriceUpdateDate>
      <ItemCode>7290000193205</ItemCode>
      <ItemType>1</ItemType>
      <ItemName>תח` לילי נטורל לילה</ItemName>
      <ManufactureName>קימברלי קלארק ישראל שיווק בעמ</ManufactureName>
      <ManufactureCountry />
      <ManufactureItemDescription />
      <UnitQty>יח`</UnitQty>
      <Quantity>1</Quantity>
      <UnitMeasure>יח`</UnitMeasure>
      <BisWeighted>0</BisWeighted>
      <QtyInPackage>1</QtyInPackage>
      <ItemPrice>18.90</ItemPrice>
      <UnitOfMeasurePrice>18.90</UnitOfMeasurePrice>
      <AllowDiscount>1</AllowDiscount>
      <itemStatus>1</itemStatus>
      <LastUpdateDate />
      <LastUpdateTime />
    </Product>
    <Product>
      <PriceUpdateDate>2015/05/28 14:02</PriceUpdateDate>
      <ItemCode>7290000193540</ItemCode>
      <ItemType>1</ItemType>
      <ItemName>מגן תחתון נטורל לונג לילי (52)</ItemName>
      <ManufactureName>קימברלי קלארק ישראל שיווק בעמ</ManufactureName>
      <ManufactureCountry />
      <ManufactureItemDescription />
      <UnitQty>יח`</UnitQty>
      <Quantity>1</Quantity>
      <UnitMeasure>יח`</UnitMeasure>
      <BisWeighted>0</BisWeighted>
      <QtyInPackage>1</QtyInPackage>
      <ItemPrice>18.90</ItemPrice>
      <UnitOfMeasurePrice>18.90</UnitOfMeasurePrice>
      <AllowDiscount>1</AllowDiscount>
      <itemStatus>1</itemStatus>
      <LastUpdateDate />
      <LastUpdateTime />
    </Product>
    <Product>
      <PriceUpdateDate>2015/05/28 14:02</PriceUpdateDate>
      <ItemCode>7290000193618</ItemCode>
      <ItemType>1</ItemType>
      <ItemName>מגן תחתון נטורל לייט לילי (62)</ItemName>
      <ManufactureName>קימברלי קלארק ישראל שיווק בעמ</ManufactureName>
      <ManufactureCountry />
      <ManufactureItemDescription />
      <UnitQty>יח`</UnitQty>
      <Quantity>1</Quantity>
      <UnitMeasure>יח`</UnitMeasure>
      <BisWeighted>0</BisWeighted>
      <QtyInPackage>1</QtyInPackage>
      <ItemPrice>18.90</ItemPrice>
      <UnitOfMeasurePrice>18.90</UnitOfMeasurePrice>
      <AllowDiscount>1</AllowDiscount>
      <itemStatus>1</itemStatus>
      <LastUpdateDate />
      <LastUpdateTime />
    </Product>
    <Product>
      <PriceUpdateDate>2015/05/28 14:02</PriceUpdateDate>
      <ItemCode>7290000193649</ItemCode>
      <ItemType>1</ItemType>
      <ItemName>תחבושות נורמל עם כנפיים לילי (24)</ItemName>
      <ManufactureName>קימברלי קלארק ישראל שיווק בעמ</ManufactureName>
      <ManufactureCountry />
      <ManufactureItemDescription />
      <UnitQty>יח`</UnitQty>
      <Quantity>1</Quantity>
      <UnitMeasure>יח`</UnitMeasure>
      <BisWeighted>0</BisWeighted>
      <QtyInPackage>1</QtyInPackage>
      <ItemPrice>17.90</ItemPrice>
      <UnitOfMeasurePrice>17.90</UnitOfMeasurePrice>
      <AllowDiscount>1</AllowDiscount>
      <itemStatus>1</itemStatus>
      <LastUpdateDate />
      <LastUpdateTime />
    </Product>
    <Product>
      <PriceUpdateDate>2015/05/28 14:02</PriceUpdateDate>
      <ItemCode>7290000193656</ItemCode>
      <ItemType>1</ItemType>
      <ItemName>תחבושות נטורל סופר עם כנפיים לילי (24)</ItemName>
      <ManufactureName>קימברלי קלארק ישראל שיווק בעמ</ManufactureName>
      <ManufactureCountry />
      <ManufactureItemDescription />
      <UnitQty>יח`</UnitQty>
      <Quantity>100</Quantity>
      <UnitMeasure>גרם</UnitMeasure>
      <BisWeighted>0</BisWeighted>
      <QtyInPackage>1</QtyInPackage>
      <ItemPrice>17.90</ItemPrice>
      <UnitOfMeasurePrice>17.90</UnitOfMeasurePrice>
      <AllowDiscount>1</AllowDiscount>
      <itemStatus>1</itemStatus>
      <LastUpdateDate />
      <LastUpdateTime />
    </Product>
    <Product>
      <PriceUpdateDate>2018/12/31 11:52</PriceUpdateDate>
      <ItemCode>7290000194837</ItemCode>
      <ItemType>1</ItemType>
      <ItemName>שקיות מזון גדולות עם ידית ניקול (200)</ItemName>
      <ManufactureName>קימברלי קלארק ישראל שיווק בעמ</ManufactureName>
      <ManufactureCountry />
      <ManufactureItemDescription />
      <UnitQty>יח`</UnitQty>
      <Quantity>1</Quantity>
      <UnitMeasure />
      <BisWeighted>0</BisWeighted>
      <QtyInPackage>1</QtyInPackage>
      <ItemPrice>13.90</ItemPrice>
      <UnitOfMeasurePrice>13.90</UnitOfMeasurePrice>
      <AllowDiscount>1</AllowDiscount>
      <itemStatus>1</itemStatus>
      <LastUpdateDate />
      <LastUpdateTime />
    </Product>
    <Product>
      <PriceUpdateDate>2020/02/26 06:43</PriceUpdateDate>
      <ItemCode>7290000195537</ItemCode>
      <ItemType>1</ItemType>
      <ItemName>מגבוני האגיס רביעייה ללא בישום</ItemName>
      <ManufactureName>קימברלי קלארק ישראל שיווק בעמ</ManufactureName>
      <ManufactureCountry />
      <ManufactureItemDescription />
      <UnitQty>יח`</UnitQty>
      <Quantity>1</Quantity>
      <UnitMeasure />
      <BisWeighted>0</BisWeighted>
      <QtyInPackage>1</QtyInPackage>
      <ItemPrice>19.90</ItemPrice>
      <UnitOfMeasurePrice>19.90</UnitOfMeasurePrice>
      <AllowDiscount>1</AllowDiscount>
      <itemStatus>1</itemStatus>
      <LastUpdateDate />
      <LastUpdateTime />
    </Product>
    <Product>
      <PriceUpdateDate>2020/02/26 06:43</PriceUpdateDate>
      <ItemCode>7290000195544</ItemCode>
      <ItemType>1</ItemType>
      <ItemName>מגבונים לחים מבושמים האגיס (72x4)</ItemName>
      <ManufactureName>קימברלי קלארק ישראל שיווק בעמ</ManufactureName>
      <ManufactureCountry />
      <ManufactureItemDescription />
      <UnitQty>יח`</UnitQty>
      <Quantity>1</Quantity>
      <UnitMeasure />
      <BisWeighted>0</BisWeighted>
      <QtyInPackage>1</QtyInPackage>
      <ItemPrice>19.90</ItemPrice>
      <UnitOfMeasurePrice>19.90</UnitOfMeasurePrice>
      <AllowDiscount>1</AllowDiscount>
      <itemStatus>1</itemStatus>
      <LastUpdateDate />
      <LastUpdateTime />
    </Product>
    <Product>
      <PriceUpdateDate>2015/05/28 14:02</PriceUpdateDate>
      <ItemCode>7290000196763</ItemCode>
      <ItemType>1</ItemType>
      <ItemName>שקיות אשפה חזקות במיוחד 65x52 ניקול (40)</ItemName>
      <ManufactureName>קימברלי קלארק ישראל שיווק בעמ</ManufactureName>
      <ManufactureCountry />
      <ManufactureItemDescription />
      <UnitQty>יח`</UnitQty>
      <Quantity>1</Quantity>
      <UnitMeasure>יח`</UnitMeasure>
      <BisWeighted>0</BisWeighted>
      <QtyInPackage>1</QtyInPackage>
      <ItemPrice>27.90</ItemPrice>
      <UnitOfMeasurePrice>27.90</UnitOfMeasurePrice>
      <AllowDiscount>0</AllowDiscount>
      <itemStatus>1</itemStatus>
      <LastUpdateDate />
      <LastUpdateTime />
    </Product>
    <Product>
      <PriceUpdateDate>2015/01/12 15:01</PriceUpdateDate>
      <ItemCode>7290000197012</ItemCode>
      <ItemType>1</ItemType>
      <ItemName>שקית  ריצ`רץ`למזון ניקול) (15</ItemName>
      <ManufactureName>קימברלי קלארק ישראל שיווק בעמ</ManufactureName>
      <ManufactureCountry />
      <ManufactureItemDescription />
      <UnitQty>יח`</UnitQty>
      <Quantity>15</Quantity>
      <UnitMeasure>יח`</UnitMeasure>
      <BisWeighted>0</BisWeighted>
      <QtyInPackage>1</QtyInPackage>
      <ItemPrice>13.90</ItemPrice>
      <UnitOfMeasurePrice>0.93</UnitOfMeasurePrice>
      <AllowDiscount>0</AllowDiscount>
      <itemStatus>1</itemStatus>
      <LastUpdateDate />
      <LastUpdateTime />
    </Product>
    <Product>
      <PriceUpdateDate>2015/12/02 12:18</PriceUpdateDate>
      <ItemCode>7290000197029</ItemCode>
      <ItemType>1</ItemType>
      <ItemName>שקיות  ריצ`רץ`רב תכליתיות ניקול) (12</ItemName>
      <ManufactureName>קימברלי קלארק ישראל שיווק בעמ</ManufactureName>
      <ManufactureCountry />
      <ManufactureItemDescription />
      <UnitQty>יח`</UnitQty>
      <Quantity>12</Quantity>
      <UnitMeasure>יח`</UnitMeasure>
      <BisWeighted>0</BisWeighted>
      <QtyInPackage>1</QtyInPackage>
      <ItemPrice>14.90</ItemPrice>
      <UnitOfMeasurePrice>1.24</UnitOfMeasurePrice>
      <AllowDiscount>0</AllowDiscount>
      <itemStatus>1</itemStatus>
      <LastUpdateDate />
      <LastUpdateTime />
    </Product>
    <Product>
      <PriceUpdateDate>2014/12/30 14:24</PriceUpdateDate>
      <ItemCode>7290000197081</ItemCode>
      <ItemType>1</ItemType>
      <ItemName>ניילונית 150 מ</ItemName>
      <ManufactureName>קימברלי קלארק ישראל שיווק בעמ</ManufactureName>
      <ManufactureCountry />
      <ManufactureItemDescription />
      <UnitQty>יח`</UnitQty>
      <Quantity>150</Quantity>
      <UnitMeasure />
      <BisWeighted>0</BisWeighted>
      <QtyInPackage>1</QtyInPackage>
      <ItemPrice>36.90</ItemPrice>
      <UnitOfMeasurePrice>0.25</UnitOfMeasurePrice>
      <AllowDiscount>1</AllowDiscount>
      <itemStatus>1</itemStatus>
      <LastUpdateDate />
      <LastUpdateTime />
    </Product>
    <Product>
      <PriceUpdateDate>2018/12/31 11:52</PriceUpdateDate>
      <ItemCode>7290000197326</ItemCode>
      <ItemType>1</ItemType>
      <ItemName>רדיד אלומיניום זוג רגיל ניקול</ItemName>
      <ManufactureName>קימברלי קלארק ישראל שיווק בעמ</ManufactureName>
      <ManufactureCountry />
      <ManufactureItemDescription />
      <UnitQty>יח`</UnitQty>
      <Quantity>200</Quantity>
      <UnitMeasure>גרם</UnitMeasure>
      <BisWeighted>0</BisWeighted>
      <QtyInPackage>1</QtyInPackage>
      <ItemPrice>14.90</ItemPrice>
      <UnitOfMeasurePrice>7.45</UnitOfMeasurePrice>
      <AllowDiscount>0</AllowDiscount>
      <itemStatus>1</itemStatus>
      <LastUpdateDate />
      <LastUpdateTime />
    </Product>
    <Product>
      <PriceUpdateDate>2014/08/17 15:02</PriceUpdateDate>
      <ItemCode>7290000197340</ItemCode>
      <ItemType>1</ItemType>
      <ItemName>ניקול-רדיד אלומיניום זוג 45</ItemName>
      <ManufactureName>קימברלי קלארק ישראל שיווק בעמ</ManufactureName>
      <ManufactureCountry />
      <ManufactureItemDescription />
      <UnitQty>יח`</UnitQty>
      <Quantity>1</Quantity>
      <UnitMeasure>יח`</UnitMeasure>
      <BisWeighted>0</BisWeighted>
      <QtyInPackage>1</QtyInPackage>
      <ItemPrice>19.90</ItemPrice>
      <UnitOfMeasurePrice>19.90</UnitOfMeasurePrice>
      <AllowDiscount>1</AllowDiscount>
      <itemStatus>1</itemStatus>
      <LastUpdateDate />
      <LastUpdateTime />
    </Product>
    <Product>
      <PriceUpdateDate>2019/03/24 12:39</PriceUpdateDate>
      <ItemCode>7290000197425</ItemCode>
      <ItemType>1</ItemType>
      <ItemName>חיתולי פרידום דריי שלב 3 האגיס (52)</ItemName>
      <ManufactureName>קימברלי קלארק ישראל שיווק בעמ</ManufactureName>
      <ManufactureCountry />
      <ManufactureItemDescription />
      <UnitQty>יח`</UnitQty>
      <Quantity>1</Quantity>
      <UnitMeasure />
      <BisWeighted>0</BisWeighted>
      <QtyInPackage>1</QtyInPackage>
      <ItemPrice>39.90</ItemPrice>
      <UnitOfMeasurePrice>39.90</UnitOfMeasurePrice>
      <AllowDiscount>1</AllowDiscount>
      <itemStatus>1</itemStatus>
      <LastUpdateDate />
      <LastUpdateTime />
    </Product>
    <Product>
      <PriceUpdateDate>2014/08/17 15:02</PriceUpdateDate>
      <ItemCode>7290000197432</ItemCode>
      <ItemType>1</ItemType>
      <ItemName>זוג סנדוויצ`ון ניקול (150x2)</ItemName>
      <ManufactureName>קימברלי קלארק ישראל שיווק בעמ</ManufactureName>
      <ManufactureCountry />
      <ManufactureItemDescription />
      <UnitQty>יח`</UnitQty>
      <Quantity>2</Quantity>
      <UnitMeasure>יח`</UnitMeasure>
      <BisWeighted>0</BisWeighted>
      <QtyInPackage>1</QtyInPackage>
      <ItemPrice>14.90</ItemPrice>
      <UnitOfMeasurePrice>7.45</UnitOfMeasurePrice>
      <AllowDiscount>0</AllowDiscount>
      <itemStatus>1</itemStatus>
      <LastUpdateDate />
      <LastUpdateTime />
    </Product>
    <Product>
      <PriceUpdateDate>2019/03/24 12:39</PriceUpdateDate>
      <ItemCode>7290000197456</ItemCode>
      <ItemType>1</ItemType>
      <ItemName>חיתולי פרידום דריי שלב 4 האגיס (44)</ItemName>
      <ManufactureName>קימברלי קלארק ישראל שיווק בעמ</ManufactureName>
      <ManufactureCountry />
      <ManufactureItemDescription />
      <UnitQty>יח`</UnitQty>
      <Quantity>1</Quantity>
      <UnitMeasure />
      <BisWeighted>0</BisWeighted>
      <QtyInPackage>1</QtyInPackage>
      <ItemPrice>39.90</ItemPrice>
      <UnitOfMeasurePrice>39.90</UnitOfMeasurePrice>
      <AllowDiscount>1</AllowDiscount>
      <itemStatus>1</itemStatus>
      <LastUpdateDate />
      <LastUpdateTime />
    </Product>
    <Product>
      <PriceUpdateDate>2019/03/24 12:39</PriceUpdateDate>
      <ItemCode>7290000197463</ItemCode>
      <ItemType>1</ItemType>
      <ItemName>חיתולי פרידום דריי שלב +4 האגיס (40)</ItemName>
      <ManufactureName>קימברלי קלארק ישראל שיווק בעמ</ManufactureName>
      <ManufactureCountry />
      <ManufactureItemDescription />
      <UnitQty>יח`</UnitQty>
      <Quantity>1</Quantity>
      <UnitMeasure />
      <BisWeighted>0</BisWeighted>
      <QtyInPackage>1</QtyInPackage>
      <ItemPrice>39.90</ItemPrice>
      <UnitOfMeasurePrice>39.90</UnitOfMeasurePrice>
      <AllowDiscount>1</AllowDiscount>
      <itemStatus>1</itemStatus>
      <LastUpdateDate />
      <LastUpdateTime />
    </Product>
    <Product>
      <PriceUpdateDate>2014/08/17 15:02</PriceUpdateDate>
      <ItemCode>7290000197470</ItemCode>
      <ItemType>1</ItemType>
      <ItemName>שקיות רב שימושיות ניקול) (250</ItemName>
      <ManufactureName>קימברלי קלארק ישראל שיווק בעמ</ManufactureName>
      <ManufactureCountry />
      <ManufactureItemDescription />
      <UnitQty>יח`</UnitQty>
      <Quantity>200</Quantity>
      <UnitMeasure>יח`</UnitMeasure>
      <BisWeighted>0</BisWeighted>
      <QtyInPackage>1</QtyInPackage>
      <ItemPrice>14.90</ItemPrice>
      <UnitOfMeasurePrice>0.07</UnitOfMeasurePrice>
      <AllowDiscount>0</AllowDiscount>
      <itemStatus>1</itemStatus>
      <LastUpdateDate />
      <LastUpdateTime />
    </Product>
    <Product>
      <PriceUpdateDate>2019/03/24 12:39</PriceUpdateDate>
      <ItemCode>7290000197548</ItemCode>
      <ItemType>1</ItemType>
      <ItemName>חיתולי פרידום דריי שלב 5 האגיס (36)</ItemName>
      <ManufactureName>קימברלי קלארק ישראל שיווק בעמ</ManufactureName>
      <ManufactureCountry />
      <ManufactureItemDescription />
      <UnitQty>יח`</UnitQty>
      <Quantity>1</Quantity>
      <UnitMeasure />
      <BisWeighted>0</BisWeighted>
      <QtyInPackage>1</QtyInPackage>
      <ItemPrice>39.90</ItemPrice>
      <UnitOfMeasurePrice>39.90</UnitOfMeasurePrice>
      <AllowDiscount>1</AllowDiscount>
      <itemStatus>1</itemStatus>
      <LastUpdateDate />
      <LastUpdateTime />
    </Product>
    <Product>
      <PriceUpdateDate>2015/01/05 09:50</PriceUpdateDate>
      <ItemCode>7290000197654</ItemCode>
      <ItemType>1</ItemType>
      <ItemName>שקיות אשפה לפח 90x75 ניקול) (50</ItemName>
      <ManufactureName>קימברלי קלארק ישראל שיווק בעמ</ManufactureName>
      <ManufactureCountry />
      <ManufactureItemDescription />
      <UnitQty>יח`</UnitQty>
      <Quantity>50</Quantity>
      <UnitMeasure>יח`</UnitMeasure>
      <BisWeighted>0</BisWeighted>
      <QtyInPackage>1</QtyInPackage>
      <ItemPrice>20.90</ItemPrice>
      <UnitOfMeasurePrice>0.42</UnitOfMeasurePrice>
      <AllowDiscount>0</AllowDiscount>
      <itemStatus>1</itemStatus>
      <LastUpdateDate />
      <LastUpdateTime />
    </Product>
    <Product>
      <PriceUpdateDate>2019/03/24 12:39</PriceUpdateDate>
      <ItemCode>7290000197678</ItemCode>
      <ItemType>1</ItemType>
      <ItemName>חיתולי פרידום דריי שלב 6 האגיס (30)</ItemName>
      <ManufactureName>קימברלי קלארק ישראל שיווק בעמ</ManufactureName>
      <ManufactureCountry />
      <ManufactureItemDescription />
      <UnitQty>יח`</UnitQty>
      <Quantity>1</Quantity>
      <UnitMeasure />
      <BisWeighted>0</BisWeighted>
      <QtyInPackage>1</QtyInPackage>
      <ItemPrice>39.90</ItemPrice>
      <UnitOfMeasurePrice>39.90</UnitOfMeasurePrice>
      <AllowDiscount>1</AllowDiscount>
      <itemStatus>1</itemStatus>
      <LastUpdateDate />
      <LastUpdateTime />
    </Product>
    <Product>
      <PriceUpdateDate>2018/12/31 11:52</PriceUpdateDate>
      <ItemCode>7290000197753</ItemCode>
      <ItemType>1</ItemType>
      <ItemName>זוג ניילון נצמד ניקול (30x2 מטר)</ItemName>
      <ManufactureName>קימברלי קלארק ישראל שיווק בעמ</ManufactureName>
      <ManufactureCountry />
      <ManufactureItemDescription />
      <UnitQty>יח`</UnitQty>
      <Quantity>1</Quantity>
      <UnitMeasure>יח`</UnitMeasure>
      <BisWeighted>0</BisWeighted>
      <QtyInPackage>1</QtyInPackage>
      <ItemPrice>12.90</ItemPrice>
      <UnitOfMeasurePrice>12.90</UnitOfMeasurePrice>
      <AllowDiscount>0</AllowDiscount>
      <itemStatus>1</itemStatus>
      <LastUpdateDate />
      <LastUpdateTime />
    </Product>
    <Product>
      <PriceUpdateDate>2014/11/03 10:30</PriceUpdateDate>
      <ItemCode>7290000197982</ItemCode>
      <ItemType>1</ItemType>
      <ItemName>ניקול-רדיד עבה 7.5*45</ItemName>
      <ManufactureName>קימברלי קלארק ישראל שיווק בעמ</ManufactureName>
      <ManufactureCountry />
      <ManufactureItemDescription />
      <UnitQty>יח`</UnitQty>
      <Quantity>2</Quantity>
      <UnitMeasure>יח`</UnitMeasure>
      <BisWeighted>0</BisWeighted>
      <QtyInPackage>1</QtyInPackage>
      <ItemPrice>23.90</ItemPrice>
      <UnitOfMeasurePrice>11.95</UnitOfMeasurePrice>
      <AllowDiscount>0</AllowDiscount>
      <itemStatus>1</itemStatus>
      <LastUpdateDate />
      <LastUpdateTime />
    </Product>
    <Product>
      <PriceUpdateDate>2015/05/28 14:02</PriceUpdateDate>
      <ItemCode>7290000199313</ItemCode>
      <ItemType>1</ItemType>
      <ItemName>תחבושות קוטקס יאנג</ItemName>
      <ManufactureName>קימברלי קלארק ישראל שיווק בעמ</ManufactureName>
      <ManufactureCountry />
      <ManufactureItemDescription />
      <UnitQty>יח`</UnitQty>
      <Quantity>1</Quantity>
      <UnitMeasure />
      <BisWeighted>0</BisWeighted>
      <QtyInPackage>1</QtyInPackage>
      <ItemPrice>19.90</ItemPrice>
      <UnitOfMeasurePrice>19.90</UnitOfMeasurePrice>
      <AllowDiscount>1</AllowDiscount>
      <itemStatus>1</itemStatus>
      <LastUpdateDate />
      <LastUpdateTime />
    </Product>
    <Product>
      <PriceUpdateDate>2017/02/05 07:59</PriceUpdateDate>
      <ItemCode>7290000201832</ItemCode>
      <ItemType>1</ItemType>
      <ItemName>חיתולי פרימיום שלב 3 טיטולים (50)</ItemName>
      <ManufactureName>קימברלי קלארק ישראל שיווק בעמ</ManufactureName>
      <ManufactureCountry />
      <ManufactureItemDescription />
      <UnitQty>יח`</UnitQty>
      <Quantity>1</Quantity>
      <UnitMeasure />
      <BisWeighted>0</BisWeighted>
      <QtyInPackage>1</QtyInPackage>
      <ItemPrice>39.90</ItemPrice>
      <UnitOfMeasurePrice>39.90</UnitOfMeasurePrice>
      <AllowDiscount>1</AllowDiscount>
      <itemStatus>1</itemStatus>
      <LastUpdateDate />
      <LastUpdateTime />
    </Product>
    <Product>
      <PriceUpdateDate>2017/02/05 07:59</PriceUpdateDate>
      <ItemCode>7290000201849</ItemCode>
      <ItemType>1</ItemType>
      <ItemName>חיתולי פרימיום שלב 4 טיטולים (40)</ItemName>
      <ManufactureName>קימברלי קלארק ישראל שיווק בעמ</ManufactureName>
      <ManufactureCountry />
      <ManufactureItemDescription />
      <UnitQty>יח`</UnitQty>
      <Quantity>1</Quantity>
      <UnitMeasure />
      <BisWeighted>0</BisWeighted>
      <QtyInPackage>1</QtyInPackage>
      <ItemPrice>39.90</ItemPrice>
      <UnitOfMeasurePrice>39.90</UnitOfMeasurePrice>
      <AllowDiscount>1</AllowDiscount>
      <itemStatus>1</itemStatus>
      <LastUpdateDate />
      <LastUpdateTime />
    </Product>
    <Product>
      <PriceUpdateDate>2017/02/05 07:59</PriceUpdateDate>
      <ItemCode>7290000201856</ItemCode>
      <ItemType>1</ItemType>
      <ItemName>חיתולי פרימיום שלב 4+ טיטולים (38)</ItemName>
      <ManufactureName>קימברלי קלארק ישראל שיווק בעמ</ManufactureName>
      <ManufactureCountry />
      <ManufactureItemDescription />
      <UnitQty>יח`</UnitQty>
      <Quantity>1</Quantity>
      <UnitMeasure />
      <BisWeighted>0</BisWeighted>
      <QtyInPackage>1</QtyInPackage>
      <ItemPrice>39.90</ItemPrice>
      <UnitOfMeasurePrice>39.90</UnitOfMeasurePrice>
      <AllowDiscount>1</AllowDiscount>
      <itemStatus>1</itemStatus>
      <LastUpdateDate />
      <LastUpdateTime />
    </Product>
    <Product>
      <PriceUpdateDate>2017/02/05 07:59</PriceUpdateDate>
      <ItemCode>7290000201863</ItemCode>
      <ItemType>1</ItemType>
      <ItemName>חיתולי פרימיום שלב 5 טיטולים (34)</ItemName>
      <ManufactureName>קימברלי קלארק ישראל שיווק בעמ</ManufactureName>
      <ManufactureCountry />
      <ManufactureItemDescription />
      <UnitQty>יח`</UnitQty>
      <Quantity>1</Quantity>
      <UnitMeasure />
      <BisWeighted>0</BisWeighted>
      <QtyInPackage>1</QtyInPackage>
      <ItemPrice>39.90</ItemPrice>
      <UnitOfMeasurePrice>39.90</UnitOfMeasurePrice>
      <AllowDiscount>1</AllowDiscount>
      <itemStatus>1</itemStatus>
      <LastUpdateDate />
      <LastUpdateTime />
    </Product>
    <Product>
      <PriceUpdateDate>2017/02/05 07:59</PriceUpdateDate>
      <ItemCode>7290000201870</ItemCode>
      <ItemType>1</ItemType>
      <ItemName>חיתולי פרימיום שלב 6 טיטולים (30)</ItemName>
      <ManufactureName>קימברלי קלארק ישראל שיווק בעמ</ManufactureName>
      <ManufactureCountry />
      <ManufactureItemDescription />
      <UnitQty>יח`</UnitQty>
      <Quantity>1</Quantity>
      <UnitMeasure />
      <BisWeighted>0</BisWeighted>
      <QtyInPackage>1</QtyInPackage>
      <ItemPrice>39.90</ItemPrice>
      <UnitOfMeasurePrice>39.90</UnitOfMeasurePrice>
      <AllowDiscount>1</AllowDiscount>
      <itemStatus>1</itemStatus>
      <LastUpdateDate />
      <LastUpdateTime />
    </Product>
    <Product>
      <PriceUpdateDate>2019/09/04 09:38</PriceUpdateDate>
      <ItemCode>7290000204086</ItemCode>
      <ItemType>1</ItemType>
      <ItemName>כריות קרצוף סקוטש ניקול (3)</ItemName>
      <ManufactureName>קימברלי קלארק ישראל שיווק בעמ</ManufactureName>
      <ManufactureCountry />
      <ManufactureItemDescription />
      <UnitQty>יח`</UnitQty>
      <Quantity>3</Quantity>
      <UnitMeasure>יח`</UnitMeasure>
      <BisWeighted>0</BisWeighted>
      <QtyInPackage>1</QtyInPackage>
      <ItemPrice>11.90</ItemPrice>
      <UnitOfMeasurePrice>3.97</UnitOfMeasurePrice>
      <AllowDiscount>1</AllowDiscount>
      <itemStatus>1</itemStatus>
      <LastUpdateDate />
      <LastUpdateTime />
    </Product>
    <Product>
      <PriceUpdateDate>2019/09/04 09:38</PriceUpdateDate>
      <ItemCode>7290000204147</ItemCode>
      <ItemType>1</ItemType>
      <ItemName>כרית יפנית רביעייה ניקול</ItemName>
      <ManufactureName>קימברלי קלארק ישראל שיווק בעמ</ManufactureName>
      <ManufactureCountry />
      <ManufactureItemDescription />
      <UnitQty>יח`</UnitQty>
      <Quantity>4</Quantity>
      <UnitMeasure>יח`</UnitMeasure>
      <BisWeighted>0</BisWeighted>
      <QtyInPackage>1</QtyInPackage>
      <ItemPrice>11.90</ItemPrice>
      <UnitOfMeasurePrice>2.98</UnitOfMeasurePrice>
      <AllowDiscount>1</AllowDiscount>
      <itemStatus>1</itemStatus>
      <LastUpdateDate />
      <LastUpdateTime />
    </Product>
    <Product>
      <PriceUpdateDate>2019/09/04 09:38</PriceUpdateDate>
      <ItemCode>7290000204215</ItemCode>
      <ItemType>1</ItemType>
      <ItemName>כריות יפניות ניקול (6)</ItemName>
      <ManufactureName>קימברלי קלארק ישראל שיווק בעמ</ManufactureName>
      <ManufactureCountry />
      <ManufactureItemDescription />
      <UnitQty>יח`</UnitQty>
      <Quantity>600</Quantity>
      <UnitMeasure>גרם</UnitMeasure>
      <BisWeighted>0</BisWeighted>
      <QtyInPackage>1</QtyInPackage>
      <ItemPrice>11.90</ItemPrice>
      <UnitOfMeasurePrice>1.98</UnitOfMeasurePrice>
      <AllowDiscount>1</AllowDiscount>
      <itemStatus>1</itemStatus>
      <LastUpdateDate />
      <LastUpdateTime />
    </Product>
    <Product>
      <PriceUpdateDate>2019/09/04 09:38</PriceUpdateDate>
      <ItemCode>7290000204239</ItemCode>
      <ItemType>1</ItemType>
      <ItemName>ניקול מטליות רצפה רביעיה</ItemName>
      <ManufactureName>קימברלי קלארק ישראל שיווק בעמ</ManufactureName>
      <ManufactureCountry />
      <ManufactureItemDescription />
      <UnitQty>יח`</UnitQty>
      <Quantity>4</Quantity>
      <UnitMeasure>יח`</UnitMeasure>
      <BisWeighted>0</BisWeighted>
      <QtyInPackage>1</QtyInPackage>
      <ItemPrice>12.90</ItemPrice>
      <UnitOfMeasurePrice>3.23</UnitOfMeasurePrice>
      <AllowDiscount>1</AllowDiscount>
      <itemStatus>1</itemStatus>
      <LastUpdateDate />
      <LastUpdateTime />
    </Product>
    <Product>
      <PriceUpdateDate>2019/09/04 09:38</PriceUpdateDate>
      <ItemCode>7290000204253</ItemCode>
      <ItemType>1</ItemType>
      <ItemName>מטליות רב שימושיות לניקיון ניקול (9)</ItemName>
      <ManufactureName>קימברלי קלארק ישראל שיווק בעמ</ManufactureName>
      <ManufactureCountry />
      <ManufactureItemDescription />
      <UnitQty>יח`</UnitQty>
      <Quantity>9</Quantity>
      <UnitMeasure>יח`</UnitMeasure>
      <BisWeighted>0</BisWeighted>
      <QtyInPackage>1</QtyInPackage>
      <ItemPrice>11.90</ItemPrice>
      <UnitOfMeasurePrice>1.32</UnitOfMeasurePrice>
      <AllowDiscount>1</AllowDiscount>
      <itemStatus>1</itemStatus>
      <LastUpdateDate />
      <LastUpdateTime />
    </Product>
    <Product>
      <PriceUpdateDate>2019/09/04 09:38</PriceUpdateDate>
      <ItemCode>7290000204512</ItemCode>
      <ItemType>1</ItemType>
      <ItemName>מטליות לחות לרצפה בריח לימון 10 יח</ItemName>
      <ManufactureName>קימברלי קלארק ישראל שיווק בעמ</ManufactureName>
      <ManufactureCountry />
      <ManufactureItemDescription />
      <UnitQty>יח`</UnitQty>
      <Quantity>1</Quantity>
      <UnitMeasure />
      <BisWeighted>0</BisWeighted>
      <QtyInPackage>1</QtyInPackage>
      <ItemPrice>13.90</ItemPrice>
      <UnitOfMeasurePrice>13.90</UnitOfMeasurePrice>
      <AllowDiscount>1</AllowDiscount>
      <itemStatus>1</itemStatus>
      <LastUpdateDate />
      <LastUpdateTime />
    </Product>
    <Product>
      <PriceUpdateDate>2019/09/04 09:39</PriceUpdateDate>
      <ItemCode>7290000204611</ItemCode>
      <ItemType>1</ItemType>
      <ItemName>ספוגית הקסם המקורית ניקול (6)</ItemName>
      <ManufactureName>קימברלי קלארק ישראל שיווק בעמ</ManufactureName>
      <ManufactureCountry />
      <ManufactureItemDescription />
      <UnitQty>יח`</UnitQty>
      <Quantity>6</Quantity>
      <UnitMeasure>יח`</UnitMeasure>
      <BisWeighted>0</BisWeighted>
      <QtyInPackage>1</QtyInPackage>
      <ItemPrice>10.90</ItemPrice>
      <UnitOfMeasurePrice>1.82</UnitOfMeasurePrice>
      <AllowDiscount>1</AllowDiscount>
      <itemStatus>1</itemStatus>
      <LastUpdateDate />
      <LastUpdateTime />
    </Product>
    <Product>
      <PriceUpdateDate>2017/08/17 14:37</PriceUpdateDate>
      <ItemCode>7290000205762</ItemCode>
      <ItemType>1</ItemType>
      <ItemName>האגיס חיתולי אקסטרה קר 3 48 יח</ItemName>
      <ManufactureName>קימברלי קלארק ישראל שיווק בעמ</ManufactureName>
      <ManufactureCountry />
      <ManufactureItemDescription />
      <UnitQty>יח`</UnitQty>
      <Quantity>1</Quantity>
      <UnitMeasure />
      <BisWeighted>0</BisWeighted>
      <QtyInPackage>1</QtyInPackage>
      <ItemPrice>44.90</ItemPrice>
      <UnitOfMeasurePrice>44.90</UnitOfMeasurePrice>
      <AllowDiscount>1</AllowDiscount>
      <itemStatus>1</itemStatus>
      <LastUpdateDate />
      <LastUpdateTime />
    </Product>
    <Product>
      <PriceUpdateDate>2019/04/07 10:07</PriceUpdateDate>
      <ItemCode>7290000207162</ItemCode>
      <ItemType>1</ItemType>
      <ItemName>רוטב עגבניות 22% יכין (100 גרם)</ItemName>
      <ManufactureName>זנלכל בעמ</ManufactureName>
      <ManufactureCountry />
      <ManufactureItemDescription />
      <UnitQty>יח`</UnitQty>
      <Quantity>100</Quantity>
      <UnitMeasure>גרם</UnitMeasure>
      <BisWeighted>0</BisWeighted>
      <QtyInPackage>1</QtyInPackage>
      <ItemPrice>1.90</ItemPrice>
      <UnitOfMeasurePrice>1.90</UnitOfMeasurePrice>
      <AllowDiscount>1</AllowDiscount>
      <itemStatus>1</itemStatus>
      <LastUpdateDate />
      <LastUpdateTime />
    </Product>
    <Product>
      <PriceUpdateDate>2016/10/10 09:40</PriceUpdateDate>
      <ItemCode>7290000207438</ItemCode>
      <ItemType>1</ItemType>
      <ItemName>עגב` קוביות</ItemName>
      <ManufactureName>זנלכל בעמ</ManufactureName>
      <ManufactureCountry />
      <ManufactureItemDescription />
      <UnitQty>יח`</UnitQty>
      <Quantity>800</Quantity>
      <UnitMeasure>גרם</UnitMeasure>
      <BisWeighted>0</BisWeighted>
      <QtyInPackage>1</QtyInPackage>
      <ItemPrice>6.90</ItemPrice>
      <UnitOfMeasurePrice>0.86</UnitOfMeasurePrice>
      <AllowDiscount>1</AllowDiscount>
      <itemStatus>1</itemStatus>
      <LastUpdateDate />
      <LastUpdateTime />
    </Product>
    <Product>
      <PriceUpdateDate>2016/10/10 09:40</PriceUpdateDate>
      <ItemCode>7290000208008</ItemCode>
      <ItemType>1</ItemType>
      <ItemName>חריסה יכין A2</ItemName>
      <ManufactureName>זנלכל בעמ</ManufactureName>
      <ManufactureCountry />
      <ManufactureItemDescription />
      <UnitQty>יח`</UnitQty>
      <Quantity>570</Quantity>
      <UnitMeasure>גרם</UnitMeasure>
      <BisWeighted>0</BisWeighted>
      <QtyInPackage>1</QtyInPackage>
      <ItemPrice>6.90</ItemPrice>
      <UnitOfMeasurePrice>1.21</UnitOfMeasurePrice>
      <AllowDiscount>0</AllowDiscount>
      <itemStatus>1</itemStatus>
      <LastUpdateDate />
      <LastUpdateTime />
    </Product>
    <Product>
      <PriceUpdateDate>2016/10/10 09:40</PriceUpdateDate>
      <ItemCode>7290000208022</ItemCode>
      <ItemType>1</ItemType>
      <ItemName>עגבניות מרוסקות יכין (800 גרם)</ItemName>
      <ManufactureName>זנלכל בעמ</ManufactureName>
      <ManufactureCountry />
      <ManufactureItemDescription />
      <UnitQty>יח`</UnitQty>
      <Quantity>800</Quantity>
      <UnitMeasure>גרם</UnitMeasure>
      <BisWeighted>0</BisWeighted>
      <QtyInPackage>1</QtyInPackage>
      <ItemPrice>6.90</ItemPrice>
      <UnitOfMeasurePrice>0.86</UnitOfMeasurePrice>
      <AllowDiscount>1</AllowDiscount>
      <itemStatus>1</itemStatus>
      <LastUpdateDate />
      <LastUpdateTime />
    </Product>
    <Product>
      <PriceUpdateDate>2016/10/10 09:40</PriceUpdateDate>
      <ItemCode>7290000208077</ItemCode>
      <ItemType>1</ItemType>
      <ItemName>אפונת גינה גדולה יכין (550 גרם)</ItemName>
      <ManufactureName>זנלכל בעמ</ManufactureName>
      <ManufactureCountry />
      <ManufactureItemDescription />
      <UnitQty>יח`</UnitQty>
      <Quantity>550</Quantity>
      <UnitMeasure>גרם</UnitMeasure>
      <BisWeighted>0</BisWeighted>
      <QtyInPackage>1</QtyInPackage>
      <ItemPrice>5.90</ItemPrice>
      <UnitOfMeasurePrice>1.07</UnitOfMeasurePrice>
      <AllowDiscount>0</AllowDiscount>
      <itemStatus>1</itemStatus>
      <LastUpdateDate />
      <LastUpdateTime />
    </Product>
    <Product>
      <PriceUpdateDate>2016/10/10 09:40</PriceUpdateDate>
      <ItemCode>7290000208114</ItemCode>
      <ItemType>1</ItemType>
      <ItemName>אפונת גינה וגזר יכין (550 גרם)</ItemName>
      <ManufactureName>זנלכל בעמ</ManufactureName>
      <ManufactureCountry />
      <ManufactureItemDescription />
      <UnitQty>יח`</UnitQty>
      <Quantity>550</Quantity>
      <UnitMeasure>גרם</UnitMeasure>
      <BisWeighted>0</BisWeighted>
      <QtyInPackage>1</QtyInPackage>
      <ItemPrice>5.90</ItemPrice>
      <UnitOfMeasurePrice>1.07</UnitOfMeasurePrice>
      <AllowDiscount>0</AllowDiscount>
      <itemStatus>1</itemStatus>
      <LastUpdateDate />
      <LastUpdateTime />
    </Product>
    <Product>
      <PriceUpdateDate>2018/02/05 13:51</PriceUpdateDate>
      <ItemCode>7290000208138</ItemCode>
      <ItemType>1</ItemType>
      <ItemName>סירופ דיאט בטעם ענבים יכין (1 ליטר)</ItemName>
      <ManufactureName>זנלכל בעמ</ManufactureName>
      <ManufactureCountry />
      <ManufactureItemDescription />
      <UnitQty>יח`</UnitQty>
      <Quantity>1000</Quantity>
      <UnitMeasure>גרם</UnitMeasure>
      <BisWeighted>0</BisWeighted>
      <QtyInPackage>1</QtyInPackage>
      <ItemPrice>7.90</ItemPrice>
      <UnitOfMeasurePrice>0.79</UnitOfMeasurePrice>
      <AllowDiscount>1</AllowDiscount>
      <itemStatus>1</itemStatus>
      <LastUpdateDate />
      <LastUpdateTime />
    </Product>
    <Product>
      <PriceUpdateDate>2018/05/03 14:51</PriceUpdateDate>
      <ItemCode>7290000208145</ItemCode>
      <ItemType>1</ItemType>
      <ItemName>תירס לייט יכין (550 גרם)</ItemName>
      <ManufactureName>זנלכל בעמ</ManufactureName>
      <ManufactureCountry />
      <ManufactureItemDescription />
      <UnitQty>יח`</UnitQty>
      <Quantity>550</Quantity>
      <UnitMeasure>גרם</UnitMeasure>
      <BisWeighted>0</BisWeighted>
      <QtyInPackage>1</QtyInPackage>
      <ItemPrice>6.90</ItemPrice>
      <UnitOfMeasurePrice>1.25</UnitOfMeasurePrice>
      <AllowDiscount>0</AllowDiscount>
      <itemStatus>1</itemStatus>
      <LastUpdateDate />
      <LastUpdateTime />
    </Product>
    <Product>
      <PriceUpdateDate>2016/10/10 09:40</PriceUpdateDate>
      <ItemCode>7290000208213</ItemCode>
      <ItemType>1</ItemType>
      <ItemName>שעועית לבנה ברוטב עגבניות יכין (580 גרם)</ItemName>
      <ManufactureName>זנלכל בעמ</ManufactureName>
      <ManufactureCountry />
      <ManufactureItemDescription />
      <UnitQty>יח`</UnitQty>
      <Quantity>580</Quantity>
      <UnitMeasure>גרם</UnitMeasure>
      <BisWeighted>0</BisWeighted>
      <QtyInPackage>1</QtyInPackage>
      <ItemPrice>5.90</ItemPrice>
      <UnitOfMeasurePrice>1.02</UnitOfMeasurePrice>
      <AllowDiscount>0</AllowDiscount>
      <itemStatus>1</itemStatus>
      <LastUpdateDate />
      <LastUpdateTime />
    </Product>
    <Product>
      <PriceUpdateDate>2018/02/05 13:51</PriceUpdateDate>
      <ItemCode>7290000208220</ItemCode>
      <ItemType>1</ItemType>
      <ItemName>שעועית צ`ילי מקסיקני חריף יכין (550 גרם)</ItemName>
      <ManufactureName>זנלכל בעמ</ManufactureName>
      <ManufactureCountry />
      <ManufactureItemDescription />
      <UnitQty>יח`</UnitQty>
      <Quantity>580</Quantity>
      <UnitMeasure>גרם</UnitMeasure>
      <BisWeighted>0</BisWeighted>
      <QtyInPackage>1</QtyInPackage>
      <ItemPrice>6.90</ItemPrice>
      <UnitOfMeasurePrice>1.19</UnitOfMeasurePrice>
      <AllowDiscount>0</AllowDiscount>
      <itemStatus>1</itemStatus>
      <LastUpdateDate />
      <LastUpdateTime />
    </Product>
    <Product>
      <PriceUpdateDate>2016/10/13 11:52</PriceUpdateDate>
      <ItemCode>7290000208312</ItemCode>
      <ItemType>1</ItemType>
      <ItemName>גרעיני תירס מתוק יכין</ItemName>
      <ManufactureName>זנלכל בעמ</ManufactureName>
      <ManufactureCountry />
      <ManufactureItemDescription />
      <UnitQty>יח`</UnitQty>
      <Quantity>340</Quantity>
      <UnitMeasure>גרם</UnitMeasure>
      <BisWeighted>0</BisWeighted>
      <QtyInPackage>1</QtyInPackage>
      <ItemPrice>4.90</ItemPrice>
      <UnitOfMeasurePrice>1.44</UnitOfMeasurePrice>
      <AllowDiscount>0</AllowDiscount>
      <itemStatus>1</itemStatus>
      <LastUpdateDate />
      <LastUpdateTime />
    </Product>
    <Product>
      <PriceUpdateDate>2016/10/10 09:40</PriceUpdateDate>
      <ItemCode>7290000208329</ItemCode>
      <ItemType>1</ItemType>
      <ItemName>גרעיני תירס מתוק יכין (550 גרם)</ItemName>
      <ManufactureName>זנלכל בעמ</ManufactureName>
      <ManufactureCountry />
      <ManufactureItemDescription />
      <UnitQty>יח`</UnitQty>
      <Quantity>550</Quantity>
      <UnitMeasure>גרם</UnitMeasure>
      <BisWeighted>0</BisWeighted>
      <QtyInPackage>1</QtyInPackage>
      <ItemPrice>5.90</ItemPrice>
      <UnitOfMeasurePrice>1.07</UnitOfMeasurePrice>
      <AllowDiscount>1</AllowDiscount>
      <itemStatus>1</itemStatus>
      <LastUpdateDate />
      <LastUpdateTime />
    </Product>
    <Product>
      <PriceUpdateDate>2016/10/10 09:40</PriceUpdateDate>
      <ItemCode>7290000208336</ItemCode>
      <ItemType>1</ItemType>
      <ItemName>רוטב עגבניות 22% יכין (260 גרם)</ItemName>
      <ManufactureName>זנלכל בעמ</ManufactureName>
      <ManufactureCountry />
      <ManufactureItemDescription />
      <UnitQty>יח`</UnitQty>
      <Quantity>260</Quantity>
      <UnitMeasure>גרם</UnitMeasure>
      <BisWeighted>0</BisWeighted>
      <QtyInPackage>1</QtyInPackage>
      <ItemPrice>3.50</ItemPrice>
      <UnitOfMeasurePrice>1.35</UnitOfMeasurePrice>
      <AllowDiscount>1</AllowDiscount>
      <itemStatus>1</itemStatus>
      <LastUpdateDate />
      <LastUpdateTime />
    </Product>
    <Product>
      <PriceUpdateDate>2016/10/13 11:52</PriceUpdateDate>
      <ItemCode>7290000208343</ItemCode>
      <ItemType>1</ItemType>
      <ItemName>עגבניות מרוסקות עם שום יכין (800 גרם)</ItemName>
      <ManufactureName>זנלכל בעמ</ManufactureName>
      <ManufactureCountry />
      <ManufactureItemDescription />
      <UnitQty>יח`</UnitQty>
      <Quantity>800</Quantity>
      <UnitMeasure>גרם</UnitMeasure>
      <BisWeighted>0</BisWeighted>
      <QtyInPackage>1</QtyInPackage>
      <ItemPrice>6.90</ItemPrice>
      <UnitOfMeasurePrice>0.86</UnitOfMeasurePrice>
      <AllowDiscount>1</AllowDiscount>
      <itemStatus>1</itemStatus>
      <LastUpdateDate />
      <LastUpdateTime />
    </Product>
    <Product>
      <PriceUpdateDate>2016/10/13 11:52</PriceUpdateDate>
      <ItemCode>7290000208367</ItemCode>
      <ItemType>1</ItemType>
      <ItemName>עגב. מרוסקות בזיליקום (800 גרם)</ItemName>
      <ManufactureName>זנלכל בעמ</ManufactureName>
      <ManufactureCountry />
      <ManufactureItemDescription />
      <UnitQty>יח`</UnitQty>
      <Quantity>800</Quantity>
      <UnitMeasure>גרם</UnitMeasure>
      <BisWeighted>0</BisWeighted>
      <QtyInPackage>1</QtyInPackage>
      <ItemPrice>6.90</ItemPrice>
      <UnitOfMeasurePrice>0.86</UnitOfMeasurePrice>
      <AllowDiscount>1</AllowDiscount>
      <itemStatus>1</itemStatus>
      <LastUpdateDate />
      <LastUpdateTime />
    </Product>
    <Product>
      <PriceUpdateDate>2016/10/10 09:40</PriceUpdateDate>
      <ItemCode>7290000208404</ItemCode>
      <ItemType>1</ItemType>
      <ItemName>פול מצרי יכין (550 גרם)</ItemName>
      <ManufactureName>זנלכל בעמ</ManufactureName>
      <ManufactureCountry />
      <ManufactureItemDescription />
      <UnitQty>יח`</UnitQty>
      <Quantity>550</Quantity>
      <UnitMeasure>גרם</UnitMeasure>
      <BisWeighted>0</BisWeighted>
      <QtyInPackage>1</QtyInPackage>
      <ItemPrice>5.90</ItemPrice>
      <UnitOfMeasurePrice>1.07</UnitOfMeasurePrice>
      <AllowDiscount>0</AllowDiscount>
      <itemStatus>1</itemStatus>
      <LastUpdateDate />
      <LastUpdateTime />
    </Product>
    <Product>
      <PriceUpdateDate>2013/12/31 12:18</PriceUpdateDate>
      <ItemCode>7290000208428</ItemCode>
      <ItemType>1</ItemType>
      <ItemName>חומוס שלם יכין (550 גרם)</ItemName>
      <ManufactureName>זנלכל בעמ</ManufactureName>
      <ManufactureCountry />
      <ManufactureItemDescription />
      <UnitQty>יח`</UnitQty>
      <Quantity>550</Quantity>
      <UnitMeasure>גרם</UnitMeasure>
      <BisWeighted>0</BisWeighted>
      <QtyInPackage>1</QtyInPackage>
      <ItemPrice>5.90</ItemPrice>
      <UnitOfMeasurePrice>1.07</UnitOfMeasurePrice>
      <AllowDiscount>1</AllowDiscount>
      <itemStatus>1</itemStatus>
      <LastUpdateDate />
      <LastUpdateTime />
    </Product>
    <Product>
      <PriceUpdateDate>2018/05/03 14:51</PriceUpdateDate>
      <ItemCode>7290000208534</ItemCode>
      <ItemType>1</ItemType>
      <ItemName>תירס קיד גרעיני תירס מתוק יכין (550 גרם)</ItemName>
      <ManufactureName>זנלכל בעמ</ManufactureName>
      <ManufactureCountry />
      <ManufactureItemDescription />
      <UnitQty>יח`</UnitQty>
      <Quantity>550</Quantity>
      <UnitMeasure>גרם</UnitMeasure>
      <BisWeighted>0</BisWeighted>
      <QtyInPackage>1</QtyInPackage>
      <ItemPrice>6.90</ItemPrice>
      <UnitOfMeasurePrice>1.25</UnitOfMeasurePrice>
      <AllowDiscount>0</AllowDiscount>
      <itemStatus>1</itemStatus>
      <LastUpdateDate />
      <LastUpdateTime />
    </Product>
    <Product>
      <PriceUpdateDate>2018/02/05 13:51</PriceUpdateDate>
      <ItemCode>7290000208930</ItemCode>
      <ItemType>1</ItemType>
      <ItemName>עגבניות מרוסקות עם שום יכין (260 גרם)</ItemName>
      <ManufactureName>זנלכל בעמ</ManufactureName>
      <ManufactureCountry />
      <ManufactureItemDescription />
      <UnitQty>יח`</UnitQty>
      <Quantity>260</Quantity>
      <UnitMeasure>גרם</UnitMeasure>
      <BisWeighted>0</BisWeighted>
      <QtyInPackage>1</QtyInPackage>
      <ItemPrice>4.90</ItemPrice>
      <UnitOfMeasurePrice>1.88</UnitOfMeasurePrice>
      <AllowDiscount>0</AllowDiscount>
      <itemStatus>1</itemStatus>
      <LastUpdateDate />
      <LastUpdateTime />
    </Product>
    <Product>
      <PriceUpdateDate>2018/02/05 13:51</PriceUpdateDate>
      <ItemCode>7290000208947</ItemCode>
      <ItemType>1</ItemType>
      <ItemName>עגבניות מרוסקות יכין (260 גרם)</ItemName>
      <ManufactureName>זנלכל בעמ</ManufactureName>
      <ManufactureCountry />
      <ManufactureItemDescription />
      <UnitQty>יח`</UnitQty>
      <Quantity>260</Quantity>
      <UnitMeasure>גרם</UnitMeasure>
      <BisWeighted>0</BisWeighted>
      <QtyInPackage>1</QtyInPackage>
      <ItemPrice>4.90</ItemPrice>
      <UnitOfMeasurePrice>1.88</UnitOfMeasurePrice>
      <AllowDiscount>0</AllowDiscount>
      <itemStatus>1</itemStatus>
      <LastUpdateDate />
      <LastUpdateTime />
    </Product>
    <Product>
      <PriceUpdateDate>2016/10/10 09:40</PriceUpdateDate>
      <ItemCode>7290000209043</ItemCode>
      <ItemType>1</ItemType>
      <ItemName>רוטב לימון משומר לתיבול יכין (1 ליטר)</ItemName>
      <ManufactureName>זנלכל בעמ</ManufactureName>
      <ManufactureCountry />
      <ManufactureItemDescription />
      <UnitQty>יח`</UnitQty>
      <Quantity>1000</Quantity>
      <UnitMeasure>גרם</UnitMeasure>
      <BisWeighted>0</BisWeighted>
      <QtyInPackage>1</QtyInPackage>
      <ItemPrice>7.90</ItemPrice>
      <UnitOfMeasurePrice>0.79</UnitOfMeasurePrice>
      <AllowDiscount>1</AllowDiscount>
      <itemStatus>1</itemStatus>
      <LastUpdateDate />
      <LastUpdateTime />
    </Product>
    <Product>
      <PriceUpdateDate>2016/10/10 09:40</PriceUpdateDate>
      <ItemCode>7290000209173</ItemCode>
      <ItemType>1</ItemType>
      <ItemName>חומץ סינטטי 5% יכין (1 ליטר)</ItemName>
      <ManufactureName>זנלכל בעמ</ManufactureName>
      <ManufactureCountry />
      <ManufactureItemDescription />
      <UnitQty>יח`</UnitQty>
      <Quantity>1000</Quantity>
      <UnitMeasure>גרם</UnitMeasure>
      <BisWeighted>0</BisWeighted>
      <QtyInPackage>1</QtyInPackage>
      <ItemPrice>4.90</ItemPrice>
      <UnitOfMeasurePrice>0.49</UnitOfMeasurePrice>
      <AllowDiscount>0</AllowDiscount>
      <itemStatus>1</itemStatus>
      <LastUpdateDate />
      <LastUpdateTime />
    </Product>
    <Product>
      <PriceUpdateDate>2016/10/10 09:40</PriceUpdateDate>
      <ItemCode>7290000209371</ItemCode>
      <ItemType>1</ItemType>
      <ItemName>מארז גרעיני תירס מתוק יכין (165x3 גרם)</ItemName>
      <ManufactureName>זנלכל בעמ</ManufactureName>
      <ManufactureCountry />
      <ManufactureItemDescription />
      <UnitQty>יח`</UnitQty>
      <Quantity>165</Quantity>
      <UnitMeasure>גרם</UnitMeasure>
      <BisWeighted>0</BisWeighted>
      <QtyInPackage>1</QtyInPackage>
      <ItemPrice>9.90</ItemPrice>
      <UnitOfMeasurePrice>6</UnitOfMeasurePrice>
      <AllowDiscount>0</AllowDiscount>
      <itemStatus>1</itemStatus>
      <LastUpdateDate />
      <LastUpdateTime />
    </Product>
    <Product>
      <PriceUpdateDate>2016/10/10 09:40</PriceUpdateDate>
      <ItemCode>7290000209388</ItemCode>
      <ItemType>1</ItemType>
      <ItemName>תירס לייט שלשות OZ6</ItemName>
      <ManufactureName>זנלכל בעמ</ManufactureName>
      <ManufactureCountry />
      <ManufactureItemDescription />
      <UnitQty>יח`</UnitQty>
      <Quantity>165</Quantity>
      <UnitMeasure>גרם</UnitMeasure>
      <BisWeighted>0</BisWeighted>
      <QtyInPackage>1</QtyInPackage>
      <ItemPrice>9.90</ItemPrice>
      <UnitOfMeasurePrice>6</UnitOfMeasurePrice>
      <AllowDiscount>0</AllowDiscount>
      <itemStatus>1</itemStatus>
      <LastUpdateDate />
      <LastUpdateTime />
    </Product>
    <Product>
      <PriceUpdateDate>2018/02/05 13:51</PriceUpdateDate>
      <ItemCode>7290000209524</ItemCode>
      <ItemType>1</ItemType>
      <ItemName>סירופ דיאט בטעם פטל יכין (1 ליטר)</ItemName>
      <ManufactureName>זנלכל בעמ</ManufactureName>
      <ManufactureCountry />
      <ManufactureItemDescription />
      <UnitQty>יח`</UnitQty>
      <Quantity>1000</Quantity>
      <UnitMeasure>גרם</UnitMeasure>
      <BisWeighted>0</BisWeighted>
      <QtyInPackage>1</QtyInPackage>
      <ItemPrice>7.90</ItemPrice>
      <UnitOfMeasurePrice>0.79</UnitOfMeasurePrice>
      <AllowDiscount>1</AllowDiscount>
      <itemStatus>1</itemStatus>
      <LastUpdateDate />
      <LastUpdateTime />
    </Product>
    <Product>
      <PriceUpdateDate>2018/02/05 13:51</PriceUpdateDate>
      <ItemCode>7290000209555</ItemCode>
      <ItemType>1</ItemType>
      <ItemName>סירופ 1 ליטר דיאט תפוחים</ItemName>
      <ManufactureName>זנלכל בעמ</ManufactureName>
      <ManufactureCountry />
      <ManufactureItemDescription />
      <UnitQty>יח`</UnitQty>
      <Quantity>1000</Quantity>
      <UnitMeasure>גרם</UnitMeasure>
      <BisWeighted>0</BisWeighted>
      <QtyInPackage>1</QtyInPackage>
      <ItemPrice>7.90</ItemPrice>
      <UnitOfMeasurePrice>0.79</UnitOfMeasurePrice>
      <AllowDiscount>1</AllowDiscount>
      <itemStatus>1</itemStatus>
      <LastUpdateDate />
      <LastUpdateTime />
    </Product>
    <Product>
      <PriceUpdateDate>2018/02/05 13:51</PriceUpdateDate>
      <ItemCode>7290000209579</ItemCode>
      <ItemType>1</ItemType>
      <ItemName>סירופ דיאט בטעם אננס יכין (1 ליטר)</ItemName>
      <ManufactureName>זנלכל בעמ</ManufactureName>
      <ManufactureCountry />
      <ManufactureItemDescription />
      <UnitQty>יח`</UnitQty>
      <Quantity>1000</Quantity>
      <UnitMeasure>גרם</UnitMeasure>
      <BisWeighted>0</BisWeighted>
      <QtyInPackage>1</QtyInPackage>
      <ItemPrice>7.90</ItemPrice>
      <UnitOfMeasurePrice>0.79</UnitOfMeasurePrice>
      <AllowDiscount>1</AllowDiscount>
      <itemStatus>1</itemStatus>
      <LastUpdateDate />
      <LastUpdateTime />
    </Product>
    <Product>
      <PriceUpdateDate>2018/02/05 13:51</PriceUpdateDate>
      <ItemCode>7290000209708</ItemCode>
      <ItemType>1</ItemType>
      <ItemName>עגבניות מרוסקות בזיליקום 260  גר`יכין</ItemName>
      <ManufactureName>זנלכל בעמ</ManufactureName>
      <ManufactureCountry />
      <ManufactureItemDescription />
      <UnitQty>יח`</UnitQty>
      <Quantity>260</Quantity>
      <UnitMeasure>גרם</UnitMeasure>
      <BisWeighted>0</BisWeighted>
      <QtyInPackage>1</QtyInPackage>
      <ItemPrice>4.90</ItemPrice>
      <UnitOfMeasurePrice>1.88</UnitOfMeasurePrice>
      <AllowDiscount>0</AllowDiscount>
      <itemStatus>1</itemStatus>
      <LastUpdateDate />
      <LastUpdateTime />
    </Product>
    <Product>
      <PriceUpdateDate>2016/10/10 09:40</PriceUpdateDate>
      <ItemCode>7290000209722</ItemCode>
      <ItemType>1</ItemType>
      <ItemName>פריכוז רוטב עגבניות 28% יכין (580 גרם)</ItemName>
      <ManufactureName>זנלכל בעמ</ManufactureName>
      <ManufactureCountry />
      <ManufactureItemDescription />
      <UnitQty>יח`</UnitQty>
      <Quantity>580</Quantity>
      <UnitMeasure>גרם</UnitMeasure>
      <BisWeighted>0</BisWeighted>
      <QtyInPackage>1</QtyInPackage>
      <ItemPrice>6.90</ItemPrice>
      <UnitOfMeasurePrice>1.19</UnitOfMeasurePrice>
      <AllowDiscount>0</AllowDiscount>
      <itemStatus>1</itemStatus>
      <LastUpdateDate />
      <LastUpdateTime />
    </Product>
    <Product>
      <PriceUpdateDate>2018/02/05 13:51</PriceUpdateDate>
      <ItemCode>7290000209951</ItemCode>
      <ItemType>1</ItemType>
      <ItemName>רוטב לפיצה יכין (260 גרם)</ItemName>
      <ManufactureName>זנלכל בעמ</ManufactureName>
      <ManufactureCountry />
      <ManufactureItemDescription />
      <UnitQty>יח`</UnitQty>
      <Quantity>260</Quantity>
      <UnitMeasure>גרם</UnitMeasure>
      <BisWeighted>0</BisWeighted>
      <QtyInPackage>1</QtyInPackage>
      <ItemPrice>4.90</ItemPrice>
      <UnitOfMeasurePrice>1.88</UnitOfMeasurePrice>
      <AllowDiscount>0</AllowDiscount>
      <itemStatus>1</itemStatus>
      <LastUpdateDate />
      <LastUpdateTime />
    </Product>
    <Product>
      <PriceUpdateDate>2014/04/22 20:22</PriceUpdateDate>
      <ItemCode>7290000211312</ItemCode>
      <ItemType>1</ItemType>
      <ItemName>אורז מלא ארוך סוגת (1 קג)</ItemName>
      <ManufactureName>סוגת תעשיות בעמ</ManufactureName>
      <ManufactureCountry />
      <ManufactureItemDescription />
      <UnitQty>יח`</UnitQty>
      <Quantity>1000</Quantity>
      <UnitMeasure>גרם</UnitMeasure>
      <BisWeighted>0</BisWeighted>
      <QtyInPackage>1</QtyInPackage>
      <ItemPrice>10.90</ItemPrice>
      <UnitOfMeasurePrice>1.09</UnitOfMeasurePrice>
      <AllowDiscount>0</AllowDiscount>
      <itemStatus>1</itemStatus>
      <LastUpdateDate />
      <LastUpdateTime />
    </Product>
    <Product>
      <PriceUpdateDate>2015/06/28 14:11</PriceUpdateDate>
      <ItemCode>7290000211374</ItemCode>
      <ItemType>1</ItemType>
      <ItemName>קמח חיטה מלא סוגת (1 קג)</ItemName>
      <ManufactureName>סוגת תעשיות בעמ</ManufactureName>
      <ManufactureCountry />
      <ManufactureItemDescription />
      <UnitQty>יח`</UnitQty>
      <Quantity>1000</Quantity>
      <UnitMeasure>גרם</UnitMeasure>
      <BisWeighted>0</BisWeighted>
      <QtyInPackage>1</QtyInPackage>
      <ItemPrice>8.90</ItemPrice>
      <UnitOfMeasurePrice>0.89</UnitOfMeasurePrice>
      <AllowDiscount>1</AllowDiscount>
      <itemStatus>1</itemStatus>
      <LastUpdateDate />
      <LastUpdateTime />
    </Product>
    <Product>
      <PriceUpdateDate>2018/07/15 07:59</PriceUpdateDate>
      <ItemCode>7290000211442</ItemCode>
      <ItemType>1</ItemType>
      <ItemName>אורז בסגנון פרסי קלאסי סוגת (1 קג)</ItemName>
      <ManufactureName>סוגת תעשיות בעמ</ManufactureName>
      <ManufactureCountry />
      <ManufactureItemDescription />
      <UnitQty>יח`</UnitQty>
      <Quantity>1</Quantity>
      <UnitMeasure>ק"ג</UnitMeasure>
      <BisWeighted>0</BisWeighted>
      <QtyInPackage>1</QtyInPackage>
      <ItemPrice>9.90</ItemPrice>
      <UnitOfMeasurePrice>9.90</UnitOfMeasurePrice>
      <AllowDiscount>0</AllowDiscount>
      <itemStatus>1</itemStatus>
      <LastUpdateDate />
      <LastUpdateTime />
    </Product>
    <Product>
      <PriceUpdateDate>2017/03/30 08:34</PriceUpdateDate>
      <ItemCode>7290000211503</ItemCode>
      <ItemType>1</ItemType>
      <ItemName>סוכר לבן סוגת (1 קג)</ItemName>
      <ManufactureName>סוגת תעשיות בעמ</ManufactureName>
      <ManufactureCountry />
      <ManufactureItemDescription />
      <UnitQty>יח`</UnitQty>
      <Quantity>1000</Quantity>
      <UnitMeasure>גרם</UnitMeasure>
      <BisWeighted>0</BisWeighted>
      <QtyInPackage>1</QtyInPackage>
      <ItemPrice>3.90</ItemPrice>
      <UnitOfMeasurePrice>0.39</UnitOfMeasurePrice>
      <AllowDiscount>0</AllowDiscount>
      <itemStatus>1</itemStatus>
      <LastUpdateDate />
      <LastUpdateTime />
    </Product>
    <Product>
      <PriceUpdateDate>2014/04/23 12:03</PriceUpdateDate>
      <ItemCode>7290000211985</ItemCode>
      <ItemType>1</ItemType>
      <ItemName>אורז ריזוטו עגול סוגת (1 קג)</ItemName>
      <ManufactureName>סוגת תעשיות בעמ</ManufactureName>
      <ManufactureCountry />
      <ManufactureItemDescription />
      <UnitQty>יח`</UnitQty>
      <Quantity>1000</Quantity>
      <UnitMeasure>גרם</UnitMeasure>
      <BisWeighted>0</BisWeighted>
      <QtyInPackage>1</QtyInPackage>
      <ItemPrice>9.90</ItemPrice>
      <UnitOfMeasurePrice>0.99</UnitOfMeasurePrice>
      <AllowDiscount>0</AllowDiscount>
      <itemStatus>1</itemStatus>
      <LastUpdateDate />
      <LastUpdateTime />
    </Product>
    <Product>
      <PriceUpdateDate>2018/05/03 14:51</PriceUpdateDate>
      <ItemCode>7290000226514</ItemCode>
      <ItemType>1</ItemType>
      <ItemName>עוגת היום פס ריבת חלב קפולסקי (450 גרם)</ItemName>
      <ManufactureName>קפולסקי אדל בעמ</ManufactureName>
      <ManufactureCountry />
      <ManufactureItemDescription />
      <UnitQty>יח`</UnitQty>
      <Quantity>450</Quantity>
      <UnitMeasure>גרם</UnitMeasure>
      <BisWeighted>0</BisWeighted>
      <QtyInPackage>1</QtyInPackage>
      <ItemPrice>34.90</ItemPrice>
      <UnitOfMeasurePrice>7.76</UnitOfMeasurePrice>
      <AllowDiscount>0</AllowDiscount>
      <itemStatus>1</itemStatus>
      <LastUpdateDate />
      <LastUpdateTime />
    </Product>
    <Product>
      <PriceUpdateDate>2018/05/03 14:51</PriceUpdateDate>
      <ItemCode>7290000226545</ItemCode>
      <ItemType>1</ItemType>
      <ItemName>עוגת טורט היער השחור 1 קג</ItemName>
      <ManufactureName>קפולסקי אדל בעמ</ManufactureName>
      <ManufactureCountry />
      <ManufactureItemDescription />
      <UnitQty>יח`</UnitQty>
      <Quantity>1000</Quantity>
      <UnitMeasure>גרם</UnitMeasure>
      <BisWeighted>0</BisWeighted>
      <QtyInPackage>1</QtyInPackage>
      <ItemPrice>59.90</ItemPrice>
      <UnitOfMeasurePrice>5.99</UnitOfMeasurePrice>
      <AllowDiscount>0</AllowDiscount>
      <itemStatus>1</itemStatus>
      <LastUpdateDate />
      <LastUpdateTime />
    </Product>
    <Product>
      <PriceUpdateDate>2018/05/03 14:51</PriceUpdateDate>
      <ItemCode>7290000226552</ItemCode>
      <ItemType>1</ItemType>
      <ItemName>טורט קצפת וניל ריץ` (1 קג)</ItemName>
      <ManufactureName>קפולסקי אדל בעמ</ManufactureName>
      <ManufactureCountry />
      <ManufactureItemDescription />
      <UnitQty>יח`</UnitQty>
      <Quantity>1000</Quantity>
      <UnitMeasure>גרם</UnitMeasure>
      <BisWeighted>0</BisWeighted>
      <QtyInPackage>1</QtyInPackage>
      <ItemPrice>59.90</ItemPrice>
      <UnitOfMeasurePrice>5.99</UnitOfMeasurePrice>
      <AllowDiscount>0</AllowDiscount>
      <itemStatus>1</itemStatus>
      <LastUpdateDate />
      <LastUpdateTime />
    </Product>
    <Product>
      <PriceUpdateDate>2018/05/03 14:51</PriceUpdateDate>
      <ItemCode>7290000226569</ItemCode>
      <ItemType>1</ItemType>
      <ItemName>עוגת טורט קצפת שוקולד קפולסקי (1 קג)</ItemName>
      <ManufactureName>קפולסקי אדל בעמ</ManufactureName>
      <ManufactureCountry />
      <ManufactureItemDescription />
      <UnitQty>יח`</UnitQty>
      <Quantity>1000</Quantity>
      <UnitMeasure>גרם</UnitMeasure>
      <BisWeighted>0</BisWeighted>
      <QtyInPackage>1</QtyInPackage>
      <ItemPrice>59.90</ItemPrice>
      <UnitOfMeasurePrice>5.99</UnitOfMeasurePrice>
      <AllowDiscount>0</AllowDiscount>
      <itemStatus>1</itemStatus>
      <LastUpdateDate />
      <LastUpdateTime />
    </Product>
    <Product>
      <PriceUpdateDate>2018/05/03 14:51</PriceUpdateDate>
      <ItemCode>7290000226576</ItemCode>
      <ItemType>1</ItemType>
      <ItemName>עוגת טורט מצופה שוקולד 1 קג</ItemName>
      <ManufactureName>קפולסקי אדל בעמ</ManufactureName>
      <ManufactureCountry />
      <ManufactureItemDescription />
      <UnitQty>יח`</UnitQty>
      <Quantity>1000</Quantity>
      <UnitMeasure>גרם</UnitMeasure>
      <BisWeighted>0</BisWeighted>
      <QtyInPackage>1</QtyInPackage>
      <ItemPrice>59.90</ItemPrice>
      <UnitOfMeasurePrice>5.99</UnitOfMeasurePrice>
      <AllowDiscount>0</AllowDiscount>
      <itemStatus>1</itemStatus>
      <LastUpdateDate />
      <LastUpdateTime />
    </Product>
    <Product>
      <PriceUpdateDate>2018/05/03 14:51</PriceUpdateDate>
      <ItemCode>7290000226613</ItemCode>
      <ItemType>1</ItemType>
      <ItemName>עוגת דובוש מצופה שוקולד 450 גר.</ItemName>
      <ManufactureName>קפולסקי אדל בעמ</ManufactureName>
      <ManufactureCountry />
      <ManufactureItemDescription />
      <UnitQty>יח`</UnitQty>
      <Quantity>450</Quantity>
      <UnitMeasure>גרם</UnitMeasure>
      <BisWeighted>0</BisWeighted>
      <QtyInPackage>1</QtyInPackage>
      <ItemPrice>34.90</ItemPrice>
      <UnitOfMeasurePrice>7.76</UnitOfMeasurePrice>
      <AllowDiscount>0</AllowDiscount>
      <itemStatus>1</itemStatus>
      <LastUpdateDate />
      <LastUpdateTime />
    </Product>
    <Product>
      <PriceUpdateDate>2017/06/05 11:17</PriceUpdateDate>
      <ItemCode>7290000238029</ItemCode>
      <ItemType>1</ItemType>
      <ItemName>בצק עלים צרפתי מרודד מעדנות (1 קג)</ItemName>
      <ManufactureName>תנובה קפואים</ManufactureName>
      <ManufactureCountry />
      <ManufactureItemDescription />
      <UnitQty>יח`</UnitQty>
      <Quantity>1000</Quantity>
      <UnitMeasure>גרם</UnitMeasure>
      <BisWeighted>0</BisWeighted>
      <QtyInPackage>1</QtyInPackage>
      <ItemPrice>21.90</ItemPrice>
      <UnitOfMeasurePrice>2.19</UnitOfMeasurePrice>
      <AllowDiscount>1</AllowDiscount>
      <itemStatus>1</itemStatus>
      <LastUpdateDate />
      <LastUpdateTime />
    </Product>
    <Product>
      <PriceUpdateDate>2015/04/13 11:37</PriceUpdateDate>
      <ItemCode>7290000238036</ItemCode>
      <ItemType>1</ItemType>
      <ItemName>מלווח מעדנות (6 יח` - 700 גרם)</ItemName>
      <ManufactureName>תנובה קפואים</ManufactureName>
      <ManufactureCountry />
      <ManufactureItemDescription />
      <UnitQty>יח`</UnitQty>
      <Quantity>700</Quantity>
      <UnitMeasure>גרם</UnitMeasure>
      <BisWeighted>0</BisWeighted>
      <QtyInPackage>1</QtyInPackage>
      <ItemPrice>16.90</ItemPrice>
      <UnitOfMeasurePrice>2.41</UnitOfMeasurePrice>
      <AllowDiscount>1</AllowDiscount>
      <itemStatus>1</itemStatus>
      <LastUpdateDate />
      <LastUpdateTime />
    </Product>
    <Product>
      <PriceUpdateDate>2015/04/13 11:37</PriceUpdateDate>
      <ItemCode>7290000238173</ItemCode>
      <ItemType>1</ItemType>
      <ItemName>בורקס גבינה מעדנות</ItemName>
      <ManufactureName>תנובה קפואים</ManufactureName>
      <ManufactureCountry />
      <ManufactureItemDescription />
      <UnitQty>יח`</UnitQty>
      <Quantity>800</Quantity>
      <UnitMeasure>גרם</UnitMeasure>
      <BisWeighted>0</BisWeighted>
      <QtyInPackage>1</QtyInPackage>
      <ItemPrice>20.90</ItemPrice>
      <UnitOfMeasurePrice>2.61</UnitOfMeasurePrice>
      <AllowDiscount>1</AllowDiscount>
      <itemStatus>1</itemStatus>
      <LastUpdateDate />
      <LastUpdateTime />
    </Product>
    <Product>
      <PriceUpdateDate>2015/04/13 11:37</PriceUpdateDate>
      <ItemCode>7290000238180</ItemCode>
      <ItemType>1</ItemType>
      <ItemName>בורקס תפוא מעדנות</ItemName>
      <ManufactureName>תנובה קפואים</ManufactureName>
      <ManufactureCountry />
      <ManufactureItemDescription />
      <UnitQty>יח`</UnitQty>
      <Quantity>800</Quantity>
      <UnitMeasure>גרם</UnitMeasure>
      <BisWeighted>0</BisWeighted>
      <QtyInPackage>1</QtyInPackage>
      <ItemPrice>19.90</ItemPrice>
      <UnitOfMeasurePrice>2.49</UnitOfMeasurePrice>
      <AllowDiscount>1</AllowDiscount>
      <itemStatus>1</itemStatus>
      <LastUpdateDate />
      <LastUpdateTime />
    </Product>
    <Product>
      <PriceUpdateDate>2015/10/12 10:53</PriceUpdateDate>
      <ItemCode>7290000244761</ItemCode>
      <ItemType>1</ItemType>
      <ItemName>קרם ידיים ולוטה (80 גרם)</ItemName>
      <ManufactureName>הנקל סוד בעמ</ManufactureName>
      <ManufactureCountry />
      <ManufactureItemDescription />
      <UnitQty>יח`</UnitQty>
      <Quantity>80</Quantity>
      <UnitMeasure>מ"ל</UnitMeasure>
      <BisWeighted>0</BisWeighted>
      <QtyInPackage>1</QtyInPackage>
      <ItemPrice>10.90</ItemPrice>
      <UnitOfMeasurePrice>13.63</UnitOfMeasurePrice>
      <AllowDiscount>1</AllowDiscount>
      <itemStatus>1</itemStatus>
      <LastUpdateDate />
      <LastUpdateTime />
    </Product>
    <Product>
      <PriceUpdateDate>2016/04/07 08:18</PriceUpdateDate>
      <ItemCode>7290000245072</ItemCode>
      <ItemType>1</ItemType>
      <ItemName>מרכך כביסה בייבי סוד (4 ליטר)</ItemName>
      <ManufactureName>גורי שיווק בעמ</ManufactureName>
      <ManufactureCountry />
      <ManufactureItemDescription />
      <UnitQty>יח`</UnitQty>
      <Quantity>4000</Quantity>
      <UnitMeasure>מ"ל</UnitMeasure>
      <BisWeighted>0</BisWeighted>
      <QtyInPackage>1</QtyInPackage>
      <ItemPrice>17.90</ItemPrice>
      <UnitOfMeasurePrice>0.45</UnitOfMeasurePrice>
      <AllowDiscount>1</AllowDiscount>
      <itemStatus>1</itemStatus>
      <LastUpdateDate />
      <LastUpdateTime />
    </Product>
    <Product>
      <PriceUpdateDate>2016/04/07 08:18</PriceUpdateDate>
      <ItemCode>7290000245089</ItemCode>
      <ItemType>1</ItemType>
      <ItemName>מרכך כביסה סוד סופט 4 ליטר סגול</ItemName>
      <ManufactureName>גורי שיווק בעמ</ManufactureName>
      <ManufactureCountry />
      <ManufactureItemDescription />
      <UnitQty>יח`</UnitQty>
      <Quantity>4000</Quantity>
      <UnitMeasure>מ"ל</UnitMeasure>
      <BisWeighted>0</BisWeighted>
      <QtyInPackage>1</QtyInPackage>
      <ItemPrice>17.90</ItemPrice>
      <UnitOfMeasurePrice>0.45</UnitOfMeasurePrice>
      <AllowDiscount>1</AllowDiscount>
      <itemStatus>1</itemStatus>
      <LastUpdateDate />
      <LastUpdateTime />
    </Product>
    <Product>
      <PriceUpdateDate>2016/04/07 08:18</PriceUpdateDate>
      <ItemCode>7290000245157</ItemCode>
      <ItemType>1</ItemType>
      <ItemName>מרכך כביסה סוד סופט 4 ליטר לבן</ItemName>
      <ManufactureName>גורי שיווק בעמ</ManufactureName>
      <ManufactureCountry />
      <ManufactureItemDescription />
      <UnitQty>יח`</UnitQty>
      <Quantity>4000</Quantity>
      <UnitMeasure>מ"ל</UnitMeasure>
      <BisWeighted>0</BisWeighted>
      <QtyInPackage>1</QtyInPackage>
      <ItemPrice>17.90</ItemPrice>
      <UnitOfMeasurePrice>0.45</UnitOfMeasurePrice>
      <AllowDiscount>1</AllowDiscount>
      <itemStatus>1</itemStatus>
      <LastUpdateDate />
      <LastUpdateTime />
    </Product>
    <Product>
      <PriceUpdateDate>2017/02/09 09:12</PriceUpdateDate>
      <ItemCode>7290000245270</ItemCode>
      <ItemType>1</ItemType>
      <ItemName>אבקת כביסה פרסיל 1.250 קג`</ItemName>
      <ManufactureName>גורי שיווק בעמ</ManufactureName>
      <ManufactureCountry />
      <ManufactureItemDescription />
      <UnitQty>יח`</UnitQty>
      <Quantity>1250</Quantity>
      <UnitMeasure>גרם</UnitMeasure>
      <BisWeighted>0</BisWeighted>
      <QtyInPackage>1</QtyInPackage>
      <ItemPrice>14.90</ItemPrice>
      <UnitOfMeasurePrice>1.19</UnitOfMeasurePrice>
      <AllowDiscount>0</AllowDiscount>
      <itemStatus>1</itemStatus>
      <LastUpdateDate />
      <LastUpdateTime />
    </Product>
    <Product>
      <PriceUpdateDate>2017/02/09 09:12</PriceUpdateDate>
      <ItemCode>7290000245287</ItemCode>
      <ItemType>1</ItemType>
      <ItemName>אבקת כביסה פרסיל 1.250 קג`</ItemName>
      <ManufactureName>גורי שיווק בעמ</ManufactureName>
      <ManufactureCountry />
      <ManufactureItemDescription />
      <UnitQty>יח`</UnitQty>
      <Quantity>1250</Quantity>
      <UnitMeasure>גרם</UnitMeasure>
      <BisWeighted>0</BisWeighted>
      <QtyInPackage>1</QtyInPackage>
      <ItemPrice>14.90</ItemPrice>
      <UnitOfMeasurePrice>1.19</UnitOfMeasurePrice>
      <AllowDiscount>0</AllowDiscount>
      <itemStatus>1</itemStatus>
      <LastUpdateDate />
      <LastUpdateTime />
    </Product>
    <Product>
      <PriceUpdateDate>2016/02/08 11:11</PriceUpdateDate>
      <ItemCode>7290000245508</ItemCode>
      <ItemType>1</ItemType>
      <ItemName>קומפקט סוד 1.25  קג`שקית</ItemName>
      <ManufactureName>גורי שיווק בעמ</ManufactureName>
      <ManufactureCountry />
      <ManufactureItemDescription />
      <UnitQty>יח`</UnitQty>
      <Quantity>1250</Quantity>
      <UnitMeasure>גרם</UnitMeasure>
      <BisWeighted>0</BisWeighted>
      <QtyInPackage>1</QtyInPackage>
      <ItemPrice>11.90</ItemPrice>
      <UnitOfMeasurePrice>0.95</UnitOfMeasurePrice>
      <AllowDiscount>0</AllowDiscount>
      <itemStatus>1</itemStatus>
      <LastUpdateDate />
      <LastUpdateTime />
    </Product>
    <Product>
      <PriceUpdateDate>2016/02/08 11:11</PriceUpdateDate>
      <ItemCode>7290000245515</ItemCode>
      <ItemType>1</ItemType>
      <ItemName>קומפקט סוד 1.25  קג`שקית</ItemName>
      <ManufactureName>גורי שיווק בעמ</ManufactureName>
      <ManufactureCountry />
      <ManufactureItemDescription />
      <UnitQty>יח`</UnitQty>
      <Quantity>1250</Quantity>
      <UnitMeasure>גרם</UnitMeasure>
      <BisWeighted>0</BisWeighted>
      <QtyInPackage>1</QtyInPackage>
      <ItemPrice>11.90</ItemPrice>
      <UnitOfMeasurePrice>0.95</UnitOfMeasurePrice>
      <AllowDiscount>0</AllowDiscount>
      <itemStatus>1</itemStatus>
      <LastUpdateDate />
      <LastUpdateTime />
    </Product>
    <Product>
      <PriceUpdateDate>2016/02/08 11:11</PriceUpdateDate>
      <ItemCode>7290000245539</ItemCode>
      <ItemType>1</ItemType>
      <ItemName>קומפקט סוד 1.25  קג`שקית</ItemName>
      <ManufactureName>גורי שיווק בעמ</ManufactureName>
      <ManufactureCountry />
      <ManufactureItemDescription />
      <UnitQty>יח`</UnitQty>
      <Quantity>1250</Quantity>
      <UnitMeasure>גרם</UnitMeasure>
      <BisWeighted>0</BisWeighted>
      <QtyInPackage>1</QtyInPackage>
      <ItemPrice>11.90</ItemPrice>
      <UnitOfMeasurePrice>0.95</UnitOfMeasurePrice>
      <AllowDiscount>0</AllowDiscount>
      <itemStatus>1</itemStatus>
      <LastUpdateDate />
      <LastUpdateTime />
    </Product>
    <Product>
      <PriceUpdateDate>2016/04/07 08:18</PriceUpdateDate>
      <ItemCode>7290000245782</ItemCode>
      <ItemType>1</ItemType>
      <ItemName>מרכך כביסה ורוד סוד (4 ליטר)</ItemName>
      <ManufactureName>גורי שיווק בעמ</ManufactureName>
      <ManufactureCountry />
      <ManufactureItemDescription />
      <UnitQty>יח`</UnitQty>
      <Quantity>4000</Quantity>
      <UnitMeasure>מ"ל</UnitMeasure>
      <BisWeighted>0</BisWeighted>
      <QtyInPackage>1</QtyInPackage>
      <ItemPrice>17.90</ItemPrice>
      <UnitOfMeasurePrice>0.45</UnitOfMeasurePrice>
      <AllowDiscount>1</AllowDiscount>
      <itemStatus>1</itemStatus>
      <LastUpdateDate />
      <LastUpdateTime />
    </Product>
    <Product>
      <PriceUpdateDate>2016/04/07 08:18</PriceUpdateDate>
      <ItemCode>7290000245799</ItemCode>
      <ItemType>1</ItemType>
      <ItemName>מרכך כביסה כחול סוד (4 ליטר)</ItemName>
      <ManufactureName>גורי שיווק בעמ</ManufactureName>
      <ManufactureCountry />
      <ManufactureItemDescription />
      <UnitQty>יח`</UnitQty>
      <Quantity>4000</Quantity>
      <UnitMeasure>מ"ל</UnitMeasure>
      <BisWeighted>0</BisWeighted>
      <QtyInPackage>1</QtyInPackage>
      <ItemPrice>17.90</ItemPrice>
      <UnitOfMeasurePrice>0.45</UnitOfMeasurePrice>
      <AllowDiscount>1</AllowDiscount>
      <itemStatus>1</itemStatus>
      <LastUpdateDate />
      <LastUpdateTime />
    </Product>
    <Product>
      <PriceUpdateDate>2019/05/02 16:36</PriceUpdateDate>
      <ItemCode>7290000253251</ItemCode>
      <ItemType>1</ItemType>
      <ItemName>אופניימר שוקו ציפס לבן 300 גר</ItemName>
      <ManufactureName>תה ויסוצקי (ישראל) בעמ</ManufactureName>
      <ManufactureCountry />
      <ManufactureItemDescription />
      <UnitQty>יח`</UnitQty>
      <Quantity>300</Quantity>
      <UnitMeasure>גרם</UnitMeasure>
      <BisWeighted>0</BisWeighted>
      <QtyInPackage>1</QtyInPackage>
      <ItemPrice>12.90</ItemPrice>
      <UnitOfMeasurePrice>4.30</UnitOfMeasurePrice>
      <AllowDiscount>0</AllowDiscount>
      <itemStatus>1</itemStatus>
      <LastUpdateDate />
      <LastUpdateTime />
    </Product>
    <Product>
      <PriceUpdateDate>2019/01/15 08:38</PriceUpdateDate>
      <ItemCode>7290000260839</ItemCode>
      <ItemType>1</ItemType>
      <ItemName>משקה קל תפוזים ספרינג (1.5 ליטר)</ItemName>
      <ManufactureName>יפאורה</ManufactureName>
      <ManufactureCountry />
      <ManufactureItemDescription />
      <UnitQty>יח`</UnitQty>
      <Quantity>1500</Quantity>
      <UnitMeasure>מ"ל</UnitMeasure>
      <BisWeighted>0</BisWeighted>
      <QtyInPackage>1</QtyInPackage>
      <ItemPrice>6.40</ItemPrice>
      <UnitOfMeasurePrice>0.43</UnitOfMeasurePrice>
      <AllowDiscount>1</AllowDiscount>
      <itemStatus>1</itemStatus>
      <LastUpdateDate />
      <LastUpdateTime />
    </Product>
    <Product>
      <PriceUpdateDate>2019/01/15 08:38</PriceUpdateDate>
      <ItemCode>7290000260853</ItemCode>
      <ItemType>1</ItemType>
      <ItemName>משקה קל מנגו ספרינג (1.5 ליטר)</ItemName>
      <ManufactureName>יפאורה</ManufactureName>
      <ManufactureCountry />
      <ManufactureItemDescription />
      <UnitQty>יח`</UnitQty>
      <Quantity>1500</Quantity>
      <UnitMeasure>מ"ל</UnitMeasure>
      <BisWeighted>0</BisWeighted>
      <QtyInPackage>1</QtyInPackage>
      <ItemPrice>6.40</ItemPrice>
      <UnitOfMeasurePrice>0.43</UnitOfMeasurePrice>
      <AllowDiscount>1</AllowDiscount>
      <itemStatus>1</itemStatus>
      <LastUpdateDate />
      <LastUpdateTime />
    </Product>
    <Product>
      <PriceUpdateDate>2019/01/15 08:38</PriceUpdateDate>
      <ItemCode>7290000260860</ItemCode>
      <ItemType>1</ItemType>
      <ItemName>משקה קל אפרסקים ספרינג (1.5 ליטר)</ItemName>
      <ManufactureName>יפאורה</ManufactureName>
      <ManufactureCountry />
      <ManufactureItemDescription />
      <UnitQty>יח`</UnitQty>
      <Quantity>1500</Quantity>
      <UnitMeasure>מ"ל</UnitMeasure>
      <BisWeighted>0</BisWeighted>
      <QtyInPackage>1</QtyInPackage>
      <ItemPrice>6.40</ItemPrice>
      <UnitOfMeasurePrice>0.43</UnitOfMeasurePrice>
      <AllowDiscount>1</AllowDiscount>
      <itemStatus>1</itemStatus>
      <LastUpdateDate />
      <LastUpdateTime />
    </Product>
    <Product>
      <PriceUpdateDate>2019/01/15 08:38</PriceUpdateDate>
      <ItemCode>7290000260969</ItemCode>
      <ItemType>1</ItemType>
      <ItemName>ספרינג אשכוליות אננס לייט 1.5 ליטר</ItemName>
      <ManufactureName>יפאורה</ManufactureName>
      <ManufactureCountry />
      <ManufactureItemDescription />
      <UnitQty>יח`</UnitQty>
      <Quantity>1500</Quantity>
      <UnitMeasure>מ"ל</UnitMeasure>
      <BisWeighted>0</BisWeighted>
      <QtyInPackage>1</QtyInPackage>
      <ItemPrice>6.40</ItemPrice>
      <UnitOfMeasurePrice>0.43</UnitOfMeasurePrice>
      <AllowDiscount>1</AllowDiscount>
      <itemStatus>1</itemStatus>
      <LastUpdateDate />
      <LastUpdateTime />
    </Product>
    <Product>
      <PriceUpdateDate>2018/11/25 12:32</PriceUpdateDate>
      <ItemCode>7290000262031</ItemCode>
      <ItemType>1</ItemType>
      <ItemName>נייר טואלט לב מולט) (32</ItemName>
      <ManufactureName>קימברלי קלארק ישראל שיווק בעמ</ManufactureName>
      <ManufactureCountry />
      <ManufactureItemDescription />
      <UnitQty>יח`</UnitQty>
      <Quantity>1850</Quantity>
      <UnitMeasure>גרם</UnitMeasure>
      <BisWeighted>0</BisWeighted>
      <QtyInPackage>1</QtyInPackage>
      <ItemPrice>26.90</ItemPrice>
      <UnitOfMeasurePrice>1.45</UnitOfMeasurePrice>
      <AllowDiscount>0</AllowDiscount>
      <itemStatus>1</itemStatus>
      <LastUpdateDate />
      <LastUpdateTime />
    </Product>
    <Product>
      <PriceUpdateDate>2018/08/13 09:33</PriceUpdateDate>
      <ItemCode>7290000262239</ItemCode>
      <ItemType>1</ItemType>
      <ItemName>נייר טואלט לב מולט (48)</ItemName>
      <ManufactureName>קימברלי קלארק ישראל שיווק בעמ</ManufactureName>
      <ManufactureCountry />
      <ManufactureItemDescription />
      <UnitQty>יח`</UnitQty>
      <Quantity>2770</Quantity>
      <UnitMeasure>גרם</UnitMeasure>
      <BisWeighted>0</BisWeighted>
      <QtyInPackage>1</QtyInPackage>
      <ItemPrice>37.90</ItemPrice>
      <UnitOfMeasurePrice>1.37</UnitOfMeasurePrice>
      <AllowDiscount>0</AllowDiscount>
      <itemStatus>1</itemStatus>
      <LastUpdateDate />
      <LastUpdateTime />
    </Product>
    <Product>
      <PriceUpdateDate>2015/05/06 16:50</PriceUpdateDate>
      <ItemCode>7290000263250</ItemCode>
      <ItemType>1</ItemType>
      <ItemName>מגבונים ללא בישום פרימיום טיטולים (72x4)</ItemName>
      <ManufactureName>קימברלי קלארק ישראל שיווק בעמ</ManufactureName>
      <ManufactureCountry />
      <ManufactureItemDescription />
      <UnitQty>יח`</UnitQty>
      <Quantity>1</Quantity>
      <UnitMeasure>יח`</UnitMeasure>
      <BisWeighted>0</BisWeighted>
      <QtyInPackage>1</QtyInPackage>
      <ItemPrice>19.90</ItemPrice>
      <UnitOfMeasurePrice>19.90</UnitOfMeasurePrice>
      <AllowDiscount>1</AllowDiscount>
      <itemStatus>1</itemStatus>
      <LastUpdateDate />
      <LastUpdateTime />
    </Product>
    <Product>
      <PriceUpdateDate>2018/03/20 10:50</PriceUpdateDate>
      <ItemCode>7290000263359</ItemCode>
      <ItemType>1</ItemType>
      <ItemName>חיתולי ליטל בייביס שלב 1 האגיס) (40</ItemName>
      <ManufactureName>קימברלי קלארק ישראל שיווק בעמ</ManufactureName>
      <ManufactureCountry />
      <ManufactureItemDescription />
      <UnitQty>יח`</UnitQty>
      <Quantity>1</Quantity>
      <UnitMeasure>יח`</UnitMeasure>
      <BisWeighted>0</BisWeighted>
      <QtyInPackage>1</QtyInPackage>
      <ItemPrice>34.90</ItemPrice>
      <UnitOfMeasurePrice>34.90</UnitOfMeasurePrice>
      <AllowDiscount>0</AllowDiscount>
      <itemStatus>1</itemStatus>
      <LastUpdateDate />
      <LastUpdateTime />
    </Product>
    <Product>
      <PriceUpdateDate>2015/09/29 17:09</PriceUpdateDate>
      <ItemCode>7290000264752</ItemCode>
      <ItemType>1</ItemType>
      <ItemName>זוג רדי אלומניום עם הטבעה</ItemName>
      <ManufactureName>קימברלי קלארק ישראל שיווק בעמ</ManufactureName>
      <ManufactureCountry />
      <ManufactureItemDescription />
      <UnitQty>יח`</UnitQty>
      <Quantity>1</Quantity>
      <UnitMeasure />
      <BisWeighted>0</BisWeighted>
      <QtyInPackage>1</QtyInPackage>
      <ItemPrice>9.90</ItemPrice>
      <UnitOfMeasurePrice>9.90</UnitOfMeasurePrice>
      <AllowDiscount>1</AllowDiscount>
      <itemStatus>1</itemStatus>
      <LastUpdateDate />
      <LastUpdateTime />
    </Product>
    <Product>
      <PriceUpdateDate>2019/08/11 12:01</PriceUpdateDate>
      <ItemCode>7290000267678</ItemCode>
      <ItemType>1</ItemType>
      <ItemName>דלעת מקולפת 150  גר`השף</ItemName>
      <ManufactureName>דין שיווק וקליה בעמ</ManufactureName>
      <ManufactureCountry />
      <ManufactureItemDescription />
      <UnitQty>יח`</UnitQty>
      <Quantity>150</Quantity>
      <UnitMeasure>גרם</UnitMeasure>
      <BisWeighted>0</BisWeighted>
      <QtyInPackage>1</QtyInPackage>
      <ItemPrice>9.90</ItemPrice>
      <UnitOfMeasurePrice>6.60</UnitOfMeasurePrice>
      <AllowDiscount>0</AllowDiscount>
      <itemStatus>1</itemStatus>
      <LastUpdateDate />
      <LastUpdateTime />
    </Product>
    <Product>
      <PriceUpdateDate>2015/05/14 08:30</PriceUpdateDate>
      <ItemCode>7290000272696</ItemCode>
      <ItemType>1</ItemType>
      <ItemName>מיץ לימון משומר עסיס (1 ליטר)</ItemName>
      <ManufactureName>קבוצת אסם סחר שות. מוגבלת</ManufactureName>
      <ManufactureCountry />
      <ManufactureItemDescription />
      <UnitQty>יח`</UnitQty>
      <Quantity>1</Quantity>
      <UnitMeasure>1 ליטר</UnitMeasure>
      <BisWeighted>0</BisWeighted>
      <QtyInPackage>1</QtyInPackage>
      <ItemPrice>9.90</ItemPrice>
      <UnitOfMeasurePrice>9.90</UnitOfMeasurePrice>
      <AllowDiscount>0</AllowDiscount>
      <itemStatus>1</itemStatus>
      <LastUpdateDate />
      <LastUpdateTime />
    </Product>
    <Product>
      <PriceUpdateDate>2016/08/10 11:12</PriceUpdateDate>
      <ItemCode>7290000272726</ItemCode>
      <ItemType>1</ItemType>
      <ItemName>חומץ 5% עסיס (1 ליטר)</ItemName>
      <ManufactureName>קבוצת אסם סחר שות. מוגבלת</ManufactureName>
      <ManufactureCountry />
      <ManufactureItemDescription />
      <UnitQty>יח`</UnitQty>
      <Quantity>1</Quantity>
      <UnitMeasure>1 ליטר</UnitMeasure>
      <BisWeighted>0</BisWeighted>
      <QtyInPackage>1</QtyInPackage>
      <ItemPrice>6.90</ItemPrice>
      <UnitOfMeasurePrice>6.90</UnitOfMeasurePrice>
      <AllowDiscount>0</AllowDiscount>
      <itemStatus>1</itemStatus>
      <LastUpdateDate />
      <LastUpdateTime />
    </Product>
    <Product>
      <PriceUpdateDate>2018/11/16 11:33</PriceUpdateDate>
      <ItemCode>7290000284316</ItemCode>
      <ItemType>1</ItemType>
      <ItemName>בקבוק קוקה-קולה (1.5 ליטר)</ItemName>
      <ManufactureName>החברה המרכזית להפצת משקאות בעמ</ManufactureName>
      <ManufactureCountry />
      <ManufactureItemDescription />
      <UnitQty>יח`</UnitQty>
      <Quantity>1500</Quantity>
      <UnitMeasure>מ"ל</UnitMeasure>
      <BisWeighted>0</BisWeighted>
      <QtyInPackage>1</QtyInPackage>
      <ItemPrice>6.50</ItemPrice>
      <UnitOfMeasurePrice>0.43</UnitOfMeasurePrice>
      <AllowDiscount>0</AllowDiscount>
      <itemStatus>1</itemStatus>
      <LastUpdateDate />
      <LastUpdateTime />
    </Product>
    <Product>
      <PriceUpdateDate>2013/12/31 12:18</PriceUpdateDate>
      <ItemCode>7290000284347</ItemCode>
      <ItemType>1</ItemType>
      <ItemName>סודה קינלי (1.5 ליטר)</ItemName>
      <ManufactureName>החברה המרכזית להפצת משקאות בעמ</ManufactureName>
      <ManufactureCountry />
      <ManufactureItemDescription />
      <UnitQty>יח`</UnitQty>
      <Quantity>1.50</Quantity>
      <UnitMeasure>1 ליטר</UnitMeasure>
      <BisWeighted>0</BisWeighted>
      <QtyInPackage>1</QtyInPackage>
      <ItemPrice>4</ItemPrice>
      <UnitOfMeasurePrice>2.67</UnitOfMeasurePrice>
      <AllowDiscount>0</AllowDiscount>
      <itemStatus>1</itemStatus>
      <LastUpdateDate />
      <LastUpdateTime />
    </Product>
    <Product>
      <PriceUpdateDate>2013/12/31 12:18</PriceUpdateDate>
      <ItemCode>7290000284361</ItemCode>
      <ItemType>1</ItemType>
      <ItemName>בקבוק דיאט קוקה-קולה (1.5 ליטר)</ItemName>
      <ManufactureName>החברה המרכזית להפצת משקאות בעמ</ManufactureName>
      <ManufactureCountry />
      <ManufactureItemDescription />
      <UnitQty>יח`</UnitQty>
      <Quantity>1.50</Quantity>
      <UnitMeasure>1 ליטר</UnitMeasure>
      <BisWeighted>0</BisWeighted>
      <QtyInPackage>1</QtyInPackage>
      <ItemPrice>6.50</ItemPrice>
      <UnitOfMeasurePrice>4.33</UnitOfMeasurePrice>
      <AllowDiscount>0</AllowDiscount>
      <itemStatus>1</itemStatus>
      <LastUpdateDate />
      <LastUpdateTime />
    </Product>
    <Product>
      <PriceUpdateDate>2019/01/15 08:38</PriceUpdateDate>
      <ItemCode>7290000285849</ItemCode>
      <ItemType>1</ItemType>
      <ItemName>מי סודה שוופס (1.5 ליטר)</ItemName>
      <ManufactureName>יפאורה</ManufactureName>
      <ManufactureCountry />
      <ManufactureItemDescription />
      <UnitQty>יח`</UnitQty>
      <Quantity>1500</Quantity>
      <UnitMeasure>מ"ל</UnitMeasure>
      <BisWeighted>0</BisWeighted>
      <QtyInPackage>1</QtyInPackage>
      <ItemPrice>3.50</ItemPrice>
      <UnitOfMeasurePrice>0.23</UnitOfMeasurePrice>
      <AllowDiscount>1</AllowDiscount>
      <itemStatus>1</itemStatus>
      <LastUpdateDate />
      <LastUpdateTime />
    </Product>
    <Product>
      <PriceUpdateDate>2014/08/18 14:14</PriceUpdateDate>
      <ItemCode>7290000286228</ItemCode>
      <ItemType>1</ItemType>
      <ItemName>כרית יפנית סנו סושי (6)</ItemName>
      <ManufactureName>החברה הדרומית לשיווק בעמ</ManufactureName>
      <ManufactureCountry />
      <ManufactureItemDescription />
      <UnitQty>יח`</UnitQty>
      <Quantity>6</Quantity>
      <UnitMeasure>יח`</UnitMeasure>
      <BisWeighted>0</BisWeighted>
      <QtyInPackage>1</QtyInPackage>
      <ItemPrice>11.90</ItemPrice>
      <UnitOfMeasurePrice>1.98</UnitOfMeasurePrice>
      <AllowDiscount>0</AllowDiscount>
      <itemStatus>1</itemStatus>
      <LastUpdateDate />
      <LastUpdateTime />
    </Product>
    <Product>
      <PriceUpdateDate>2018/01/10 11:24</PriceUpdateDate>
      <ItemCode>7290000286549</ItemCode>
      <ItemType>1</ItemType>
      <ItemName>מטלית לכל סנו סושי (9)</ItemName>
      <ManufactureName>החברה הדרומית לשיווק בעמ</ManufactureName>
      <ManufactureCountry />
      <ManufactureItemDescription />
      <UnitQty>יח`</UnitQty>
      <Quantity>9</Quantity>
      <UnitMeasure>יח`</UnitMeasure>
      <BisWeighted>0</BisWeighted>
      <QtyInPackage>1</QtyInPackage>
      <ItemPrice>11.90</ItemPrice>
      <UnitOfMeasurePrice>1.32</UnitOfMeasurePrice>
      <AllowDiscount>1</AllowDiscount>
      <itemStatus>1</itemStatus>
      <LastUpdateDate />
      <LastUpdateTime />
    </Product>
    <Product>
      <PriceUpdateDate>2018/01/10 11:24</PriceUpdateDate>
      <ItemCode>7290000286761</ItemCode>
      <ItemType>1</ItemType>
      <ItemName>ניילון נצמד סנו סושי (30x2 מטר)</ItemName>
      <ManufactureName>החברה הדרומית לשיווק בעמ</ManufactureName>
      <ManufactureCountry />
      <ManufactureItemDescription />
      <UnitQty>יח`</UnitQty>
      <Quantity>1</Quantity>
      <UnitMeasure />
      <BisWeighted>0</BisWeighted>
      <QtyInPackage>1</QtyInPackage>
      <ItemPrice>10.90</ItemPrice>
      <UnitOfMeasurePrice>10.90</UnitOfMeasurePrice>
      <AllowDiscount>1</AllowDiscount>
      <itemStatus>1</itemStatus>
      <LastUpdateDate />
      <LastUpdateTime />
    </Product>
    <Product>
      <PriceUpdateDate>2018/01/10 11:24</PriceUpdateDate>
      <ItemCode>7290000286921</ItemCode>
      <ItemType>1</ItemType>
      <ItemName>קל רסס וכבס סנו (750 מל)</ItemName>
      <ManufactureName>החברה הדרומית לשיווק בעמ</ManufactureName>
      <ManufactureCountry />
      <ManufactureItemDescription />
      <UnitQty>יח`</UnitQty>
      <Quantity>600</Quantity>
      <UnitMeasure>מ"ל</UnitMeasure>
      <BisWeighted>0</BisWeighted>
      <QtyInPackage>1</QtyInPackage>
      <ItemPrice>19.90</ItemPrice>
      <UnitOfMeasurePrice>3.32</UnitOfMeasurePrice>
      <AllowDiscount>1</AllowDiscount>
      <itemStatus>1</itemStatus>
      <LastUpdateDate />
      <LastUpdateTime />
    </Product>
    <Product>
      <PriceUpdateDate>2018/01/10 11:24</PriceUpdateDate>
      <ItemCode>7290000287430</ItemCode>
      <ItemType>1</ItemType>
      <ItemName>סנובון לאסלה לימון סנו (55x3 גרם)</ItemName>
      <ManufactureName>החברה הדרומית לשיווק בעמ</ManufactureName>
      <ManufactureCountry />
      <ManufactureItemDescription />
      <UnitQty>יח`</UnitQty>
      <Quantity>165</Quantity>
      <UnitMeasure>גרם</UnitMeasure>
      <BisWeighted>0</BisWeighted>
      <QtyInPackage>1</QtyInPackage>
      <ItemPrice>11.90</ItemPrice>
      <UnitOfMeasurePrice>7.21</UnitOfMeasurePrice>
      <AllowDiscount>1</AllowDiscount>
      <itemStatus>1</itemStatus>
      <LastUpdateDate />
      <LastUpdateTime />
    </Product>
    <Product>
      <PriceUpdateDate>2018/01/10 11:24</PriceUpdateDate>
      <ItemCode>7290000287485</ItemCode>
      <ItemType>1</ItemType>
      <ItemName>סנובון לאסלה לובר סנו (55x3 גרם)</ItemName>
      <ManufactureName>החברה הדרומית לשיווק בעמ</ManufactureName>
      <ManufactureCountry />
      <ManufactureItemDescription />
      <UnitQty>יח`</UnitQty>
      <Quantity>165</Quantity>
      <UnitMeasure>גרם</UnitMeasure>
      <BisWeighted>0</BisWeighted>
      <QtyInPackage>1</QtyInPackage>
      <ItemPrice>11.90</ItemPrice>
      <UnitOfMeasurePrice>7.21</UnitOfMeasurePrice>
      <AllowDiscount>1</AllowDiscount>
      <itemStatus>1</itemStatus>
      <LastUpdateDate />
      <LastUpdateTime />
    </Product>
    <Product>
      <PriceUpdateDate>2018/01/10 11:24</PriceUpdateDate>
      <ItemCode>7290000287492</ItemCode>
      <ItemType>1</ItemType>
      <ItemName>סנובון נוזלי 750 מל</ItemName>
      <ManufactureName>החברה הדרומית לשיווק בעמ</ManufactureName>
      <ManufactureCountry />
      <ManufactureItemDescription />
      <UnitQty>יח`</UnitQty>
      <Quantity>750</Quantity>
      <UnitMeasure>מ"ל</UnitMeasure>
      <BisWeighted>0</BisWeighted>
      <QtyInPackage>1</QtyInPackage>
      <ItemPrice>9.90</ItemPrice>
      <UnitOfMeasurePrice>1.32</UnitOfMeasurePrice>
      <AllowDiscount>0</AllowDiscount>
      <itemStatus>1</itemStatus>
      <LastUpdateDate />
      <LastUpdateTime />
    </Product>
    <Product>
      <PriceUpdateDate>2018/02/14 15:59</PriceUpdateDate>
      <ItemCode>7290000288017</ItemCode>
      <ItemType>1</ItemType>
      <ItemName>אקונומיקה ז`אוול לימון סנו (1 ליטר)</ItemName>
      <ManufactureName>החברה הדרומית לשיווק בעמ</ManufactureName>
      <ManufactureCountry />
      <ManufactureItemDescription />
      <UnitQty>יח`</UnitQty>
      <Quantity>1</Quantity>
      <UnitMeasure>1 ליטר</UnitMeasure>
      <BisWeighted>0</BisWeighted>
      <QtyInPackage>1</QtyInPackage>
      <ItemPrice>8.90</ItemPrice>
      <UnitOfMeasurePrice>8.90</UnitOfMeasurePrice>
      <AllowDiscount>0</AllowDiscount>
      <itemStatus>1</itemStatus>
      <LastUpdateDate />
      <LastUpdateTime />
    </Product>
    <Product>
      <PriceUpdateDate>2016/02/28 17:14</PriceUpdateDate>
      <ItemCode>7290000288024</ItemCode>
      <ItemType>1</ItemType>
      <ItemName>אקונומיקה ז`אוול לימון סנו (4 ליטר)</ItemName>
      <ManufactureName>החברה הדרומית לשיווק בעמ</ManufactureName>
      <ManufactureCountry />
      <ManufactureItemDescription />
      <UnitQty>יח`</UnitQty>
      <Quantity>4000</Quantity>
      <UnitMeasure>מ"ל</UnitMeasure>
      <BisWeighted>0</BisWeighted>
      <QtyInPackage>1</QtyInPackage>
      <ItemPrice>15.90</ItemPrice>
      <UnitOfMeasurePrice>0.40</UnitOfMeasurePrice>
      <AllowDiscount>0</AllowDiscount>
      <itemStatus>1</itemStatus>
      <LastUpdateDate />
      <LastUpdateTime />
    </Product>
    <Product>
      <PriceUpdateDate>2018/01/10 11:24</PriceUpdateDate>
      <ItemCode>7290000288031</ItemCode>
      <ItemType>1</ItemType>
      <ItemName>אקונומיקה כחולה סנו (4 ליטר)</ItemName>
      <ManufactureName>החברה הדרומית לשיווק בעמ</ManufactureName>
      <ManufactureCountry />
      <ManufactureItemDescription />
      <UnitQty>יח`</UnitQty>
      <Quantity>4</Quantity>
      <UnitMeasure>1 ליטר</UnitMeasure>
      <BisWeighted>0</BisWeighted>
      <QtyInPackage>1</QtyInPackage>
      <ItemPrice>10.90</ItemPrice>
      <UnitOfMeasurePrice>2.73</UnitOfMeasurePrice>
      <AllowDiscount>0</AllowDiscount>
      <itemStatus>1</itemStatus>
      <LastUpdateDate />
      <LastUpdateTime />
    </Product>
    <Product>
      <PriceUpdateDate>2017/05/03 14:46</PriceUpdateDate>
      <ItemCode>7290000288048</ItemCode>
      <ItemType>1</ItemType>
      <ItemName>ז`אוול מרסס לניקוי כללי לבנדר סנו (1 ליט</ItemName>
      <ManufactureName>החברה הדרומית לשיווק בעמ</ManufactureName>
      <ManufactureCountry />
      <ManufactureItemDescription />
      <UnitQty>יח`</UnitQty>
      <Quantity>1</Quantity>
      <UnitMeasure>1 ליטר</UnitMeasure>
      <BisWeighted>0</BisWeighted>
      <QtyInPackage>1</QtyInPackage>
      <ItemPrice>19.90</ItemPrice>
      <UnitOfMeasurePrice>19.90</UnitOfMeasurePrice>
      <AllowDiscount>1</AllowDiscount>
      <itemStatus>1</itemStatus>
      <LastUpdateDate />
      <LastUpdateTime />
    </Product>
    <Product>
      <PriceUpdateDate>2017/10/30 10:21</PriceUpdateDate>
      <ItemCode>7290000288109</ItemCode>
      <ItemType>1</ItemType>
      <ItemName>סנו מקסימה 1.25 קג`</ItemName>
      <ManufactureName>החברה הדרומית לשיווק בעמ</ManufactureName>
      <ManufactureCountry />
      <ManufactureItemDescription />
      <UnitQty>יח`</UnitQty>
      <Quantity>1.25</Quantity>
      <UnitMeasure>ק"ג</UnitMeasure>
      <BisWeighted>0</BisWeighted>
      <QtyInPackage>1</QtyInPackage>
      <ItemPrice>13.90</ItemPrice>
      <UnitOfMeasurePrice>11.12</UnitOfMeasurePrice>
      <AllowDiscount>0</AllowDiscount>
      <itemStatus>1</itemStatus>
      <LastUpdateDate />
      <LastUpdateTime />
    </Product>
    <Product>
      <PriceUpdateDate>2013/12/31 12:18</PriceUpdateDate>
      <ItemCode>7290000288253</ItemCode>
      <ItemType>1</ItemType>
      <ItemName>קוטל מעופפים קיי 400 סנו (630 מל)</ItemName>
      <ManufactureName>החברה הדרומית לשיווק בעמ</ManufactureName>
      <ManufactureCountry />
      <ManufactureItemDescription />
      <UnitQty>יח`</UnitQty>
      <Quantity>400</Quantity>
      <UnitMeasure>מ"ל</UnitMeasure>
      <BisWeighted>0</BisWeighted>
      <QtyInPackage>1</QtyInPackage>
      <ItemPrice>25</ItemPrice>
      <UnitOfMeasurePrice>6.25</UnitOfMeasurePrice>
      <AllowDiscount>1</AllowDiscount>
      <itemStatus>1</itemStatus>
      <LastUpdateDate />
      <LastUpdateTime />
    </Product>
    <Product>
      <PriceUpdateDate>2015/12/01 20:58</PriceUpdateDate>
      <ItemCode>7290000288291</ItemCode>
      <ItemType>1</ItemType>
      <ItemName>סנומט 30 טבליות</ItemName>
      <ManufactureName>החברה הדרומית לשיווק בעמ</ManufactureName>
      <ManufactureCountry />
      <ManufactureItemDescription />
      <UnitQty>יח`</UnitQty>
      <Quantity>1</Quantity>
      <UnitMeasure />
      <BisWeighted>0</BisWeighted>
      <QtyInPackage>1</QtyInPackage>
      <ItemPrice>14.90</ItemPrice>
      <UnitOfMeasurePrice>14.90</UnitOfMeasurePrice>
      <AllowDiscount>0</AllowDiscount>
      <itemStatus>1</itemStatus>
      <LastUpdateDate />
      <LastUpdateTime />
    </Product>
    <Product>
      <PriceUpdateDate>2015/12/01 20:58</PriceUpdateDate>
      <ItemCode>7290000288307</ItemCode>
      <ItemType>1</ItemType>
      <ItemName>סנומט +30טבליות</ItemName>
      <ManufactureName>החברה הדרומית לשיווק בעמ</ManufactureName>
      <ManufactureCountry />
      <ManufactureItemDescription />
      <UnitQty>יח`</UnitQty>
      <Quantity>1</Quantity>
      <UnitMeasure />
      <BisWeighted>0</BisWeighted>
      <QtyInPackage>1</QtyInPackage>
      <ItemPrice>36.90</ItemPrice>
      <UnitOfMeasurePrice>36.90</UnitOfMeasurePrice>
      <AllowDiscount>0</AllowDiscount>
      <itemStatus>1</itemStatus>
      <LastUpdateDate />
      <LastUpdateTime />
    </Product>
    <Product>
      <PriceUpdateDate>2017/05/01 08:36</PriceUpdateDate>
      <ItemCode>7290000288352</ItemCode>
      <ItemType>1</ItemType>
      <ItemName>קוטל חרקים קיי 300 סנו (630 מל)</ItemName>
      <ManufactureName>החברה הדרומית לשיווק בעמ</ManufactureName>
      <ManufactureCountry />
      <ManufactureItemDescription />
      <UnitQty>יח`</UnitQty>
      <Quantity>630</Quantity>
      <UnitMeasure>מ"ל</UnitMeasure>
      <BisWeighted>0</BisWeighted>
      <QtyInPackage>1</QtyInPackage>
      <ItemPrice>21.90</ItemPrice>
      <UnitOfMeasurePrice>3.48</UnitOfMeasurePrice>
      <AllowDiscount>1</AllowDiscount>
      <itemStatus>1</itemStatus>
      <LastUpdateDate />
      <LastUpdateTime />
    </Product>
    <Product>
      <PriceUpdateDate>2015/05/28 12:42</PriceUpdateDate>
      <ItemCode>7290000288383</ItemCode>
      <ItemType>1</ItemType>
      <ItemName>K500</ItemName>
      <ManufactureName>החברה הדרומית לשיווק בעמ</ManufactureName>
      <ManufactureCountry />
      <ManufactureItemDescription />
      <UnitQty>יח`</UnitQty>
      <Quantity>405</Quantity>
      <UnitMeasure>מ"ל</UnitMeasure>
      <BisWeighted>0</BisWeighted>
      <QtyInPackage>1</QtyInPackage>
      <ItemPrice>26</ItemPrice>
      <UnitOfMeasurePrice>6.42</UnitOfMeasurePrice>
      <AllowDiscount>1</AllowDiscount>
      <itemStatus>1</itemStatus>
      <LastUpdateDate />
      <LastUpdateTime />
    </Product>
    <Product>
      <PriceUpdateDate>2013/12/31 12:18</PriceUpdateDate>
      <ItemCode>7290000288390</ItemCode>
      <ItemType>1</ItemType>
      <ItemName>קוטל זבובים יתושים קיי 600 סנו (500 מל)</ItemName>
      <ManufactureName>החברה הדרומית לשיווק בעמ</ManufactureName>
      <ManufactureCountry />
      <ManufactureItemDescription />
      <UnitQty>יח`</UnitQty>
      <Quantity>475</Quantity>
      <UnitMeasure>מ"ל</UnitMeasure>
      <BisWeighted>0</BisWeighted>
      <QtyInPackage>1</QtyInPackage>
      <ItemPrice>24</ItemPrice>
      <UnitOfMeasurePrice>5.05</UnitOfMeasurePrice>
      <AllowDiscount>0</AllowDiscount>
      <itemStatus>1</itemStatus>
      <LastUpdateDate />
      <LastUpdateTime />
    </Product>
    <Product>
      <PriceUpdateDate>2015/12/01 20:58</PriceUpdateDate>
      <ItemCode>7290000288413</ItemCode>
      <ItemType>1</ItemType>
      <ItemName>סנו-די דוחה יתושים כדורי סנו (50 מל)</ItemName>
      <ManufactureName>החברה הדרומית לשיווק בעמ</ManufactureName>
      <ManufactureCountry />
      <ManufactureItemDescription />
      <UnitQty>יח`</UnitQty>
      <Quantity>50</Quantity>
      <UnitMeasure>מ"ל</UnitMeasure>
      <BisWeighted>0</BisWeighted>
      <QtyInPackage>1</QtyInPackage>
      <ItemPrice>20.90</ItemPrice>
      <UnitOfMeasurePrice>41.80</UnitOfMeasurePrice>
      <AllowDiscount>1</AllowDiscount>
      <itemStatus>1</itemStatus>
      <LastUpdateDate />
      <LastUpdateTime />
    </Product>
    <Product>
      <PriceUpdateDate>2015/12/01 20:58</PriceUpdateDate>
      <ItemCode>7290000288420</ItemCode>
      <ItemType>1</ItemType>
      <ItemName>סנו די תרסיס</ItemName>
      <ManufactureName>החברה הדרומית לשיווק בעמ</ManufactureName>
      <ManufactureCountry />
      <ManufactureItemDescription />
      <UnitQty>יח`</UnitQty>
      <Quantity>125</Quantity>
      <UnitMeasure>מ"ל</UnitMeasure>
      <BisWeighted>0</BisWeighted>
      <QtyInPackage>1</QtyInPackage>
      <ItemPrice>20.90</ItemPrice>
      <UnitOfMeasurePrice>16.72</UnitOfMeasurePrice>
      <AllowDiscount>1</AllowDiscount>
      <itemStatus>1</itemStatus>
      <LastUpdateDate />
      <LastUpdateTime />
    </Product>
    <Product>
      <PriceUpdateDate>2015/12/01 20:58</PriceUpdateDate>
      <ItemCode>7290000288444</ItemCode>
      <ItemType>1</ItemType>
      <ItemName>סנו די נוזל+משאבה</ItemName>
      <ManufactureName>החברה הדרומית לשיווק בעמ</ManufactureName>
      <ManufactureCountry />
      <ManufactureItemDescription />
      <UnitQty>יח`</UnitQty>
      <Quantity>50</Quantity>
      <UnitMeasure>מ"ל</UnitMeasure>
      <BisWeighted>0</BisWeighted>
      <QtyInPackage>1</QtyInPackage>
      <ItemPrice>22.90</ItemPrice>
      <UnitOfMeasurePrice>45.80</UnitOfMeasurePrice>
      <AllowDiscount>1</AllowDiscount>
      <itemStatus>1</itemStatus>
      <LastUpdateDate />
      <LastUpdateTime />
    </Product>
    <Product>
      <PriceUpdateDate>2019/02/03 12:17</PriceUpdateDate>
      <ItemCode>7290000288642</ItemCode>
      <ItemType>1</ItemType>
      <ItemName>סנו מקסימה 4 ליטר ורוד פסים</ItemName>
      <ManufactureName>החברה הדרומית לשיווק בעמ</ManufactureName>
      <ManufactureCountry />
      <ManufactureItemDescription />
      <UnitQty>יח`</UnitQty>
      <Quantity>4</Quantity>
      <UnitMeasure>1 ליטר</UnitMeasure>
      <BisWeighted>0</BisWeighted>
      <QtyInPackage>1</QtyInPackage>
      <ItemPrice>19.90</ItemPrice>
      <UnitOfMeasurePrice>4.98</UnitOfMeasurePrice>
      <AllowDiscount>0</AllowDiscount>
      <itemStatus>1</itemStatus>
      <LastUpdateDate />
      <LastUpdateTime />
    </Product>
    <Product>
      <PriceUpdateDate>2017/05/03 14:46</PriceUpdateDate>
      <ItemCode>7290000289069</ItemCode>
      <ItemType>1</ItemType>
      <ItemName>סנו ז`אוול מרסס 1 ליטר</ItemName>
      <ManufactureName>החברה הדרומית לשיווק בעמ</ManufactureName>
      <ManufactureCountry />
      <ManufactureItemDescription />
      <UnitQty>יח`</UnitQty>
      <Quantity>1</Quantity>
      <UnitMeasure>1 ליטר</UnitMeasure>
      <BisWeighted>0</BisWeighted>
      <QtyInPackage>1</QtyInPackage>
      <ItemPrice>19.90</ItemPrice>
      <UnitOfMeasurePrice>19.90</UnitOfMeasurePrice>
      <AllowDiscount>1</AllowDiscount>
      <itemStatus>1</itemStatus>
      <LastUpdateDate />
      <LastUpdateTime />
    </Product>
    <Product>
      <PriceUpdateDate>2019/10/29 09:34</PriceUpdateDate>
      <ItemCode>7290000289380</ItemCode>
      <ItemType>1</ItemType>
      <ItemName>ז`אוול מונטבלאן ג`ל לאסלות סנו (750 מל)</ItemName>
      <ManufactureName>החברה הדרומית לשיווק בעמ</ManufactureName>
      <ManufactureCountry />
      <ManufactureItemDescription />
      <UnitQty>יח`</UnitQty>
      <Quantity>750</Quantity>
      <UnitMeasure>מ"ל</UnitMeasure>
      <BisWeighted>0</BisWeighted>
      <QtyInPackage>1</QtyInPackage>
      <ItemPrice>9.90</ItemPrice>
      <UnitOfMeasurePrice>1.32</UnitOfMeasurePrice>
      <AllowDiscount>0</AllowDiscount>
      <itemStatus>1</itemStatus>
      <LastUpdateDate />
      <LastUpdateTime />
    </Product>
    <Product>
      <PriceUpdateDate>2018/01/10 11:24</PriceUpdateDate>
      <ItemCode>7290000289472</ItemCode>
      <ItemType>1</ItemType>
      <ItemName>סושי שקיות אשפה גדולות 50 יח`</ItemName>
      <ManufactureName>החברה הדרומית לשיווק בעמ</ManufactureName>
      <ManufactureCountry />
      <ManufactureItemDescription />
      <UnitQty>יח`</UnitQty>
      <Quantity>1</Quantity>
      <UnitMeasure />
      <BisWeighted>0</BisWeighted>
      <QtyInPackage>1</QtyInPackage>
      <ItemPrice>19.90</ItemPrice>
      <UnitOfMeasurePrice>19.90</UnitOfMeasurePrice>
      <AllowDiscount>0</AllowDiscount>
      <itemStatus>1</itemStatus>
      <LastUpdateDate />
      <LastUpdateTime />
    </Product>
    <Product>
      <PriceUpdateDate>2017/07/14 11:07</PriceUpdateDate>
      <ItemCode>7290000289496</ItemCode>
      <ItemType>1</ItemType>
      <ItemName>קרם לניקוי כללי לימון סנו (750 מל)</ItemName>
      <ManufactureName>החברה הדרומית לשיווק בעמ</ManufactureName>
      <ManufactureCountry />
      <ManufactureItemDescription />
      <UnitQty>יח`</UnitQty>
      <Quantity>750</Quantity>
      <UnitMeasure>מ"ל</UnitMeasure>
      <BisWeighted>0</BisWeighted>
      <QtyInPackage>1</QtyInPackage>
      <ItemPrice>11.90</ItemPrice>
      <UnitOfMeasurePrice>1.59</UnitOfMeasurePrice>
      <AllowDiscount>0</AllowDiscount>
      <itemStatus>1</itemStatus>
      <LastUpdateDate />
      <LastUpdateTime />
    </Product>
    <Product>
      <PriceUpdateDate>2014/08/18 14:14</PriceUpdateDate>
      <ItemCode>7290000289595</ItemCode>
      <ItemType>1</ItemType>
      <ItemName>מש.שיניים אורביטול ילדים</ItemName>
      <ManufactureName>החברה הדרומית לשיווק בעמ</ManufactureName>
      <ManufactureCountry />
      <ManufactureItemDescription />
      <UnitQty>יח`</UnitQty>
      <Quantity>145</Quantity>
      <UnitMeasure>גרם</UnitMeasure>
      <BisWeighted>0</BisWeighted>
      <QtyInPackage>1</QtyInPackage>
      <ItemPrice>9.90</ItemPrice>
      <UnitOfMeasurePrice>6.83</UnitOfMeasurePrice>
      <AllowDiscount>0</AllowDiscount>
      <itemStatus>1</itemStatus>
      <LastUpdateDate />
      <LastUpdateTime />
    </Product>
    <Product>
      <PriceUpdateDate>2017/05/03 14:46</PriceUpdateDate>
      <ItemCode>7290000289748</ItemCode>
      <ItemType>1</ItemType>
      <ItemName>מסיר שומנים פורטה פלוס סנו (750 מל)</ItemName>
      <ManufactureName>החברה הדרומית לשיווק בעמ</ManufactureName>
      <ManufactureCountry />
      <ManufactureItemDescription />
      <UnitQty>יח`</UnitQty>
      <Quantity>750</Quantity>
      <UnitMeasure>מ"ל</UnitMeasure>
      <BisWeighted>0</BisWeighted>
      <QtyInPackage>1</QtyInPackage>
      <ItemPrice>16.90</ItemPrice>
      <UnitOfMeasurePrice>2.25</UnitOfMeasurePrice>
      <AllowDiscount>1</AllowDiscount>
      <itemStatus>1</itemStatus>
      <LastUpdateDate />
      <LastUpdateTime />
    </Product>
    <Product>
      <PriceUpdateDate>2015/05/28 12:42</PriceUpdateDate>
      <ItemCode>7290000289885</ItemCode>
      <ItemType>1</ItemType>
      <ItemName>סנופרש יבש</ItemName>
      <ManufactureName>החברה הדרומית לשיווק בעמ</ManufactureName>
      <ManufactureCountry />
      <ManufactureItemDescription />
      <UnitQty>יח`</UnitQty>
      <Quantity>375</Quantity>
      <UnitMeasure>מ"ל</UnitMeasure>
      <BisWeighted>0</BisWeighted>
      <QtyInPackage>1</QtyInPackage>
      <ItemPrice>12.90</ItemPrice>
      <UnitOfMeasurePrice>3.44</UnitOfMeasurePrice>
      <AllowDiscount>0</AllowDiscount>
      <itemStatus>1</itemStatus>
      <LastUpdateDate />
      <LastUpdateTime />
    </Product>
    <Product>
      <PriceUpdateDate>2018/01/10 11:24</PriceUpdateDate>
      <ItemCode>7290000291932</ItemCode>
      <ItemType>1</ItemType>
      <ItemName>סנובון נוזלי בניחוח לבנדר סנו (750 מל)</ItemName>
      <ManufactureName>החברה הדרומית לשיווק בעמ</ManufactureName>
      <ManufactureCountry />
      <ManufactureItemDescription />
      <UnitQty>יח`</UnitQty>
      <Quantity>750</Quantity>
      <UnitMeasure>מ"ל</UnitMeasure>
      <BisWeighted>0</BisWeighted>
      <QtyInPackage>1</QtyInPackage>
      <ItemPrice>9.90</ItemPrice>
      <UnitOfMeasurePrice>1.32</UnitOfMeasurePrice>
      <AllowDiscount>0</AllowDiscount>
      <itemStatus>1</itemStatus>
      <LastUpdateDate />
      <LastUpdateTime />
    </Product>
    <Product>
      <PriceUpdateDate>2018/02/14 15:59</PriceUpdateDate>
      <ItemCode>7290000291963</ItemCode>
      <ItemType>1</ItemType>
      <ItemName>אקונומיקה ז`אוול סמיכה סנו (1 ליטר)</ItemName>
      <ManufactureName>החברה הדרומית לשיווק בעמ</ManufactureName>
      <ManufactureCountry />
      <ManufactureItemDescription />
      <UnitQty>יח`</UnitQty>
      <Quantity>1</Quantity>
      <UnitMeasure>1 ליטר</UnitMeasure>
      <BisWeighted>0</BisWeighted>
      <QtyInPackage>1</QtyInPackage>
      <ItemPrice>8.90</ItemPrice>
      <UnitOfMeasurePrice>8.90</UnitOfMeasurePrice>
      <AllowDiscount>0</AllowDiscount>
      <itemStatus>1</itemStatus>
      <LastUpdateDate />
      <LastUpdateTime />
    </Product>
    <Product>
      <PriceUpdateDate>2019/04/07 10:02</PriceUpdateDate>
      <ItemCode>7290000292007</ItemCode>
      <ItemType>1</ItemType>
      <ItemName>סנו k3 פיתיון ג`ל קוטל חרקים 10  גר`סנו</ItemName>
      <ManufactureName>החברה הדרומית לשיווק בעמ</ManufactureName>
      <ManufactureCountry />
      <ManufactureItemDescription />
      <UnitQty>יח`</UnitQty>
      <Quantity>1</Quantity>
      <UnitMeasure />
      <BisWeighted>0</BisWeighted>
      <QtyInPackage>1</QtyInPackage>
      <ItemPrice>49.90</ItemPrice>
      <UnitOfMeasurePrice>49.90</UnitOfMeasurePrice>
      <AllowDiscount>0</AllowDiscount>
      <itemStatus>1</itemStatus>
      <LastUpdateDate />
      <LastUpdateTime />
    </Product>
    <Product>
      <PriceUpdateDate>2018/01/10 11:24</PriceUpdateDate>
      <ItemCode>7290000292311</ItemCode>
      <ItemType>1</ItemType>
      <ItemName>פוליויקס 2 ליטר</ItemName>
      <ManufactureName>החברה הדרומית לשיווק בעמ</ManufactureName>
      <ManufactureCountry />
      <ManufactureItemDescription />
      <UnitQty>יח`</UnitQty>
      <Quantity>2</Quantity>
      <UnitMeasure>1 ליטר</UnitMeasure>
      <BisWeighted>0</BisWeighted>
      <QtyInPackage>1</QtyInPackage>
      <ItemPrice>22.90</ItemPrice>
      <UnitOfMeasurePrice>11.45</UnitOfMeasurePrice>
      <AllowDiscount>1</AllowDiscount>
      <itemStatus>1</itemStatus>
      <LastUpdateDate />
      <LastUpdateTime />
    </Product>
    <Product>
      <PriceUpdateDate>2018/07/19 15:15</PriceUpdateDate>
      <ItemCode>7290000292502</ItemCode>
      <ItemType>1</ItemType>
      <ItemName>קוטל נמלים קיי 800 סנו (300  מל)</ItemName>
      <ManufactureName>החברה הדרומית לשיווק בעמ</ManufactureName>
      <ManufactureCountry />
      <ManufactureItemDescription />
      <UnitQty>יח`</UnitQty>
      <Quantity>300</Quantity>
      <UnitMeasure>מ"ל</UnitMeasure>
      <BisWeighted>0</BisWeighted>
      <QtyInPackage>1</QtyInPackage>
      <ItemPrice>16.90</ItemPrice>
      <UnitOfMeasurePrice>5.63</UnitOfMeasurePrice>
      <AllowDiscount>0</AllowDiscount>
      <itemStatus>1</itemStatus>
      <LastUpdateDate />
      <LastUpdateTime />
    </Product>
    <Product>
      <PriceUpdateDate>2014/08/18 14:14</PriceUpdateDate>
      <ItemCode>7290000292557</ItemCode>
      <ItemType>1</ItemType>
      <ItemName>סנומט דוחה יתושים מילוי סנו) (45</ItemName>
      <ManufactureName>החברה הדרומית לשיווק בעמ</ManufactureName>
      <ManufactureCountry />
      <ManufactureItemDescription />
      <UnitQty>יח`</UnitQty>
      <Quantity>1</Quantity>
      <UnitMeasure />
      <BisWeighted>0</BisWeighted>
      <QtyInPackage>1</QtyInPackage>
      <ItemPrice>21.90</ItemPrice>
      <UnitOfMeasurePrice>21.90</UnitOfMeasurePrice>
      <AllowDiscount>0</AllowDiscount>
      <itemStatus>1</itemStatus>
      <LastUpdateDate />
      <LastUpdateTime />
    </Product>
    <Product>
      <PriceUpdateDate>2014/08/18 14:14</PriceUpdateDate>
      <ItemCode>7290000292564</ItemCode>
      <ItemType>1</ItemType>
      <ItemName>קוטל חרקים K2000 ללא ריח סנו (750 מל)</ItemName>
      <ManufactureName>החברה הדרומית לשיווק בעמ</ManufactureName>
      <ManufactureCountry />
      <ManufactureItemDescription />
      <UnitQty>יח`</UnitQty>
      <Quantity>750</Quantity>
      <UnitMeasure>מ"ל</UnitMeasure>
      <BisWeighted>0</BisWeighted>
      <QtyInPackage>1</QtyInPackage>
      <ItemPrice>31.90</ItemPrice>
      <UnitOfMeasurePrice>4.25</UnitOfMeasurePrice>
      <AllowDiscount>0</AllowDiscount>
      <itemStatus>1</itemStatus>
      <LastUpdateDate />
      <LastUpdateTime />
    </Product>
    <Product>
      <PriceUpdateDate>2018/01/10 11:24</PriceUpdateDate>
      <ItemCode>7290000292687</ItemCode>
      <ItemType>1</ItemType>
      <ItemName>סנובון לאסלה קלאסיק כחול סנו (55x3 גרם)</ItemName>
      <ManufactureName>החברה הדרומית לשיווק בעמ</ManufactureName>
      <ManufactureCountry />
      <ManufactureItemDescription />
      <UnitQty>יח`</UnitQty>
      <Quantity>165</Quantity>
      <UnitMeasure>גרם</UnitMeasure>
      <BisWeighted>0</BisWeighted>
      <QtyInPackage>1</QtyInPackage>
      <ItemPrice>18.90</ItemPrice>
      <UnitOfMeasurePrice>11.45</UnitOfMeasurePrice>
      <AllowDiscount>1</AllowDiscount>
      <itemStatus>1</itemStatus>
      <LastUpdateDate />
      <LastUpdateTime />
    </Product>
    <Product>
      <PriceUpdateDate>2019/02/03 12:17</PriceUpdateDate>
      <ItemCode>7290000293073</ItemCode>
      <ItemType>1</ItemType>
      <ItemName>סנו מקסימה 4 ליטר לבן</ItemName>
      <ManufactureName>החברה הדרומית לשיווק בעמ</ManufactureName>
      <ManufactureCountry />
      <ManufactureItemDescription />
      <UnitQty>יח`</UnitQty>
      <Quantity>4</Quantity>
      <UnitMeasure>1 ליטר</UnitMeasure>
      <BisWeighted>0</BisWeighted>
      <QtyInPackage>1</QtyInPackage>
      <ItemPrice>19.90</ItemPrice>
      <UnitOfMeasurePrice>4.98</UnitOfMeasurePrice>
      <AllowDiscount>0</AllowDiscount>
      <itemStatus>1</itemStatus>
      <LastUpdateDate />
      <LastUpdateTime />
    </Product>
    <Product>
      <PriceUpdateDate>2015/04/30 13:17</PriceUpdateDate>
      <ItemCode>7290000294391</ItemCode>
      <ItemType>1</ItemType>
      <ItemName>סנוג`ט יכול הכל סחלבים סנו (4 ליטר)</ItemName>
      <ManufactureName>החברה הדרומית לשיווק בעמ</ManufactureName>
      <ManufactureCountry />
      <ManufactureItemDescription />
      <UnitQty>יח`</UnitQty>
      <Quantity>4</Quantity>
      <UnitMeasure>1 ליטר</UnitMeasure>
      <BisWeighted>0</BisWeighted>
      <QtyInPackage>1</QtyInPackage>
      <ItemPrice>19.90</ItemPrice>
      <UnitOfMeasurePrice>4.98</UnitOfMeasurePrice>
      <AllowDiscount>1</AllowDiscount>
      <itemStatus>1</itemStatus>
      <LastUpdateDate />
      <LastUpdateTime />
    </Product>
    <Product>
      <PriceUpdateDate>2017/10/30 10:21</PriceUpdateDate>
      <ItemCode>7290000294414</ItemCode>
      <ItemType>1</ItemType>
      <ItemName>סנומוד מדונה</ItemName>
      <ManufactureName>החברה הדרומית לשיווק בעמ</ManufactureName>
      <ManufactureCountry />
      <ManufactureItemDescription />
      <UnitQty>יח`</UnitQty>
      <Quantity>150</Quantity>
      <UnitMeasure>מ"ל</UnitMeasure>
      <BisWeighted>0</BisWeighted>
      <QtyInPackage>1</QtyInPackage>
      <ItemPrice>11.90</ItemPrice>
      <UnitOfMeasurePrice>7.93</UnitOfMeasurePrice>
      <AllowDiscount>1</AllowDiscount>
      <itemStatus>1</itemStatus>
      <LastUpdateDate />
      <LastUpdateTime />
    </Product>
    <Product>
      <PriceUpdateDate>2016/02/28 17:14</PriceUpdateDate>
      <ItemCode>7290000294773</ItemCode>
      <ItemType>1</ItemType>
      <ItemName>אקונומיקה ז`אוול לבנדר סנו (4 ליטר)</ItemName>
      <ManufactureName>החברה הדרומית לשיווק בעמ</ManufactureName>
      <ManufactureCountry />
      <ManufactureItemDescription />
      <UnitQty>יח`</UnitQty>
      <Quantity>4000</Quantity>
      <UnitMeasure>מ"ל</UnitMeasure>
      <BisWeighted>0</BisWeighted>
      <QtyInPackage>1</QtyInPackage>
      <ItemPrice>15.90</ItemPrice>
      <UnitOfMeasurePrice>0.40</UnitOfMeasurePrice>
      <AllowDiscount>0</AllowDiscount>
      <itemStatus>1</itemStatus>
      <LastUpdateDate />
      <LastUpdateTime />
    </Product>
    <Product>
      <PriceUpdateDate>2016/02/28 17:14</PriceUpdateDate>
      <ItemCode>7290000294780</ItemCode>
      <ItemType>1</ItemType>
      <ItemName>אקונומיקה ז`אוול סמיכה סנו (4 ליטר)</ItemName>
      <ManufactureName>החברה הדרומית לשיווק בעמ</ManufactureName>
      <ManufactureCountry />
      <ManufactureItemDescription />
      <UnitQty>יח`</UnitQty>
      <Quantity>4000</Quantity>
      <UnitMeasure>מ"ל</UnitMeasure>
      <BisWeighted>0</BisWeighted>
      <QtyInPackage>1</QtyInPackage>
      <ItemPrice>15.90</ItemPrice>
      <UnitOfMeasurePrice>0.40</UnitOfMeasurePrice>
      <AllowDiscount>0</AllowDiscount>
      <itemStatus>1</itemStatus>
      <LastUpdateDate />
      <LastUpdateTime />
    </Product>
    <Product>
      <PriceUpdateDate>2015/05/28 12:42</PriceUpdateDate>
      <ItemCode>7290000295121</ItemCode>
      <ItemType>1</ItemType>
      <ItemName>מטלית ריצפה זיגזג סנו סושי (3)</ItemName>
      <ManufactureName>החברה הדרומית לשיווק בעמ</ManufactureName>
      <ManufactureCountry />
      <ManufactureItemDescription />
      <UnitQty>יח`</UnitQty>
      <Quantity>1</Quantity>
      <UnitMeasure />
      <BisWeighted>0</BisWeighted>
      <QtyInPackage>1</QtyInPackage>
      <ItemPrice>12.90</ItemPrice>
      <UnitOfMeasurePrice>12.90</UnitOfMeasurePrice>
      <AllowDiscount>1</AllowDiscount>
      <itemStatus>1</itemStatus>
      <LastUpdateDate />
      <LastUpdateTime />
    </Product>
    <Product>
      <PriceUpdateDate>2015/05/28 12:42</PriceUpdateDate>
      <ItemCode>7290000295299</ItemCode>
      <ItemType>1</ItemType>
      <ItemName>כרית יפנית לכלים אקטיב סנו סושי (4)</ItemName>
      <ManufactureName>החברה הדרומית לשיווק בעמ</ManufactureName>
      <ManufactureCountry />
      <ManufactureItemDescription />
      <UnitQty>יח`</UnitQty>
      <Quantity>1</Quantity>
      <UnitMeasure />
      <BisWeighted>0</BisWeighted>
      <QtyInPackage>1</QtyInPackage>
      <ItemPrice>11.90</ItemPrice>
      <UnitOfMeasurePrice>11.90</UnitOfMeasurePrice>
      <AllowDiscount>1</AllowDiscount>
      <itemStatus>1</itemStatus>
      <LastUpdateDate />
      <LastUpdateTime />
    </Product>
    <Product>
      <PriceUpdateDate>2017/10/30 10:21</PriceUpdateDate>
      <ItemCode>7290000295336</ItemCode>
      <ItemType>1</ItemType>
      <ItemName>סנו מקסימה 1.25 קג`</ItemName>
      <ManufactureName>החברה הדרומית לשיווק בעמ</ManufactureName>
      <ManufactureCountry />
      <ManufactureItemDescription />
      <UnitQty>יח`</UnitQty>
      <Quantity>1.25</Quantity>
      <UnitMeasure>ק"ג</UnitMeasure>
      <BisWeighted>0</BisWeighted>
      <QtyInPackage>1</QtyInPackage>
      <ItemPrice>13.90</ItemPrice>
      <UnitOfMeasurePrice>11.12</UnitOfMeasurePrice>
      <AllowDiscount>0</AllowDiscount>
      <itemStatus>1</itemStatus>
      <LastUpdateDate />
      <LastUpdateTime />
    </Product>
    <Product>
      <PriceUpdateDate>2017/10/30 10:21</PriceUpdateDate>
      <ItemCode>7290000295343</ItemCode>
      <ItemType>1</ItemType>
      <ItemName>סנו מקסימה 1.25 קג`</ItemName>
      <ManufactureName>החברה הדרומית לשיווק בעמ</ManufactureName>
      <ManufactureCountry />
      <ManufactureItemDescription />
      <UnitQty>יח`</UnitQty>
      <Quantity>1.25</Quantity>
      <UnitMeasure>ק"ג</UnitMeasure>
      <BisWeighted>0</BisWeighted>
      <QtyInPackage>1</QtyInPackage>
      <ItemPrice>13.90</ItemPrice>
      <UnitOfMeasurePrice>11.12</UnitOfMeasurePrice>
      <AllowDiscount>0</AllowDiscount>
      <itemStatus>1</itemStatus>
      <LastUpdateDate />
      <LastUpdateTime />
    </Product>
    <Product>
      <PriceUpdateDate>2017/10/30 10:21</PriceUpdateDate>
      <ItemCode>7290000295367</ItemCode>
      <ItemType>1</ItemType>
      <ItemName>סנו מקסימה 2.5 קג`</ItemName>
      <ManufactureName>החברה הדרומית לשיווק בעמ</ManufactureName>
      <ManufactureCountry />
      <ManufactureItemDescription />
      <UnitQty>יח`</UnitQty>
      <Quantity>2.50</Quantity>
      <UnitMeasure>ק"ג</UnitMeasure>
      <BisWeighted>0</BisWeighted>
      <QtyInPackage>1</QtyInPackage>
      <ItemPrice>24.90</ItemPrice>
      <UnitOfMeasurePrice>9.96</UnitOfMeasurePrice>
      <AllowDiscount>0</AllowDiscount>
      <itemStatus>1</itemStatus>
      <LastUpdateDate />
      <LastUpdateTime />
    </Product>
    <Product>
      <PriceUpdateDate>2018/01/10 11:24</PriceUpdateDate>
      <ItemCode>7290000295404</ItemCode>
      <ItemType>1</ItemType>
      <ItemName>שקיות אשפה לפח 65x54 סנו סושי (60)</ItemName>
      <ManufactureName>החברה הדרומית לשיווק בעמ</ManufactureName>
      <ManufactureCountry />
      <ManufactureItemDescription />
      <UnitQty>יח`</UnitQty>
      <Quantity>1</Quantity>
      <UnitMeasure />
      <BisWeighted>0</BisWeighted>
      <QtyInPackage>1</QtyInPackage>
      <ItemPrice>22.90</ItemPrice>
      <UnitOfMeasurePrice>22.90</UnitOfMeasurePrice>
      <AllowDiscount>1</AllowDiscount>
      <itemStatus>1</itemStatus>
      <LastUpdateDate />
      <LastUpdateTime />
    </Product>
    <Product>
      <PriceUpdateDate>2018/01/10 11:24</PriceUpdateDate>
      <ItemCode>7290000295503</ItemCode>
      <ItemType>1</ItemType>
      <ItemName>שקיות סנדביצ`ים סנו סושי (150x2)</ItemName>
      <ManufactureName>החברה הדרומית לשיווק בעמ</ManufactureName>
      <ManufactureCountry />
      <ManufactureItemDescription />
      <UnitQty>יח`</UnitQty>
      <Quantity>1</Quantity>
      <UnitMeasure />
      <BisWeighted>0</BisWeighted>
      <QtyInPackage>1</QtyInPackage>
      <ItemPrice>13.90</ItemPrice>
      <UnitOfMeasurePrice>13.90</UnitOfMeasurePrice>
      <AllowDiscount>0</AllowDiscount>
      <itemStatus>1</itemStatus>
      <LastUpdateDate />
      <LastUpdateTime />
    </Product>
    <Product>
      <PriceUpdateDate>2018/02/14 15:59</PriceUpdateDate>
      <ItemCode>7290000295541</ItemCode>
      <ItemType>1</ItemType>
      <ItemName>רב מגבת ג`מבו סנו סושי</ItemName>
      <ManufactureName>החברה הדרומית לשיווק בעמ</ManufactureName>
      <ManufactureCountry />
      <ManufactureItemDescription />
      <UnitQty>יח`</UnitQty>
      <Quantity>390</Quantity>
      <UnitMeasure>גרם</UnitMeasure>
      <BisWeighted>0</BisWeighted>
      <QtyInPackage>1</QtyInPackage>
      <ItemPrice>24.90</ItemPrice>
      <UnitOfMeasurePrice>6.38</UnitOfMeasurePrice>
      <AllowDiscount>1</AllowDiscount>
      <itemStatus>1</itemStatus>
      <LastUpdateDate />
      <LastUpdateTime />
    </Product>
    <Product>
      <PriceUpdateDate>2017/03/30 08:34</PriceUpdateDate>
      <ItemCode>7290000295558</ItemCode>
      <ItemType>1</ItemType>
      <ItemName>סושי רדיד אלומיניום צמד</ItemName>
      <ManufactureName>החברה הדרומית לשיווק בעמ</ManufactureName>
      <ManufactureCountry />
      <ManufactureItemDescription />
      <UnitQty>יח`</UnitQty>
      <Quantity>1</Quantity>
      <UnitMeasure />
      <BisWeighted>0</BisWeighted>
      <QtyInPackage>1</QtyInPackage>
      <ItemPrice>12.90</ItemPrice>
      <UnitOfMeasurePrice>12.90</UnitOfMeasurePrice>
      <AllowDiscount>1</AllowDiscount>
      <itemStatus>1</itemStatus>
      <LastUpdateDate />
      <LastUpdateTime />
    </Product>
    <Product>
      <PriceUpdateDate>2018/01/10 11:24</PriceUpdateDate>
      <ItemCode>7290000295572</ItemCode>
      <ItemType>1</ItemType>
      <ItemName>נוזל לניקוי אסלה 00 סנו (750x2 מל)</ItemName>
      <ManufactureName>החברה הדרומית לשיווק בעמ</ManufactureName>
      <ManufactureCountry />
      <ManufactureItemDescription />
      <UnitQty>יח`</UnitQty>
      <Quantity>1.50</Quantity>
      <UnitMeasure>1 ליטר</UnitMeasure>
      <BisWeighted>0</BisWeighted>
      <QtyInPackage>1</QtyInPackage>
      <ItemPrice>16.90</ItemPrice>
      <UnitOfMeasurePrice>11.27</UnitOfMeasurePrice>
      <AllowDiscount>0</AllowDiscount>
      <itemStatus>1</itemStatus>
      <LastUpdateDate />
      <LastUpdateTime />
    </Product>
    <Product>
      <PriceUpdateDate>2015/12/01 20:58</PriceUpdateDate>
      <ItemCode>7290000295794</ItemCode>
      <ItemType>1</ItemType>
      <ItemName>ספוגיות אל חלד סנו) (3</ItemName>
      <ManufactureName>החברה הדרומית לשיווק בעמ</ManufactureName>
      <ManufactureCountry />
      <ManufactureItemDescription />
      <UnitQty>יח`</UnitQty>
      <Quantity>1</Quantity>
      <UnitMeasure />
      <BisWeighted>0</BisWeighted>
      <QtyInPackage>1</QtyInPackage>
      <ItemPrice>10.90</ItemPrice>
      <UnitOfMeasurePrice>10.90</UnitOfMeasurePrice>
      <AllowDiscount>0</AllowDiscount>
      <itemStatus>1</itemStatus>
      <LastUpdateDate />
      <LastUpdateTime />
    </Product>
    <Product>
      <PriceUpdateDate>2015/12/01 14:02</PriceUpdateDate>
      <ItemCode>7290000300900</ItemCode>
      <ItemType>1</ItemType>
      <ItemName>טבעול-שניצל תירס 750 גרם</ItemName>
      <ManufactureName>קבוצת אסם סחר שות. מוגבלת</ManufactureName>
      <ManufactureCountry />
      <ManufactureItemDescription />
      <UnitQty>יח`</UnitQty>
      <Quantity>750</Quantity>
      <UnitMeasure>גרם</UnitMeasure>
      <BisWeighted>0</BisWeighted>
      <QtyInPackage>1</QtyInPackage>
      <ItemPrice>24.90</ItemPrice>
      <UnitOfMeasurePrice>3.32</UnitOfMeasurePrice>
      <AllowDiscount>0</AllowDiscount>
      <itemStatus>1</itemStatus>
      <LastUpdateDate />
      <LastUpdateTime />
    </Product>
    <Product>
      <PriceUpdateDate>2018/09/04 17:12</PriceUpdateDate>
      <ItemCode>7290000302225</ItemCode>
      <ItemType>1</ItemType>
      <ItemName>נובלס פילטר פאקט) (200</ItemName>
      <ManufactureName>דובק בעמ</ManufactureName>
      <ManufactureCountry />
      <ManufactureItemDescription />
      <UnitQty>יח`</UnitQty>
      <Quantity>1</Quantity>
      <UnitMeasure />
      <BisWeighted>0</BisWeighted>
      <QtyInPackage>1</QtyInPackage>
      <ItemPrice>268</ItemPrice>
      <UnitOfMeasurePrice>268</UnitOfMeasurePrice>
      <AllowDiscount>0</AllowDiscount>
      <itemStatus>1</itemStatus>
      <LastUpdateDate />
      <LastUpdateTime />
    </Product>
    <Product>
      <PriceUpdateDate>2019/09/15 13:34</PriceUpdateDate>
      <ItemCode>7290000302881</ItemCode>
      <ItemType>1</ItemType>
      <ItemName>פאקט גולף גולד 100</ItemName>
      <ManufactureName>דובק בעמ</ManufactureName>
      <ManufactureCountry />
      <ManufactureItemDescription />
      <UnitQty>יח`</UnitQty>
      <Quantity>1</Quantity>
      <UnitMeasure>יח`</UnitMeasure>
      <BisWeighted>0</BisWeighted>
      <QtyInPackage>1</QtyInPackage>
      <ItemPrice>280</ItemPrice>
      <UnitOfMeasurePrice>280</UnitOfMeasurePrice>
      <AllowDiscount>0</AllowDiscount>
      <itemStatus>1</itemStatus>
      <LastUpdateDate />
      <LastUpdateTime />
    </Product>
    <Product>
      <PriceUpdateDate>2020/01/14 17:55</PriceUpdateDate>
      <ItemCode>7290000303581</ItemCode>
      <ItemType>1</ItemType>
      <ItemName>פול מצרי 560 גר</ItemName>
      <ManufactureName>ויטה -פרי גליל (החדשה) בעמ</ManufactureName>
      <ManufactureCountry />
      <ManufactureItemDescription />
      <UnitQty>יח`</UnitQty>
      <Quantity>560</Quantity>
      <UnitMeasure>גרם</UnitMeasure>
      <BisWeighted>0</BisWeighted>
      <QtyInPackage>1</QtyInPackage>
      <ItemPrice>4.90</ItemPrice>
      <UnitOfMeasurePrice>0.88</UnitOfMeasurePrice>
      <AllowDiscount>1</AllowDiscount>
      <itemStatus>1</itemStatus>
      <LastUpdateDate />
      <LastUpdateTime />
    </Product>
    <Product>
      <PriceUpdateDate>2014/12/02 10:37</PriceUpdateDate>
      <ItemCode>7290000303598</ItemCode>
      <ItemType>1</ItemType>
      <ItemName>שעועית לבנה אפויה</ItemName>
      <ManufactureName>ויטה -פרי גליל (החדשה) בעמ</ManufactureName>
      <ManufactureCountry />
      <ManufactureItemDescription />
      <UnitQty>יח`</UnitQty>
      <Quantity>550</Quantity>
      <UnitMeasure>גרם</UnitMeasure>
      <BisWeighted>0</BisWeighted>
      <QtyInPackage>1</QtyInPackage>
      <ItemPrice>5.90</ItemPrice>
      <UnitOfMeasurePrice>1.07</UnitOfMeasurePrice>
      <AllowDiscount>1</AllowDiscount>
      <itemStatus>1</itemStatus>
      <LastUpdateDate />
      <LastUpdateTime />
    </Product>
    <Product>
      <PriceUpdateDate>2014/12/22 10:39</PriceUpdateDate>
      <ItemCode>7290000303604</ItemCode>
      <ItemType>1</ItemType>
      <ItemName>חומוס שלם A2</ItemName>
      <ManufactureName>ויטה -פרי גליל (החדשה) בעמ</ManufactureName>
      <ManufactureCountry />
      <ManufactureItemDescription />
      <UnitQty>יח`</UnitQty>
      <Quantity>600</Quantity>
      <UnitMeasure>גרם</UnitMeasure>
      <BisWeighted>0</BisWeighted>
      <QtyInPackage>1</QtyInPackage>
      <ItemPrice>5.90</ItemPrice>
      <UnitOfMeasurePrice>0.98</UnitOfMeasurePrice>
      <AllowDiscount>1</AllowDiscount>
      <itemStatus>1</itemStatus>
      <LastUpdateDate />
      <LastUpdateTime />
    </Product>
    <Product>
      <PriceUpdateDate>2014/10/26 11:07</PriceUpdateDate>
      <ItemCode>7290000307015</ItemCode>
      <ItemType>1</ItemType>
      <ItemName>אפונה גדולה A2</ItemName>
      <ManufactureName>ויטה -פרי גליל (החדשה) בעמ</ManufactureName>
      <ManufactureCountry />
      <ManufactureItemDescription />
      <UnitQty>יח`</UnitQty>
      <Quantity>600</Quantity>
      <UnitMeasure>גרם</UnitMeasure>
      <BisWeighted>0</BisWeighted>
      <QtyInPackage>1</QtyInPackage>
      <ItemPrice>5.90</ItemPrice>
      <UnitOfMeasurePrice>0.98</UnitOfMeasurePrice>
      <AllowDiscount>1</AllowDiscount>
      <itemStatus>1</itemStatus>
      <LastUpdateDate />
      <LastUpdateTime />
    </Product>
    <Product>
      <PriceUpdateDate>2014/10/26 11:07</PriceUpdateDate>
      <ItemCode>7290000307046</ItemCode>
      <ItemType>1</ItemType>
      <ItemName>אפונה וגזר A2</ItemName>
      <ManufactureName>ויטה -פרי גליל (החדשה) בעמ</ManufactureName>
      <ManufactureCountry />
      <ManufactureItemDescription />
      <UnitQty>יח`</UnitQty>
      <Quantity>550</Quantity>
      <UnitMeasure>גרם</UnitMeasure>
      <BisWeighted>0</BisWeighted>
      <QtyInPackage>1</QtyInPackage>
      <ItemPrice>5.90</ItemPrice>
      <UnitOfMeasurePrice>1.07</UnitOfMeasurePrice>
      <AllowDiscount>1</AllowDiscount>
      <itemStatus>1</itemStatus>
      <LastUpdateDate />
      <LastUpdateTime />
    </Product>
    <Product>
      <PriceUpdateDate>2020/01/14 17:55</PriceUpdateDate>
      <ItemCode>7290000307220</ItemCode>
      <ItemType>1</ItemType>
      <ItemName>תירס גרעינים 340</ItemName>
      <ManufactureName>ויטה -פרי גליל (החדשה) בעמ</ManufactureName>
      <ManufactureCountry />
      <ManufactureItemDescription />
      <UnitQty>יח`</UnitQty>
      <Quantity>450</Quantity>
      <UnitMeasure>גרם</UnitMeasure>
      <BisWeighted>0</BisWeighted>
      <QtyInPackage>1</QtyInPackage>
      <ItemPrice>4.90</ItemPrice>
      <UnitOfMeasurePrice>1.09</UnitOfMeasurePrice>
      <AllowDiscount>0</AllowDiscount>
      <itemStatus>1</itemStatus>
      <LastUpdateDate />
      <LastUpdateTime />
    </Product>
    <Product>
      <PriceUpdateDate>2015/11/30 14:45</PriceUpdateDate>
      <ItemCode>7290000307237</ItemCode>
      <ItemType>1</ItemType>
      <ItemName>תירס גרעינים 550 גר`</ItemName>
      <ManufactureName>ויטה -פרי גליל (החדשה) בעמ</ManufactureName>
      <ManufactureCountry />
      <ManufactureItemDescription />
      <UnitQty>יח`</UnitQty>
      <Quantity>550</Quantity>
      <UnitMeasure>גרם</UnitMeasure>
      <BisWeighted>0</BisWeighted>
      <QtyInPackage>1</QtyInPackage>
      <ItemPrice>5.90</ItemPrice>
      <UnitOfMeasurePrice>1.07</UnitOfMeasurePrice>
      <AllowDiscount>1</AllowDiscount>
      <itemStatus>1</itemStatus>
      <LastUpdateDate />
      <LastUpdateTime />
    </Product>
    <Product>
      <PriceUpdateDate>2015/12/01 09:24</PriceUpdateDate>
      <ItemCode>7290000311036</ItemCode>
      <ItemType>1</ItemType>
      <ItemName>עוגיות גרנולה בטעם שוקולד מן (250 גרם)</ItemName>
      <ManufactureName>רוקחמן בעמ</ManufactureName>
      <ManufactureCountry />
      <ManufactureItemDescription />
      <UnitQty>יח`</UnitQty>
      <Quantity>300</Quantity>
      <UnitMeasure>גרם</UnitMeasure>
      <BisWeighted>0</BisWeighted>
      <QtyInPackage>1</QtyInPackage>
      <ItemPrice>7.90</ItemPrice>
      <UnitOfMeasurePrice>2.63</UnitOfMeasurePrice>
      <AllowDiscount>0</AllowDiscount>
      <itemStatus>1</itemStatus>
      <LastUpdateDate />
      <LastUpdateTime />
    </Product>
    <Product>
      <PriceUpdateDate>2019/03/31 13:43</PriceUpdateDate>
      <ItemCode>7290000311067</ItemCode>
      <ItemType>1</ItemType>
      <ItemName>מינימן לא מצופה 200  גר`מן</ItemName>
      <ManufactureName>רוקחמן בעמ</ManufactureName>
      <ManufactureCountry />
      <ManufactureItemDescription />
      <UnitQty>יח`</UnitQty>
      <Quantity>200</Quantity>
      <UnitMeasure>גרם</UnitMeasure>
      <BisWeighted>0</BisWeighted>
      <QtyInPackage>1</QtyInPackage>
      <ItemPrice>5.90</ItemPrice>
      <UnitOfMeasurePrice>2.95</UnitOfMeasurePrice>
      <AllowDiscount>0</AllowDiscount>
      <itemStatus>1</itemStatus>
      <LastUpdateDate />
      <LastUpdateTime />
    </Product>
    <Product>
      <PriceUpdateDate>2015/12/01 09:24</PriceUpdateDate>
      <ItemCode>7290000311104</ItemCode>
      <ItemType>1</ItemType>
      <ItemName>עוגיות מן דגנים</ItemName>
      <ManufactureName>רוקחמן בעמ</ManufactureName>
      <ManufactureCountry />
      <ManufactureItemDescription />
      <UnitQty>יח`</UnitQty>
      <Quantity>250</Quantity>
      <UnitMeasure>גרם</UnitMeasure>
      <BisWeighted>0</BisWeighted>
      <QtyInPackage>1</QtyInPackage>
      <ItemPrice>7.90</ItemPrice>
      <UnitOfMeasurePrice>3.16</UnitOfMeasurePrice>
      <AllowDiscount>0</AllowDiscount>
      <itemStatus>1</itemStatus>
      <LastUpdateDate />
      <LastUpdateTime />
    </Product>
    <Product>
      <PriceUpdateDate>2018/02/05 13:48</PriceUpdateDate>
      <ItemCode>7290000311203</ItemCode>
      <ItemType>1</ItemType>
      <ItemName>וופל שוקולד מן (200 גרם)</ItemName>
      <ManufactureName>רוקחמן בעמ</ManufactureName>
      <ManufactureCountry />
      <ManufactureItemDescription />
      <UnitQty>יח`</UnitQty>
      <Quantity>200</Quantity>
      <UnitMeasure>גרם</UnitMeasure>
      <BisWeighted>0</BisWeighted>
      <QtyInPackage>1</QtyInPackage>
      <ItemPrice>4.90</ItemPrice>
      <UnitOfMeasurePrice>2.45</UnitOfMeasurePrice>
      <AllowDiscount>0</AllowDiscount>
      <itemStatus>1</itemStatus>
      <LastUpdateDate />
      <LastUpdateTime />
    </Product>
    <Product>
      <PriceUpdateDate>2018/02/05 13:48</PriceUpdateDate>
      <ItemCode>7290000311210</ItemCode>
      <ItemType>1</ItemType>
      <ItemName>וופלים לימון מן (200 גרם)</ItemName>
      <ManufactureName>רוקחמן בעמ</ManufactureName>
      <ManufactureCountry />
      <ManufactureItemDescription />
      <UnitQty>יח`</UnitQty>
      <Quantity>200</Quantity>
      <UnitMeasure>גרם</UnitMeasure>
      <BisWeighted>0</BisWeighted>
      <QtyInPackage>1</QtyInPackage>
      <ItemPrice>4.90</ItemPrice>
      <UnitOfMeasurePrice>2.45</UnitOfMeasurePrice>
      <AllowDiscount>0</AllowDiscount>
      <itemStatus>1</itemStatus>
      <LastUpdateDate />
      <LastUpdateTime />
    </Product>
    <Product>
      <PriceUpdateDate>2018/02/05 13:48</PriceUpdateDate>
      <ItemCode>7290000311227</ItemCode>
      <ItemType>1</ItemType>
      <ItemName>וופלים 200 גר` קפה מן</ItemName>
      <ManufactureName>רוקחמן בעמ</ManufactureName>
      <ManufactureCountry />
      <ManufactureItemDescription />
      <UnitQty>יח`</UnitQty>
      <Quantity>200</Quantity>
      <UnitMeasure>גרם</UnitMeasure>
      <BisWeighted>0</BisWeighted>
      <QtyInPackage>1</QtyInPackage>
      <ItemPrice>4.90</ItemPrice>
      <UnitOfMeasurePrice>2.45</UnitOfMeasurePrice>
      <AllowDiscount>0</AllowDiscount>
      <itemStatus>1</itemStatus>
      <LastUpdateDate />
      <LastUpdateTime />
    </Product>
    <Product>
      <PriceUpdateDate>2018/02/05 13:48</PriceUpdateDate>
      <ItemCode>7290000311234</ItemCode>
      <ItemType>1</ItemType>
      <ItemName>וופל 200 גר` וניל מן</ItemName>
      <ManufactureName>רוקחמן בעמ</ManufactureName>
      <ManufactureCountry />
      <ManufactureItemDescription />
      <UnitQty>יח`</UnitQty>
      <Quantity>200</Quantity>
      <UnitMeasure>גרם</UnitMeasure>
      <BisWeighted>0</BisWeighted>
      <QtyInPackage>1</QtyInPackage>
      <ItemPrice>4.90</ItemPrice>
      <UnitOfMeasurePrice>2.45</UnitOfMeasurePrice>
      <AllowDiscount>0</AllowDiscount>
      <itemStatus>1</itemStatus>
      <LastUpdateDate />
      <LastUpdateTime />
    </Product>
    <Product>
      <PriceUpdateDate>2014/10/01 12:20</PriceUpdateDate>
      <ItemCode>7290000311258</ItemCode>
      <ItemType>1</ItemType>
      <ItemName>ופל מן מצופה 250 גר מן</ItemName>
      <ManufactureName>רוקחמן בעמ</ManufactureName>
      <ManufactureCountry />
      <ManufactureItemDescription />
      <UnitQty>יח`</UnitQty>
      <Quantity>250</Quantity>
      <UnitMeasure>גרם</UnitMeasure>
      <BisWeighted>0</BisWeighted>
      <QtyInPackage>1</QtyInPackage>
      <ItemPrice>5.90</ItemPrice>
      <UnitOfMeasurePrice>2.36</UnitOfMeasurePrice>
      <AllowDiscount>0</AllowDiscount>
      <itemStatus>1</itemStatus>
      <LastUpdateDate />
      <LastUpdateTime />
    </Product>
    <Product>
      <PriceUpdateDate>2018/07/22 15:22</PriceUpdateDate>
      <ItemCode>7290000311272</ItemCode>
      <ItemType>1</ItemType>
      <ItemName>וופל 180 גר` חלבה מן</ItemName>
      <ManufactureName>רוקחמן בעמ</ManufactureName>
      <ManufactureCountry />
      <ManufactureItemDescription />
      <UnitQty>יח`</UnitQty>
      <Quantity>180</Quantity>
      <UnitMeasure>גרם</UnitMeasure>
      <BisWeighted>0</BisWeighted>
      <QtyInPackage>1</QtyInPackage>
      <ItemPrice>4.90</ItemPrice>
      <UnitOfMeasurePrice>2.72</UnitOfMeasurePrice>
      <AllowDiscount>0</AllowDiscount>
      <itemStatus>1</itemStatus>
      <LastUpdateDate />
      <LastUpdateTime />
    </Product>
    <Product>
      <PriceUpdateDate>2015/12/01 09:24</PriceUpdateDate>
      <ItemCode>7290000311289</ItemCode>
      <ItemType>1</ItemType>
      <ItemName>מיני ופל מצופה 200 גר`</ItemName>
      <ManufactureName>רוקחמן בעמ</ManufactureName>
      <ManufactureCountry />
      <ManufactureItemDescription />
      <UnitQty>יח`</UnitQty>
      <Quantity>200</Quantity>
      <UnitMeasure>גרם</UnitMeasure>
      <BisWeighted>0</BisWeighted>
      <QtyInPackage>1</QtyInPackage>
      <ItemPrice>7.90</ItemPrice>
      <UnitOfMeasurePrice>3.95</UnitOfMeasurePrice>
      <AllowDiscount>0</AllowDiscount>
      <itemStatus>1</itemStatus>
      <LastUpdateDate />
      <LastUpdateTime />
    </Product>
    <Product>
      <PriceUpdateDate>2015/12/02 11:47</PriceUpdateDate>
      <ItemCode>7290000311319</ItemCode>
      <ItemType>1</ItemType>
      <ItemName>וופלים מצופים מן (1 קג)</ItemName>
      <ManufactureName>רוקחמן בעמ</ManufactureName>
      <ManufactureCountry />
      <ManufactureItemDescription />
      <UnitQty>יח`</UnitQty>
      <Quantity>1</Quantity>
      <UnitMeasure>ק"ג</UnitMeasure>
      <BisWeighted>0</BisWeighted>
      <QtyInPackage>1</QtyInPackage>
      <ItemPrice>22.90</ItemPrice>
      <UnitOfMeasurePrice>22.90</UnitOfMeasurePrice>
      <AllowDiscount>0</AllowDiscount>
      <itemStatus>1</itemStatus>
      <LastUpdateDate />
      <LastUpdateTime />
    </Product>
    <Product>
      <PriceUpdateDate>2015/12/02 11:47</PriceUpdateDate>
      <ItemCode>7290000311357</ItemCode>
      <ItemType>1</ItemType>
      <ItemName>וופל אגוזית 10יח*28גר מן</ItemName>
      <ManufactureName>רוקחמן בעמ</ManufactureName>
      <ManufactureCountry />
      <ManufactureItemDescription />
      <UnitQty>יח`</UnitQty>
      <Quantity>280</Quantity>
      <UnitMeasure>גרם</UnitMeasure>
      <BisWeighted>0</BisWeighted>
      <QtyInPackage>1</QtyInPackage>
      <ItemPrice>10.90</ItemPrice>
      <UnitOfMeasurePrice>3.89</UnitOfMeasurePrice>
      <AllowDiscount>0</AllowDiscount>
      <itemStatus>1</itemStatus>
      <LastUpdateDate />
      <LastUpdateTime />
    </Product>
    <Product>
      <PriceUpdateDate>2015/12/01 09:24</PriceUpdateDate>
      <ItemCode>7290000311425</ItemCode>
      <ItemType>1</ItemType>
      <ItemName>ופלים מצופים מן (22x10 גרם)</ItemName>
      <ManufactureName>רוקחמן בעמ</ManufactureName>
      <ManufactureCountry />
      <ManufactureItemDescription />
      <UnitQty>יח`</UnitQty>
      <Quantity>200</Quantity>
      <UnitMeasure>גרם</UnitMeasure>
      <BisWeighted>0</BisWeighted>
      <QtyInPackage>1</QtyInPackage>
      <ItemPrice>7.90</ItemPrice>
      <UnitOfMeasurePrice>3.95</UnitOfMeasurePrice>
      <AllowDiscount>1</AllowDiscount>
      <itemStatus>1</itemStatus>
      <LastUpdateDate />
      <LastUpdateTime />
    </Product>
    <Product>
      <PriceUpdateDate>2015/12/01 09:24</PriceUpdateDate>
      <ItemCode>7290000311500</ItemCode>
      <ItemType>1</ItemType>
      <ItemName>וופל שוקולד מן (500 גרם)</ItemName>
      <ManufactureName>רוקחמן בעמ</ManufactureName>
      <ManufactureCountry />
      <ManufactureItemDescription />
      <UnitQty>יח`</UnitQty>
      <Quantity>500</Quantity>
      <UnitMeasure>גרם</UnitMeasure>
      <BisWeighted>0</BisWeighted>
      <QtyInPackage>1</QtyInPackage>
      <ItemPrice>8.90</ItemPrice>
      <UnitOfMeasurePrice>1.78</UnitOfMeasurePrice>
      <AllowDiscount>0</AllowDiscount>
      <itemStatus>1</itemStatus>
      <LastUpdateDate />
      <LastUpdateTime />
    </Product>
    <Product>
      <PriceUpdateDate>2015/12/01 09:24</PriceUpdateDate>
      <ItemCode>7290000311517</ItemCode>
      <ItemType>1</ItemType>
      <ItemName>וופלים 500 גר לימון מן</ItemName>
      <ManufactureName>רוקחמן בעמ</ManufactureName>
      <ManufactureCountry />
      <ManufactureItemDescription />
      <UnitQty>יח`</UnitQty>
      <Quantity>500</Quantity>
      <UnitMeasure>גרם</UnitMeasure>
      <BisWeighted>0</BisWeighted>
      <QtyInPackage>1</QtyInPackage>
      <ItemPrice>8.90</ItemPrice>
      <UnitOfMeasurePrice>1.78</UnitOfMeasurePrice>
      <AllowDiscount>0</AllowDiscount>
      <itemStatus>1</itemStatus>
      <LastUpdateDate />
      <LastUpdateTime />
    </Product>
    <Product>
      <PriceUpdateDate>2015/12/01 09:24</PriceUpdateDate>
      <ItemCode>7290000311708</ItemCode>
      <ItemType>1</ItemType>
      <ItemName>עוגיות חיטה מלאה מן (300 גרם)</ItemName>
      <ManufactureName>רוקחמן בעמ</ManufactureName>
      <ManufactureCountry />
      <ManufactureItemDescription />
      <UnitQty>יח`</UnitQty>
      <Quantity>300</Quantity>
      <UnitMeasure>גרם</UnitMeasure>
      <BisWeighted>0</BisWeighted>
      <QtyInPackage>1</QtyInPackage>
      <ItemPrice>6.90</ItemPrice>
      <UnitOfMeasurePrice>2.30</UnitOfMeasurePrice>
      <AllowDiscount>0</AllowDiscount>
      <itemStatus>1</itemStatus>
      <LastUpdateDate />
      <LastUpdateTime />
    </Product>
    <Product>
      <PriceUpdateDate>2015/12/01 09:24</PriceUpdateDate>
      <ItemCode>7290000311715</ItemCode>
      <ItemType>1</ItemType>
      <ItemName>עוגיות כוכבים בטעם שוקולד מן (300 גרם)</ItemName>
      <ManufactureName>רוקחמן בעמ</ManufactureName>
      <ManufactureCountry />
      <ManufactureItemDescription />
      <UnitQty>יח`</UnitQty>
      <Quantity>300</Quantity>
      <UnitMeasure>גרם</UnitMeasure>
      <BisWeighted>0</BisWeighted>
      <QtyInPackage>1</QtyInPackage>
      <ItemPrice>6.90</ItemPrice>
      <UnitOfMeasurePrice>2.30</UnitOfMeasurePrice>
      <AllowDiscount>0</AllowDiscount>
      <itemStatus>1</itemStatus>
      <LastUpdateDate />
      <LastUpdateTime />
    </Product>
    <Product>
      <PriceUpdateDate>2015/12/01 09:24</PriceUpdateDate>
      <ItemCode>7290000311746</ItemCode>
      <ItemType>1</ItemType>
      <ItemName>עוגיות בטעם קרמל מן (300 גרם)</ItemName>
      <ManufactureName>רוקחמן בעמ</ManufactureName>
      <ManufactureCountry />
      <ManufactureItemDescription />
      <UnitQty>יח`</UnitQty>
      <Quantity>300</Quantity>
      <UnitMeasure>גרם</UnitMeasure>
      <BisWeighted>0</BisWeighted>
      <QtyInPackage>1</QtyInPackage>
      <ItemPrice>6.90</ItemPrice>
      <UnitOfMeasurePrice>2.30</UnitOfMeasurePrice>
      <AllowDiscount>0</AllowDiscount>
      <itemStatus>1</itemStatus>
      <LastUpdateDate />
      <LastUpdateTime />
    </Product>
    <Product>
      <PriceUpdateDate>2019/12/12 22:21</PriceUpdateDate>
      <ItemCode>7290000311753</ItemCode>
      <ItemType>1</ItemType>
      <ItemName>עוגיות חיטה מלאה בטעם חלווה 250 גרם</ItemName>
      <ManufactureName>רוקחמן בעמ</ManufactureName>
      <ManufactureCountry />
      <ManufactureItemDescription />
      <UnitQty>יח`</UnitQty>
      <Quantity>250</Quantity>
      <UnitMeasure>גרם</UnitMeasure>
      <BisWeighted>0</BisWeighted>
      <QtyInPackage>1</QtyInPackage>
      <ItemPrice>6.90</ItemPrice>
      <UnitOfMeasurePrice>2.76</UnitOfMeasurePrice>
      <AllowDiscount>0</AllowDiscount>
      <itemStatus>1</itemStatus>
      <LastUpdateDate />
      <LastUpdateTime />
    </Product>
    <Product>
      <PriceUpdateDate>2015/12/24 10:03</PriceUpdateDate>
      <ItemCode>7290000311869</ItemCode>
      <ItemType>1</ItemType>
      <ItemName>ופלים ללא תוספת סוכר בטעם שוקולד</ItemName>
      <ManufactureName>רוקחמן בעמ</ManufactureName>
      <ManufactureCountry />
      <ManufactureItemDescription />
      <UnitQty>יח`</UnitQty>
      <Quantity>180</Quantity>
      <UnitMeasure>גרם</UnitMeasure>
      <BisWeighted>0</BisWeighted>
      <QtyInPackage>1</QtyInPackage>
      <ItemPrice>7.90</ItemPrice>
      <UnitOfMeasurePrice>4.39</UnitOfMeasurePrice>
      <AllowDiscount>0</AllowDiscount>
      <itemStatus>1</itemStatus>
      <LastUpdateDate />
      <LastUpdateTime />
    </Product>
    <Product>
      <PriceUpdateDate>2015/12/24 10:03</PriceUpdateDate>
      <ItemCode>7290000311883</ItemCode>
      <ItemType>1</ItemType>
      <ItemName>עוגיות גרנולה ללא תוספת סוכר</ItemName>
      <ManufactureName>רוקחמן בעמ</ManufactureName>
      <ManufactureCountry />
      <ManufactureItemDescription />
      <UnitQty>יח`</UnitQty>
      <Quantity>200</Quantity>
      <UnitMeasure>גרם</UnitMeasure>
      <BisWeighted>0</BisWeighted>
      <QtyInPackage>1</QtyInPackage>
      <ItemPrice>8.90</ItemPrice>
      <UnitOfMeasurePrice>4.45</UnitOfMeasurePrice>
      <AllowDiscount>0</AllowDiscount>
      <itemStatus>1</itemStatus>
      <LastUpdateDate />
      <LastUpdateTime />
    </Product>
    <Product>
      <PriceUpdateDate>2014/09/30 11:29</PriceUpdateDate>
      <ItemCode>7290000313160</ItemCode>
      <ItemType>1</ItemType>
      <ItemName>חברים זהבה 3 דובים שוקו</ItemName>
      <ManufactureName>קבוצת אסם סחר שות. מוגבלת</ManufactureName>
      <ManufactureCountry />
      <ManufactureItemDescription />
      <UnitQty>יח`</UnitQty>
      <Quantity>250</Quantity>
      <UnitMeasure>גרם</UnitMeasure>
      <BisWeighted>0</BisWeighted>
      <QtyInPackage>1</QtyInPackage>
      <ItemPrice>7.90</ItemPrice>
      <UnitOfMeasurePrice>3.16</UnitOfMeasurePrice>
      <AllowDiscount>0</AllowDiscount>
      <itemStatus>1</itemStatus>
      <LastUpdateDate />
      <LastUpdateTime />
    </Product>
    <Product>
      <PriceUpdateDate>2018/03/22 11:10</PriceUpdateDate>
      <ItemCode>7290000313290</ItemCode>
      <ItemType>1</ItemType>
      <ItemName>נודלס אטריות מסולסלות אסם (50x4 גרם)</ItemName>
      <ManufactureName>קבוצת אסם סחר שות. מוגבלת</ManufactureName>
      <ManufactureCountry />
      <ManufactureItemDescription />
      <UnitQty>יח`</UnitQty>
      <Quantity>200</Quantity>
      <UnitMeasure>גרם</UnitMeasure>
      <BisWeighted>0</BisWeighted>
      <QtyInPackage>1</QtyInPackage>
      <ItemPrice>9.90</ItemPrice>
      <UnitOfMeasurePrice>4.95</UnitOfMeasurePrice>
      <AllowDiscount>0</AllowDiscount>
      <itemStatus>1</itemStatus>
      <LastUpdateDate />
      <LastUpdateTime />
    </Product>
    <Product>
      <PriceUpdateDate>2018/02/22 10:33</PriceUpdateDate>
      <ItemCode>7290000318127</ItemCode>
      <ItemType>1</ItemType>
      <ItemName>נקניקיות ביס יחיעם (380 גרם)</ItemName>
      <ManufactureName>מעדני יחיעם (1993) בעמ</ManufactureName>
      <ManufactureCountry />
      <ManufactureItemDescription />
      <UnitQty>יח`</UnitQty>
      <Quantity>380</Quantity>
      <UnitMeasure>גרם</UnitMeasure>
      <BisWeighted>0</BisWeighted>
      <QtyInPackage>1</QtyInPackage>
      <ItemPrice>10.90</ItemPrice>
      <UnitOfMeasurePrice>2.87</UnitOfMeasurePrice>
      <AllowDiscount>0</AllowDiscount>
      <itemStatus>1</itemStatus>
      <LastUpdateDate />
      <LastUpdateTime />
    </Product>
    <Product>
      <PriceUpdateDate>2018/02/22 10:33</PriceUpdateDate>
      <ItemCode>7290000319124</ItemCode>
      <ItemType>1</ItemType>
      <ItemName>סלמי סרוולט יחיעם (250 גרם)</ItemName>
      <ManufactureName>מעדני יחיעם (1993) בעמ</ManufactureName>
      <ManufactureCountry />
      <ManufactureItemDescription />
      <UnitQty>יח`</UnitQty>
      <Quantity>250</Quantity>
      <UnitMeasure>גרם</UnitMeasure>
      <BisWeighted>0</BisWeighted>
      <QtyInPackage>1</QtyInPackage>
      <ItemPrice>34.90</ItemPrice>
      <UnitOfMeasurePrice>13.96</UnitOfMeasurePrice>
      <AllowDiscount>0</AllowDiscount>
      <itemStatus>1</itemStatus>
      <LastUpdateDate />
      <LastUpdateTime />
    </Product>
    <Product>
      <PriceUpdateDate>2017/08/09 14:20</PriceUpdateDate>
      <ItemCode>7290000319292</ItemCode>
      <ItemType>1</ItemType>
      <ItemName>נקניקיות וינר 1 קג</ItemName>
      <ManufactureName>מעדני יחיעם (1993) בעמ</ManufactureName>
      <ManufactureCountry />
      <ManufactureItemDescription />
      <UnitQty>יח`</UnitQty>
      <Quantity>1000</Quantity>
      <UnitMeasure>גרם</UnitMeasure>
      <BisWeighted>0</BisWeighted>
      <QtyInPackage>1</QtyInPackage>
      <ItemPrice>19.90</ItemPrice>
      <UnitOfMeasurePrice>1.99</UnitOfMeasurePrice>
      <AllowDiscount>0</AllowDiscount>
      <itemStatus>1</itemStatus>
      <LastUpdateDate />
      <LastUpdateTime />
    </Product>
    <Product>
      <PriceUpdateDate>2015/07/13 09:21</PriceUpdateDate>
      <ItemCode>7290000319803</ItemCode>
      <ItemType>1</ItemType>
      <ItemName>קבנוס קלאסי יחיעם (125 גרם)</ItemName>
      <ManufactureName>מעדני יחיעם (1993) בעמ</ManufactureName>
      <ManufactureCountry />
      <ManufactureItemDescription />
      <UnitQty>יח`</UnitQty>
      <Quantity>125</Quantity>
      <UnitMeasure>גרם</UnitMeasure>
      <BisWeighted>0</BisWeighted>
      <QtyInPackage>1</QtyInPackage>
      <ItemPrice>12.90</ItemPrice>
      <UnitOfMeasurePrice>10.32</UnitOfMeasurePrice>
      <AllowDiscount>1</AllowDiscount>
      <itemStatus>1</itemStatus>
      <LastUpdateDate />
      <LastUpdateTime />
    </Product>
    <Product>
      <PriceUpdateDate>2015/07/13 09:21</PriceUpdateDate>
      <ItemCode>7290000319834</ItemCode>
      <ItemType>1</ItemType>
      <ItemName>קבנוס פפרוני יחיעם (125 גרם)</ItemName>
      <ManufactureName>מעדני יחיעם (1993) בעמ</ManufactureName>
      <ManufactureCountry />
      <ManufactureItemDescription />
      <UnitQty>יח`</UnitQty>
      <Quantity>125</Quantity>
      <UnitMeasure>גרם</UnitMeasure>
      <BisWeighted>0</BisWeighted>
      <QtyInPackage>1</QtyInPackage>
      <ItemPrice>12.90</ItemPrice>
      <UnitOfMeasurePrice>10.32</UnitOfMeasurePrice>
      <AllowDiscount>1</AllowDiscount>
      <itemStatus>1</itemStatus>
      <LastUpdateDate />
      <LastUpdateTime />
    </Product>
    <Product>
      <PriceUpdateDate>2016/01/25 08:15</PriceUpdateDate>
      <ItemCode>7290000327372</ItemCode>
      <ItemType>1</ItemType>
      <ItemName>משקה קל דיאט אשכוליות ג`אמפ (1.5 ליטר)</ItemName>
      <ManufactureName>טמפו משקאות בעמ</ManufactureName>
      <ManufactureCountry />
      <ManufactureItemDescription />
      <UnitQty>יח`</UnitQty>
      <Quantity>1500</Quantity>
      <UnitMeasure>מ"ל</UnitMeasure>
      <BisWeighted>0</BisWeighted>
      <QtyInPackage>1</QtyInPackage>
      <ItemPrice>5.50</ItemPrice>
      <UnitOfMeasurePrice>0.37</UnitOfMeasurePrice>
      <AllowDiscount>1</AllowDiscount>
      <itemStatus>1</itemStatus>
      <LastUpdateDate />
      <LastUpdateTime />
    </Product>
    <Product>
      <PriceUpdateDate>2016/01/25 08:15</PriceUpdateDate>
      <ItemCode>7290000327440</ItemCode>
      <ItemType>1</ItemType>
      <ItemName>משקה קל מנגו פסיפלורה ג`אמפ (1.5 ליטר)</ItemName>
      <ManufactureName>טמפו משקאות בעמ</ManufactureName>
      <ManufactureCountry />
      <ManufactureItemDescription />
      <UnitQty>יח`</UnitQty>
      <Quantity>1500</Quantity>
      <UnitMeasure>מ"ל</UnitMeasure>
      <BisWeighted>0</BisWeighted>
      <QtyInPackage>1</QtyInPackage>
      <ItemPrice>5.50</ItemPrice>
      <UnitOfMeasurePrice>0.37</UnitOfMeasurePrice>
      <AllowDiscount>1</AllowDiscount>
      <itemStatus>1</itemStatus>
      <LastUpdateDate />
      <LastUpdateTime />
    </Product>
    <Product>
      <PriceUpdateDate>2013/12/31 12:18</PriceUpdateDate>
      <ItemCode>7290000327624</ItemCode>
      <ItemType>1</ItemType>
      <ItemName>מי סודה טמפו (1.5 ליטר)</ItemName>
      <ManufactureName>טמפו משקאות בעמ</ManufactureName>
      <ManufactureCountry />
      <ManufactureItemDescription />
      <UnitQty>יח`</UnitQty>
      <Quantity>1500</Quantity>
      <UnitMeasure>מ"ל</UnitMeasure>
      <BisWeighted>0</BisWeighted>
      <QtyInPackage>1</QtyInPackage>
      <ItemPrice>3</ItemPrice>
      <UnitOfMeasurePrice>0.20</UnitOfMeasurePrice>
      <AllowDiscount>1</AllowDiscount>
      <itemStatus>1</itemStatus>
      <LastUpdateDate />
      <LastUpdateTime />
    </Product>
    <Product>
      <PriceUpdateDate>2016/06/02 11:31</PriceUpdateDate>
      <ItemCode>7290000334165</ItemCode>
      <ItemType>1</ItemType>
      <ItemName>צ`יפס מובחר תפוגן (700 גרם)</ItemName>
      <ManufactureName>קבוצת אסם סחר שות. מוגבלת</ManufactureName>
      <ManufactureCountry />
      <ManufactureItemDescription />
      <UnitQty>יח`</UnitQty>
      <Quantity>700</Quantity>
      <UnitMeasure>גרם</UnitMeasure>
      <BisWeighted>0</BisWeighted>
      <QtyInPackage>1</QtyInPackage>
      <ItemPrice>14.90</ItemPrice>
      <UnitOfMeasurePrice>2.13</UnitOfMeasurePrice>
      <AllowDiscount>0</AllowDiscount>
      <itemStatus>1</itemStatus>
      <LastUpdateDate />
      <LastUpdateTime />
    </Product>
    <Product>
      <PriceUpdateDate>2014/11/11 08:44</PriceUpdateDate>
      <ItemCode>7290000334325</ItemCode>
      <ItemType>1</ItemType>
      <ItemName>צ`יפס למיקרוגל תפוגן (125x3 גרם)</ItemName>
      <ManufactureName>קבוצת אסם סחר שות. מוגבלת</ManufactureName>
      <ManufactureCountry />
      <ManufactureItemDescription />
      <UnitQty>יח`</UnitQty>
      <Quantity>380</Quantity>
      <UnitMeasure>גרם</UnitMeasure>
      <BisWeighted>0</BisWeighted>
      <QtyInPackage>1</QtyInPackage>
      <ItemPrice>13.90</ItemPrice>
      <UnitOfMeasurePrice>3.66</UnitOfMeasurePrice>
      <AllowDiscount>0</AllowDiscount>
      <itemStatus>1</itemStatus>
      <LastUpdateDate />
      <LastUpdateTime />
    </Product>
    <Product>
      <PriceUpdateDate>2015/03/02 09:23</PriceUpdateDate>
      <ItemCode>7290000334684</ItemCode>
      <ItemType>1</ItemType>
      <ItemName>טבעות בצל תפוגן (700 גרם)</ItemName>
      <ManufactureName>קבוצת אסם סחר שות. מוגבלת</ManufactureName>
      <ManufactureCountry />
      <ManufactureItemDescription />
      <UnitQty>יח`</UnitQty>
      <Quantity>700</Quantity>
      <UnitMeasure>גרם</UnitMeasure>
      <BisWeighted>0</BisWeighted>
      <QtyInPackage>1</QtyInPackage>
      <ItemPrice>16.90</ItemPrice>
      <UnitOfMeasurePrice>2.41</UnitOfMeasurePrice>
      <AllowDiscount>0</AllowDiscount>
      <itemStatus>1</itemStatus>
      <LastUpdateDate />
      <LastUpdateTime />
    </Product>
    <Product>
      <PriceUpdateDate>2014/11/11 08:44</PriceUpdateDate>
      <ItemCode>7290000334745</ItemCode>
      <ItemType>1</ItemType>
      <ItemName>אמריקן צ`יפס תפוגן (1.5 קג)</ItemName>
      <ManufactureName>קבוצת אסם סחר שות. מוגבלת</ManufactureName>
      <ManufactureCountry />
      <ManufactureItemDescription />
      <UnitQty>יח`</UnitQty>
      <Quantity>1.50</Quantity>
      <UnitMeasure>ק"ג</UnitMeasure>
      <BisWeighted>0</BisWeighted>
      <QtyInPackage>1</QtyInPackage>
      <ItemPrice>27.90</ItemPrice>
      <UnitOfMeasurePrice>18.60</UnitOfMeasurePrice>
      <AllowDiscount>0</AllowDiscount>
      <itemStatus>1</itemStatus>
      <LastUpdateDate />
      <LastUpdateTime />
    </Product>
    <Product>
      <PriceUpdateDate>2013/06/05 15:01</PriceUpdateDate>
      <ItemCode>7290000334981</ItemCode>
      <ItemType>1</ItemType>
      <ItemName>אמריקן צ`יפס 1-2-3 תפוגן (750 גרם)</ItemName>
      <ManufactureName>קבוצת אסם סחר שות. מוגבלת</ManufactureName>
      <ManufactureCountry />
      <ManufactureItemDescription />
      <UnitQty>יח`</UnitQty>
      <Quantity>750</Quantity>
      <UnitMeasure>גרם</UnitMeasure>
      <BisWeighted>0</BisWeighted>
      <QtyInPackage>1</QtyInPackage>
      <ItemPrice>23.90</ItemPrice>
      <UnitOfMeasurePrice>3.19</UnitOfMeasurePrice>
      <AllowDiscount>0</AllowDiscount>
      <itemStatus>1</itemStatus>
      <LastUpdateDate />
      <LastUpdateTime />
    </Product>
    <Product>
      <PriceUpdateDate>2019/08/18 10:55</PriceUpdateDate>
      <ItemCode>7290000339566</ItemCode>
      <ItemType>1</ItemType>
      <ItemName>מרכך כביסה ורוד בדין (4 ליטר)</ItemName>
      <ManufactureName>יוניליוור ישראל שיווק בעמ</ManufactureName>
      <ManufactureCountry />
      <ManufactureItemDescription />
      <UnitQty>יח`</UnitQty>
      <Quantity>4</Quantity>
      <UnitMeasure>1 ליטר</UnitMeasure>
      <BisWeighted>0</BisWeighted>
      <QtyInPackage>1</QtyInPackage>
      <ItemPrice>19.90</ItemPrice>
      <UnitOfMeasurePrice>4.98</UnitOfMeasurePrice>
      <AllowDiscount>0</AllowDiscount>
      <itemStatus>1</itemStatus>
      <LastUpdateDate />
      <LastUpdateTime />
    </Product>
    <Product>
      <PriceUpdateDate>2015/12/07 12:31</PriceUpdateDate>
      <ItemCode>7290000339849</ItemCode>
      <ItemType>1</ItemType>
      <ItemName>משחת כלים קלין 3.5 קג`</ItemName>
      <ManufactureName>יוניליוור ישראל שיווק בעמ</ManufactureName>
      <ManufactureCountry />
      <ManufactureItemDescription />
      <UnitQty>יח`</UnitQty>
      <Quantity>3.50</Quantity>
      <UnitMeasure>ק"ג</UnitMeasure>
      <BisWeighted>0</BisWeighted>
      <QtyInPackage>1</QtyInPackage>
      <ItemPrice>31.90</ItemPrice>
      <UnitOfMeasurePrice>9.11</UnitOfMeasurePrice>
      <AllowDiscount>0</AllowDiscount>
      <itemStatus>1</itemStatus>
      <LastUpdateDate />
      <LastUpdateTime />
    </Product>
    <Product>
      <PriceUpdateDate>2015/12/07 12:31</PriceUpdateDate>
      <ItemCode>7290000339887</ItemCode>
      <ItemType>1</ItemType>
      <ItemName>משחת כלים קלין 3.5 קג`</ItemName>
      <ManufactureName>יוניליוור ישראל שיווק בעמ</ManufactureName>
      <ManufactureCountry />
      <ManufactureItemDescription />
      <UnitQty>יח`</UnitQty>
      <Quantity>3.50</Quantity>
      <UnitMeasure>ק"ג</UnitMeasure>
      <BisWeighted>0</BisWeighted>
      <QtyInPackage>1</QtyInPackage>
      <ItemPrice>31.90</ItemPrice>
      <UnitOfMeasurePrice>9.11</UnitOfMeasurePrice>
      <AllowDiscount>0</AllowDiscount>
      <itemStatus>1</itemStatus>
      <LastUpdateDate />
      <LastUpdateTime />
    </Product>
    <Product>
      <PriceUpdateDate>2019/08/18 10:55</PriceUpdateDate>
      <ItemCode>7290000342832</ItemCode>
      <ItemType>1</ItemType>
      <ItemName>מרכך כביסה צהוב בדין (4 ליטר)</ItemName>
      <ManufactureName>יוניליוור ישראל שיווק בעמ</ManufactureName>
      <ManufactureCountry />
      <ManufactureItemDescription />
      <UnitQty>יח`</UnitQty>
      <Quantity>4</Quantity>
      <UnitMeasure>1 ליטר</UnitMeasure>
      <BisWeighted>0</BisWeighted>
      <QtyInPackage>1</QtyInPackage>
      <ItemPrice>19.90</ItemPrice>
      <UnitOfMeasurePrice>4.98</UnitOfMeasurePrice>
      <AllowDiscount>0</AllowDiscount>
      <itemStatus>1</itemStatus>
      <LastUpdateDate />
      <LastUpdateTime />
    </Product>
    <Product>
      <PriceUpdateDate>2019/08/18 10:55</PriceUpdateDate>
      <ItemCode>7290000342856</ItemCode>
      <ItemType>1</ItemType>
      <ItemName>מרכך כביסה כחול בדין (4 ליטר)</ItemName>
      <ManufactureName>יוניליוור ישראל שיווק בעמ</ManufactureName>
      <ManufactureCountry />
      <ManufactureItemDescription />
      <UnitQty>יח`</UnitQty>
      <Quantity>4</Quantity>
      <UnitMeasure>1 ליטר</UnitMeasure>
      <BisWeighted>0</BisWeighted>
      <QtyInPackage>1</QtyInPackage>
      <ItemPrice>19.90</ItemPrice>
      <UnitOfMeasurePrice>4.98</UnitOfMeasurePrice>
      <AllowDiscount>0</AllowDiscount>
      <itemStatus>1</itemStatus>
      <LastUpdateDate />
      <LastUpdateTime />
    </Product>
    <Product>
      <PriceUpdateDate>2015/09/08 19:47</PriceUpdateDate>
      <ItemCode>7290000345055</ItemCode>
      <ItemType>1</ItemType>
      <ItemName>תה ארל גריי ויסוצקי (100 גרם)</ItemName>
      <ManufactureName>תה ויסוצקי (ישראל) בעמ</ManufactureName>
      <ManufactureCountry />
      <ManufactureItemDescription />
      <UnitQty>יח`</UnitQty>
      <Quantity>100</Quantity>
      <UnitMeasure>גרם</UnitMeasure>
      <BisWeighted>0</BisWeighted>
      <QtyInPackage>1</QtyInPackage>
      <ItemPrice>13.90</ItemPrice>
      <UnitOfMeasurePrice>13.90</UnitOfMeasurePrice>
      <AllowDiscount>0</AllowDiscount>
      <itemStatus>1</itemStatus>
      <LastUpdateDate />
      <LastUpdateTime />
    </Product>
    <Product>
      <PriceUpdateDate>2015/09/08 19:47</PriceUpdateDate>
      <ItemCode>7290000345116</ItemCode>
      <ItemType>1</ItemType>
      <ItemName>תה ירוק עלים ויסוצקי (125 גרם)</ItemName>
      <ManufactureName>תה ויסוצקי (ישראל) בעמ</ManufactureName>
      <ManufactureCountry />
      <ManufactureItemDescription />
      <UnitQty>יח`</UnitQty>
      <Quantity>125</Quantity>
      <UnitMeasure>גרם</UnitMeasure>
      <BisWeighted>0</BisWeighted>
      <QtyInPackage>1</QtyInPackage>
      <ItemPrice>14.90</ItemPrice>
      <UnitOfMeasurePrice>11.92</UnitOfMeasurePrice>
      <AllowDiscount>0</AllowDiscount>
      <itemStatus>1</itemStatus>
      <LastUpdateDate />
      <LastUpdateTime />
    </Product>
    <Product>
      <PriceUpdateDate>2015/05/28 11:11</PriceUpdateDate>
      <ItemCode>7290000345208</ItemCode>
      <ItemType>1</ItemType>
      <ItemName>תה מעודן ויסוצקי) (25</ItemName>
      <ManufactureName>תה ויסוצקי (ישראל) בעמ</ManufactureName>
      <ManufactureCountry />
      <ManufactureItemDescription />
      <UnitQty>יח`</UnitQty>
      <Quantity>25</Quantity>
      <UnitMeasure>גרם</UnitMeasure>
      <BisWeighted>0</BisWeighted>
      <QtyInPackage>1</QtyInPackage>
      <ItemPrice>6.90</ItemPrice>
      <UnitOfMeasurePrice>27.60</UnitOfMeasurePrice>
      <AllowDiscount>0</AllowDiscount>
      <itemStatus>1</itemStatus>
      <LastUpdateDate />
      <LastUpdateTime />
    </Product>
    <Product>
      <PriceUpdateDate>2018/03/05 09:40</PriceUpdateDate>
      <ItemCode>7290000345215</ItemCode>
      <ItemType>1</ItemType>
      <ItemName>תה מעודן ויסוצקי (100)</ItemName>
      <ManufactureName>תה ויסוצקי (ישראל) בעמ</ManufactureName>
      <ManufactureCountry />
      <ManufactureItemDescription />
      <UnitQty>יח`</UnitQty>
      <Quantity>100</Quantity>
      <UnitMeasure>גרם</UnitMeasure>
      <BisWeighted>0</BisWeighted>
      <QtyInPackage>1</QtyInPackage>
      <ItemPrice>16.90</ItemPrice>
      <UnitOfMeasurePrice>16.90</UnitOfMeasurePrice>
      <AllowDiscount>0</AllowDiscount>
      <itemStatus>1</itemStatus>
      <LastUpdateDate />
      <LastUpdateTime />
    </Product>
    <Product>
      <PriceUpdateDate>2013/12/31 12:18</PriceUpdateDate>
      <ItemCode>7290000345260</ItemCode>
      <ItemType>1</ItemType>
      <ItemName>תה קלאסיק ויסוצקי) (25</ItemName>
      <ManufactureName>תה ויסוצקי (ישראל) בעמ</ManufactureName>
      <ManufactureCountry />
      <ManufactureItemDescription />
      <UnitQty>יח`</UnitQty>
      <Quantity>37.50</Quantity>
      <UnitMeasure>גרם</UnitMeasure>
      <BisWeighted>0</BisWeighted>
      <QtyInPackage>1</QtyInPackage>
      <ItemPrice>7.30</ItemPrice>
      <UnitOfMeasurePrice>19.47</UnitOfMeasurePrice>
      <AllowDiscount>0</AllowDiscount>
      <itemStatus>1</itemStatus>
      <LastUpdateDate />
      <LastUpdateTime />
    </Product>
    <Product>
      <PriceUpdateDate>2019/03/24 12:39</PriceUpdateDate>
      <ItemCode>7290000345284</ItemCode>
      <ItemType>1</ItemType>
      <ItemName>תה קלאסיק ויסוצקי (100)</ItemName>
      <ManufactureName>תה ויסוצקי (ישראל) בעמ</ManufactureName>
      <ManufactureCountry />
      <ManufactureItemDescription />
      <UnitQty>יח`</UnitQty>
      <Quantity>150</Quantity>
      <UnitMeasure>גרם</UnitMeasure>
      <BisWeighted>0</BisWeighted>
      <QtyInPackage>1</QtyInPackage>
      <ItemPrice>16.90</ItemPrice>
      <UnitOfMeasurePrice>11.27</UnitOfMeasurePrice>
      <AllowDiscount>0</AllowDiscount>
      <itemStatus>1</itemStatus>
      <LastUpdateDate />
      <LastUpdateTime />
    </Product>
    <Product>
      <PriceUpdateDate>2015/09/08 19:47</PriceUpdateDate>
      <ItemCode>7290000345291</ItemCode>
      <ItemType>1</ItemType>
      <ItemName>תה ארל גריי ויסוצקי) (25</ItemName>
      <ManufactureName>תה ויסוצקי (ישראל) בעמ</ManufactureName>
      <ManufactureCountry />
      <ManufactureItemDescription />
      <UnitQty>יח`</UnitQty>
      <Quantity>37.50</Quantity>
      <UnitMeasure>גרם</UnitMeasure>
      <BisWeighted>0</BisWeighted>
      <QtyInPackage>1</QtyInPackage>
      <ItemPrice>15.90</ItemPrice>
      <UnitOfMeasurePrice>42.40</UnitOfMeasurePrice>
      <AllowDiscount>0</AllowDiscount>
      <itemStatus>1</itemStatus>
      <LastUpdateDate />
      <LastUpdateTime />
    </Product>
    <Product>
      <PriceUpdateDate>2019/10/23 09:41</PriceUpdateDate>
      <ItemCode>7290000345307</ItemCode>
      <ItemType>1</ItemType>
      <ItemName>תה ארל גריי ויסוצקי (50)</ItemName>
      <ManufactureName>תה ויסוצקי (ישראל) בעמ</ManufactureName>
      <ManufactureCountry />
      <ManufactureItemDescription />
      <UnitQty>יח`</UnitQty>
      <Quantity>75</Quantity>
      <UnitMeasure>גרם</UnitMeasure>
      <BisWeighted>0</BisWeighted>
      <QtyInPackage>1</QtyInPackage>
      <ItemPrice>27.90</ItemPrice>
      <UnitOfMeasurePrice>37.20</UnitOfMeasurePrice>
      <AllowDiscount>0</AllowDiscount>
      <itemStatus>1</itemStatus>
      <LastUpdateDate />
      <LastUpdateTime />
    </Product>
    <Product>
      <PriceUpdateDate>2015/09/08 19:47</PriceUpdateDate>
      <ItemCode>7290000346021</ItemCode>
      <ItemType>1</ItemType>
      <ItemName>תה קמומיל בבונג ויסוצקי הגן הקסום) (50</ItemName>
      <ManufactureName>תה ויסוצקי (ישראל) בעמ</ManufactureName>
      <ManufactureCountry />
      <ManufactureItemDescription />
      <UnitQty>יח`</UnitQty>
      <Quantity>75</Quantity>
      <UnitMeasure>גרם</UnitMeasure>
      <BisWeighted>0</BisWeighted>
      <QtyInPackage>1</QtyInPackage>
      <ItemPrice>33.90</ItemPrice>
      <UnitOfMeasurePrice>45.20</UnitOfMeasurePrice>
      <AllowDiscount>0</AllowDiscount>
      <itemStatus>1</itemStatus>
      <LastUpdateDate />
      <LastUpdateTime />
    </Product>
    <Product>
      <PriceUpdateDate>2018/10/11 19:19</PriceUpdateDate>
      <ItemCode>7290000346137</ItemCode>
      <ItemType>1</ItemType>
      <ItemName>תה הילולי פירות ויסוצקי הגן הקסום) (25</ItemName>
      <ManufactureName>תה ויסוצקי (ישראל) בעמ</ManufactureName>
      <ManufactureCountry />
      <ManufactureItemDescription />
      <UnitQty>יח`</UnitQty>
      <Quantity>62.50</Quantity>
      <UnitMeasure>גרם</UnitMeasure>
      <BisWeighted>0</BisWeighted>
      <QtyInPackage>1</QtyInPackage>
      <ItemPrice>17.50</ItemPrice>
      <UnitOfMeasurePrice>28</UnitOfMeasurePrice>
      <AllowDiscount>0</AllowDiscount>
      <itemStatus>1</itemStatus>
      <LastUpdateDate />
      <LastUpdateTime />
    </Product>
    <Product>
      <PriceUpdateDate>2018/10/11 19:19</PriceUpdateDate>
      <ItemCode>7290000346199</ItemCode>
      <ItemType>1</ItemType>
      <ItemName>תה פירות היער ויסוצקי הגן הקסום) (25</ItemName>
      <ManufactureName>תה ויסוצקי (ישראל) בעמ</ManufactureName>
      <ManufactureCountry />
      <ManufactureItemDescription />
      <UnitQty>יח`</UnitQty>
      <Quantity>67.50</Quantity>
      <UnitMeasure>גרם</UnitMeasure>
      <BisWeighted>0</BisWeighted>
      <QtyInPackage>1</QtyInPackage>
      <ItemPrice>17.50</ItemPrice>
      <UnitOfMeasurePrice>25.93</UnitOfMeasurePrice>
      <AllowDiscount>0</AllowDiscount>
      <itemStatus>1</itemStatus>
      <LastUpdateDate />
      <LastUpdateTime />
    </Product>
    <Product>
      <PriceUpdateDate>2015/09/08 19:47</PriceUpdateDate>
      <ItemCode>7290000346960</ItemCode>
      <ItemType>1</ItemType>
      <ItemName>תה נענע ויסוצקי (50)</ItemName>
      <ManufactureName>תה ויסוצקי (ישראל) בעמ</ManufactureName>
      <ManufactureCountry />
      <ManufactureItemDescription />
      <UnitQty>יח`</UnitQty>
      <Quantity>75</Quantity>
      <UnitMeasure>גרם</UnitMeasure>
      <BisWeighted>0</BisWeighted>
      <QtyInPackage>1</QtyInPackage>
      <ItemPrice>29.90</ItemPrice>
      <UnitOfMeasurePrice>39.87</UnitOfMeasurePrice>
      <AllowDiscount>0</AllowDiscount>
      <itemStatus>1</itemStatus>
      <LastUpdateDate />
      <LastUpdateTime />
    </Product>
    <Product>
      <PriceUpdateDate>2019/02/03 12:24</PriceUpdateDate>
      <ItemCode>7290000347738</ItemCode>
      <ItemType>1</ItemType>
      <ItemName>תה ירוק נענע ויסוצקי (25)</ItemName>
      <ManufactureName>תה ויסוצקי (ישראל) בעמ</ManufactureName>
      <ManufactureCountry />
      <ManufactureItemDescription />
      <UnitQty>יח`</UnitQty>
      <Quantity>37.50</Quantity>
      <UnitMeasure>גרם</UnitMeasure>
      <BisWeighted>0</BisWeighted>
      <QtyInPackage>1</QtyInPackage>
      <ItemPrice>24.90</ItemPrice>
      <UnitOfMeasurePrice>66.40</UnitOfMeasurePrice>
      <AllowDiscount>0</AllowDiscount>
      <itemStatus>1</itemStatus>
      <LastUpdateDate />
      <LastUpdateTime />
    </Product>
    <Product>
      <PriceUpdateDate>2019/02/03 12:24</PriceUpdateDate>
      <ItemCode>7290000347752</ItemCode>
      <ItemType>1</ItemType>
      <ItemName>תה ירוק לימונית ולואיזה ויסוצקי (25)</ItemName>
      <ManufactureName>תה ויסוצקי (ישראל) בעמ</ManufactureName>
      <ManufactureCountry />
      <ManufactureItemDescription />
      <UnitQty>יח`</UnitQty>
      <Quantity>37.50</Quantity>
      <UnitMeasure>גרם</UnitMeasure>
      <BisWeighted>0</BisWeighted>
      <QtyInPackage>1</QtyInPackage>
      <ItemPrice>24.90</ItemPrice>
      <UnitOfMeasurePrice>66.40</UnitOfMeasurePrice>
      <AllowDiscount>0</AllowDiscount>
      <itemStatus>1</itemStatus>
      <LastUpdateDate />
      <LastUpdateTime />
    </Product>
    <Product>
      <PriceUpdateDate>2015/05/27 12:39</PriceUpdateDate>
      <ItemCode>7290000364261</ItemCode>
      <ItemType>1</ItemType>
      <ItemName>סלסולי כתף בקר 120 גר` טירת צבי</ItemName>
      <ManufactureName>תנובה קפואים</ManufactureName>
      <ManufactureCountry />
      <ManufactureItemDescription />
      <UnitQty>יח`</UnitQty>
      <Quantity>120</Quantity>
      <UnitMeasure>גרם</UnitMeasure>
      <BisWeighted>0</BisWeighted>
      <QtyInPackage>1</QtyInPackage>
      <ItemPrice>15.90</ItemPrice>
      <UnitOfMeasurePrice>13.25</UnitOfMeasurePrice>
      <AllowDiscount>1</AllowDiscount>
      <itemStatus>1</itemStatus>
      <LastUpdateDate />
      <LastUpdateTime />
    </Product>
    <Product>
      <PriceUpdateDate>2015/05/27 12:39</PriceUpdateDate>
      <ItemCode>7290000364292</ItemCode>
      <ItemType>1</ItemType>
      <ItemName>סלסולי פסטרמה גחלים 120 גר` טירת צבי</ItemName>
      <ManufactureName>תנובה קפואים</ManufactureName>
      <ManufactureCountry />
      <ManufactureItemDescription />
      <UnitQty>יח`</UnitQty>
      <Quantity>120</Quantity>
      <UnitMeasure>גרם</UnitMeasure>
      <BisWeighted>0</BisWeighted>
      <QtyInPackage>1</QtyInPackage>
      <ItemPrice>15.90</ItemPrice>
      <UnitOfMeasurePrice>13.25</UnitOfMeasurePrice>
      <AllowDiscount>1</AllowDiscount>
      <itemStatus>1</itemStatus>
      <LastUpdateDate />
      <LastUpdateTime />
    </Product>
    <Product>
      <PriceUpdateDate>2017/03/30 08:34</PriceUpdateDate>
      <ItemCode>7290000367590</ItemCode>
      <ItemType>1</ItemType>
      <ItemName>צמד כפרי 800 גר` טירת צבי</ItemName>
      <ManufactureName>תנובה קפואים</ManufactureName>
      <ManufactureCountry />
      <ManufactureItemDescription />
      <UnitQty>יח`</UnitQty>
      <Quantity>800</Quantity>
      <UnitMeasure>גרם</UnitMeasure>
      <BisWeighted>0</BisWeighted>
      <QtyInPackage>1</QtyInPackage>
      <ItemPrice>34.90</ItemPrice>
      <UnitOfMeasurePrice>4.36</UnitOfMeasurePrice>
      <AllowDiscount>1</AllowDiscount>
      <itemStatus>1</itemStatus>
      <LastUpdateDate />
      <LastUpdateTime />
    </Product>
    <Product>
      <PriceUpdateDate>2015/04/12 17:40</PriceUpdateDate>
      <ItemCode>7290000377209</ItemCode>
      <ItemType>1</ItemType>
      <ItemName>בוטנים מטוגנים קליית גת (200 גרם)</ItemName>
      <ManufactureName>ליימן שליסל בעמ</ManufactureName>
      <ManufactureCountry />
      <ManufactureItemDescription />
      <UnitQty>יח`</UnitQty>
      <Quantity>200</Quantity>
      <UnitMeasure>גרם</UnitMeasure>
      <BisWeighted>0</BisWeighted>
      <QtyInPackage>1</QtyInPackage>
      <ItemPrice>7.90</ItemPrice>
      <UnitOfMeasurePrice>3.95</UnitOfMeasurePrice>
      <AllowDiscount>0</AllowDiscount>
      <itemStatus>1</itemStatus>
      <LastUpdateDate />
      <LastUpdateTime />
    </Product>
    <Product>
      <PriceUpdateDate>2014/12/10 09:19</PriceUpdateDate>
      <ItemCode>7290000377445</ItemCode>
      <ItemType>1</ItemType>
      <ItemName>נאש צ אנס שקית 200 גר</ItemName>
      <ManufactureName>ליימן שליסל בעמ</ManufactureName>
      <ManufactureCountry />
      <ManufactureItemDescription />
      <UnitQty>יח`</UnitQty>
      <Quantity>200</Quantity>
      <UnitMeasure>גרם</UnitMeasure>
      <BisWeighted>0</BisWeighted>
      <QtyInPackage>1</QtyInPackage>
      <ItemPrice>8.90</ItemPrice>
      <UnitOfMeasurePrice>4.45</UnitOfMeasurePrice>
      <AllowDiscount>0</AllowDiscount>
      <itemStatus>1</itemStatus>
      <LastUpdateDate />
      <LastUpdateTime />
    </Product>
    <Product>
      <PriceUpdateDate>2015/12/02 09:17</PriceUpdateDate>
      <ItemCode>7290000377452</ItemCode>
      <ItemType>1</ItemType>
      <ItemName>גרעיני אבטיח 200  גר`גת</ItemName>
      <ManufactureName>ליימן שליסל בעמ</ManufactureName>
      <ManufactureCountry />
      <ManufactureItemDescription />
      <UnitQty>יח`</UnitQty>
      <Quantity>200</Quantity>
      <UnitMeasure>גרם</UnitMeasure>
      <BisWeighted>0</BisWeighted>
      <QtyInPackage>1</QtyInPackage>
      <ItemPrice>13.90</ItemPrice>
      <UnitOfMeasurePrice>6.95</UnitOfMeasurePrice>
      <AllowDiscount>0</AllowDiscount>
      <itemStatus>1</itemStatus>
      <LastUpdateDate />
      <LastUpdateTime />
    </Product>
    <Product>
      <PriceUpdateDate>2019/02/03 12:45</PriceUpdateDate>
      <ItemCode>7290000379104</ItemCode>
      <ItemType>1</ItemType>
      <ItemName>לחם אחיד פרוס (750 גרם פיקוח</ItemName>
      <ManufactureName>שלמה א. אנג`ל בעמ</ManufactureName>
      <ManufactureCountry />
      <ManufactureItemDescription />
      <UnitQty>יח`</UnitQty>
      <Quantity>750</Quantity>
      <UnitMeasure>גרם</UnitMeasure>
      <BisWeighted>0</BisWeighted>
      <QtyInPackage>1</QtyInPackage>
      <ItemPrice>6.60</ItemPrice>
      <UnitOfMeasurePrice>0.88</UnitOfMeasurePrice>
      <AllowDiscount>0</AllowDiscount>
      <itemStatus>1</itemStatus>
      <LastUpdateDate />
      <LastUpdateTime />
    </Product>
    <Product>
      <PriceUpdateDate>2017/03/01 08:11</PriceUpdateDate>
      <ItemCode>7290000379203</ItemCode>
      <ItemType>1</ItemType>
      <ItemName>לחם עינן קל פרוס אנג`ל (500 גרם)</ItemName>
      <ManufactureName>שלמה א. אנג`ל בעמ</ManufactureName>
      <ManufactureCountry />
      <ManufactureItemDescription />
      <UnitQty>יח`</UnitQty>
      <Quantity>500</Quantity>
      <UnitMeasure>גרם</UnitMeasure>
      <BisWeighted>0</BisWeighted>
      <QtyInPackage>1</QtyInPackage>
      <ItemPrice>14.80</ItemPrice>
      <UnitOfMeasurePrice>2.96</UnitOfMeasurePrice>
      <AllowDiscount>1</AllowDiscount>
      <itemStatus>1</itemStatus>
      <LastUpdateDate />
      <LastUpdateTime />
    </Product>
    <Product>
      <PriceUpdateDate>2017/03/01 08:11</PriceUpdateDate>
      <ItemCode>7290000379609</ItemCode>
      <ItemType>1</ItemType>
      <ItemName>לחמניה ארוכה שומשום אנג`ל</ItemName>
      <ManufactureName>שלמה א. אנג`ל בעמ</ManufactureName>
      <ManufactureCountry />
      <ManufactureItemDescription />
      <UnitQty>יח`</UnitQty>
      <Quantity>125</Quantity>
      <UnitMeasure>גרם</UnitMeasure>
      <BisWeighted>0</BisWeighted>
      <QtyInPackage>1</QtyInPackage>
      <ItemPrice>2.90</ItemPrice>
      <UnitOfMeasurePrice>2.32</UnitOfMeasurePrice>
      <AllowDiscount>0</AllowDiscount>
      <itemStatus>1</itemStatus>
      <LastUpdateDate />
      <LastUpdateTime />
    </Product>
    <Product>
      <PriceUpdateDate>2019/02/03 12:45</PriceUpdateDate>
      <ItemCode>7290000379647</ItemCode>
      <ItemType>1</ItemType>
      <ItemName>חלה רגילה אנג`ל/דגנית (500 גרם) מובי</ItemName>
      <ManufactureName>שלמה א. אנג`ל בעמ</ManufactureName>
      <ManufactureCountry />
      <ManufactureItemDescription />
      <UnitQty>יח`</UnitQty>
      <Quantity>500</Quantity>
      <UnitMeasure>גרם</UnitMeasure>
      <BisWeighted>0</BisWeighted>
      <QtyInPackage>1</QtyInPackage>
      <ItemPrice>4.45</ItemPrice>
      <UnitOfMeasurePrice>0.89</UnitOfMeasurePrice>
      <AllowDiscount>0</AllowDiscount>
      <itemStatus>1</itemStatus>
      <LastUpdateDate />
      <LastUpdateTime />
    </Product>
    <Product>
      <PriceUpdateDate>2019/02/07 13:37</PriceUpdateDate>
      <ItemCode>7290000379654</ItemCode>
      <ItemType>1</ItemType>
      <ItemName>חלה קלועה</ItemName>
      <ManufactureName>שלמה א. אנג`ל בעמ</ManufactureName>
      <ManufactureCountry />
      <ManufactureItemDescription />
      <UnitQty>יח`</UnitQty>
      <Quantity>500</Quantity>
      <UnitMeasure>גרם</UnitMeasure>
      <BisWeighted>0</BisWeighted>
      <QtyInPackage>1</QtyInPackage>
      <ItemPrice>4.40</ItemPrice>
      <UnitOfMeasurePrice>0.88</UnitOfMeasurePrice>
      <AllowDiscount>0</AllowDiscount>
      <itemStatus>1</itemStatus>
      <LastUpdateDate />
      <LastUpdateTime />
    </Product>
    <Product>
      <PriceUpdateDate>2019/02/07 13:37</PriceUpdateDate>
      <ItemCode>7290000379661</ItemCode>
      <ItemType>1</ItemType>
      <ItemName>חלה עגולה אנג`ל</ItemName>
      <ManufactureName>שלמה א. אנג`ל בעמ</ManufactureName>
      <ManufactureCountry />
      <ManufactureItemDescription />
      <UnitQty>יח`</UnitQty>
      <Quantity>500</Quantity>
      <UnitMeasure>גרם</UnitMeasure>
      <BisWeighted>0</BisWeighted>
      <QtyInPackage>1</QtyInPackage>
      <ItemPrice>4.40</ItemPrice>
      <UnitOfMeasurePrice>0.88</UnitOfMeasurePrice>
      <AllowDiscount>0</AllowDiscount>
      <itemStatus>1</itemStatus>
      <LastUpdateDate />
      <LastUpdateTime />
    </Product>
    <Product>
      <PriceUpdateDate>2013/12/31 12:18</PriceUpdateDate>
      <ItemCode>7290000408316</ItemCode>
      <ItemType>1</ItemType>
      <ItemName>יוגורט ביו 3% דנונה (200 גרם)</ItemName>
      <ManufactureName>שטראוס גרופ בעמ/מצונן</ManufactureName>
      <ManufactureCountry />
      <ManufactureItemDescription />
      <UnitQty>יח`</UnitQty>
      <Quantity>200</Quantity>
      <UnitMeasure>מ"ל</UnitMeasure>
      <BisWeighted>0</BisWeighted>
      <QtyInPackage>1</QtyInPackage>
      <ItemPrice>3.40</ItemPrice>
      <UnitOfMeasurePrice>1.70</UnitOfMeasurePrice>
      <AllowDiscount>0</AllowDiscount>
      <itemStatus>1</itemStatus>
      <LastUpdateDate />
      <LastUpdateTime />
    </Product>
    <Product>
      <PriceUpdateDate>2013/06/17 13:51</PriceUpdateDate>
      <ItemCode>7290000408354</ItemCode>
      <ItemType>1</ItemType>
      <ItemName>דנונה פרי בר פיצפוצים</ItemName>
      <ManufactureName>שטראוס גרופ בעמ/מצונן</ManufactureName>
      <ManufactureCountry />
      <ManufactureItemDescription />
      <UnitQty>יח`</UnitQty>
      <Quantity>173</Quantity>
      <UnitMeasure>מ"ל</UnitMeasure>
      <BisWeighted>0</BisWeighted>
      <QtyInPackage>1</QtyInPackage>
      <ItemPrice>4.40</ItemPrice>
      <UnitOfMeasurePrice>2.54</UnitOfMeasurePrice>
      <AllowDiscount>0</AllowDiscount>
      <itemStatus>1</itemStatus>
      <LastUpdateDate />
      <LastUpdateTime />
    </Product>
    <Product>
      <PriceUpdateDate>2017/10/30 10:21</PriceUpdateDate>
      <ItemCode>7290000412481</ItemCode>
      <ItemType>1</ItemType>
      <ItemName>נוזל לניקוי אסלות 00 סנו (1 ליטר)</ItemName>
      <ManufactureName>החברה הדרומית לשיווק בעמ</ManufactureName>
      <ManufactureCountry />
      <ManufactureItemDescription />
      <UnitQty>יח`</UnitQty>
      <Quantity>1</Quantity>
      <UnitMeasure>1 ליטר</UnitMeasure>
      <BisWeighted>0</BisWeighted>
      <QtyInPackage>1</QtyInPackage>
      <ItemPrice>8.90</ItemPrice>
      <UnitOfMeasurePrice>8.90</UnitOfMeasurePrice>
      <AllowDiscount>1</AllowDiscount>
      <itemStatus>1</itemStatus>
      <LastUpdateDate />
      <LastUpdateTime />
    </Product>
    <Product>
      <PriceUpdateDate>2017/03/30 08:34</PriceUpdateDate>
      <ItemCode>7290000416021</ItemCode>
      <ItemType>1</ItemType>
      <ItemName>ממרח בטעם שוקולד השחר העולה (500 גרם)</ItemName>
      <ManufactureName>השחר העולה תעשית ממתקים בעמ</ManufactureName>
      <ManufactureCountry />
      <ManufactureItemDescription />
      <UnitQty>יח`</UnitQty>
      <Quantity>500</Quantity>
      <UnitMeasure>גרם</UnitMeasure>
      <BisWeighted>0</BisWeighted>
      <QtyInPackage>1</QtyInPackage>
      <ItemPrice>12.90</ItemPrice>
      <UnitOfMeasurePrice>2.58</UnitOfMeasurePrice>
      <AllowDiscount>0</AllowDiscount>
      <itemStatus>1</itemStatus>
      <LastUpdateDate />
      <LastUpdateTime />
    </Product>
    <Product>
      <PriceUpdateDate>2015/05/28 09:48</PriceUpdateDate>
      <ItemCode>7290000416045</ItemCode>
      <ItemType>1</ItemType>
      <ItemName>ממרח בטעם שוקולד השחר העולה (1 קג)</ItemName>
      <ManufactureName>השחר העולה תעשית ממתקים בעמ</ManufactureName>
      <ManufactureCountry />
      <ManufactureItemDescription />
      <UnitQty>יח`</UnitQty>
      <Quantity>1</Quantity>
      <UnitMeasure>ק"ג</UnitMeasure>
      <BisWeighted>0</BisWeighted>
      <QtyInPackage>1</QtyInPackage>
      <ItemPrice>23.90</ItemPrice>
      <UnitOfMeasurePrice>23.90</UnitOfMeasurePrice>
      <AllowDiscount>1</AllowDiscount>
      <itemStatus>1</itemStatus>
      <LastUpdateDate />
      <LastUpdateTime />
    </Product>
    <Product>
      <PriceUpdateDate>2015/12/02 11:12</PriceUpdateDate>
      <ItemCode>7290000416076</ItemCode>
      <ItemType>1</ItemType>
      <ItemName>צימקאו השחר העולה (400 גרם)</ItemName>
      <ManufactureName>השחר העולה תעשית ממתקים בעמ</ManufactureName>
      <ManufactureCountry />
      <ManufactureItemDescription />
      <UnitQty>יח`</UnitQty>
      <Quantity>400</Quantity>
      <UnitMeasure>גרם</UnitMeasure>
      <BisWeighted>0</BisWeighted>
      <QtyInPackage>1</QtyInPackage>
      <ItemPrice>12.90</ItemPrice>
      <UnitOfMeasurePrice>3.23</UnitOfMeasurePrice>
      <AllowDiscount>0</AllowDiscount>
      <itemStatus>1</itemStatus>
      <LastUpdateDate />
      <LastUpdateTime />
    </Product>
    <Product>
      <PriceUpdateDate>2016/03/03 08:15</PriceUpdateDate>
      <ItemCode>7290000416618</ItemCode>
      <ItemType>1</ItemType>
      <ItemName>ממרח 400 גר` פרווה השחר</ItemName>
      <ManufactureName>השחר העולה תעשית ממתקים בעמ</ManufactureName>
      <ManufactureCountry />
      <ManufactureItemDescription />
      <UnitQty>יח`</UnitQty>
      <Quantity>400</Quantity>
      <UnitMeasure>גרם</UnitMeasure>
      <BisWeighted>0</BisWeighted>
      <QtyInPackage>1</QtyInPackage>
      <ItemPrice>11.90</ItemPrice>
      <UnitOfMeasurePrice>2.98</UnitOfMeasurePrice>
      <AllowDiscount>1</AllowDiscount>
      <itemStatus>1</itemStatus>
      <LastUpdateDate />
      <LastUpdateTime />
    </Product>
    <Product>
      <PriceUpdateDate>2015/05/28 09:48</PriceUpdateDate>
      <ItemCode>7290000416632</ItemCode>
      <ItemType>1</ItemType>
      <ItemName>ממרח פרווה 1 קג` השחר</ItemName>
      <ManufactureName>השחר העולה תעשית ממתקים בעמ</ManufactureName>
      <ManufactureCountry />
      <ManufactureItemDescription />
      <UnitQty>יח`</UnitQty>
      <Quantity>1</Quantity>
      <UnitMeasure>ק"ג</UnitMeasure>
      <BisWeighted>0</BisWeighted>
      <QtyInPackage>1</QtyInPackage>
      <ItemPrice>22.90</ItemPrice>
      <UnitOfMeasurePrice>22.90</UnitOfMeasurePrice>
      <AllowDiscount>1</AllowDiscount>
      <itemStatus>1</itemStatus>
      <LastUpdateDate />
      <LastUpdateTime />
    </Product>
    <Product>
      <PriceUpdateDate>2015/05/28 09:48</PriceUpdateDate>
      <ItemCode>7290000416878</ItemCode>
      <ItemType>1</ItemType>
      <ItemName>אבקת קקאו השחר העולה (500 גרם)</ItemName>
      <ManufactureName>השחר העולה תעשית ממתקים בעמ</ManufactureName>
      <ManufactureCountry />
      <ManufactureItemDescription />
      <UnitQty>יח`</UnitQty>
      <Quantity>500</Quantity>
      <UnitMeasure>גרם</UnitMeasure>
      <BisWeighted>0</BisWeighted>
      <QtyInPackage>1</QtyInPackage>
      <ItemPrice>29.90</ItemPrice>
      <UnitOfMeasurePrice>5.98</UnitOfMeasurePrice>
      <AllowDiscount>1</AllowDiscount>
      <itemStatus>1</itemStatus>
      <LastUpdateDate />
      <LastUpdateTime />
    </Product>
    <Product>
      <PriceUpdateDate>2018/01/23 15:37</PriceUpdateDate>
      <ItemCode>7290000416984</ItemCode>
      <ItemType>1</ItemType>
      <ItemName>ממרח נוגט אגוזים 350 גר` השחר</ItemName>
      <ManufactureName>השחר העולה תעשית ממתקים בעמ</ManufactureName>
      <ManufactureCountry />
      <ManufactureItemDescription />
      <UnitQty>יח`</UnitQty>
      <Quantity>350</Quantity>
      <UnitMeasure>גרם</UnitMeasure>
      <BisWeighted>0</BisWeighted>
      <QtyInPackage>1</QtyInPackage>
      <ItemPrice>12.90</ItemPrice>
      <UnitOfMeasurePrice>3.69</UnitOfMeasurePrice>
      <AllowDiscount>1</AllowDiscount>
      <itemStatus>1</itemStatus>
      <LastUpdateDate />
      <LastUpdateTime />
    </Product>
    <Product>
      <PriceUpdateDate>2015/08/03 10:46</PriceUpdateDate>
      <ItemCode>7290000419114</ItemCode>
      <ItemType>1</ItemType>
      <ItemName>קפה שחור קפה לנדוור (200 גרם)</ItemName>
      <ManufactureName>קבוצת אסם סחר שות. מוגבלת</ManufactureName>
      <ManufactureCountry />
      <ManufactureItemDescription />
      <UnitQty>יח`</UnitQty>
      <Quantity>200</Quantity>
      <UnitMeasure>גרם</UnitMeasure>
      <BisWeighted>0</BisWeighted>
      <QtyInPackage>1</QtyInPackage>
      <ItemPrice>15.90</ItemPrice>
      <UnitOfMeasurePrice>7.95</UnitOfMeasurePrice>
      <AllowDiscount>0</AllowDiscount>
      <itemStatus>1</itemStatus>
      <LastUpdateDate />
      <LastUpdateTime />
    </Product>
    <Product>
      <PriceUpdateDate>2017/05/07 07:31</PriceUpdateDate>
      <ItemCode>7290000419220</ItemCode>
      <ItemType>1</ItemType>
      <ItemName>קפה שחור קפה לנדוור (100x3 גרם)</ItemName>
      <ManufactureName>קבוצת אסם סחר שות. מוגבלת</ManufactureName>
      <ManufactureCountry />
      <ManufactureItemDescription />
      <UnitQty>יח`</UnitQty>
      <Quantity>300</Quantity>
      <UnitMeasure>גרם</UnitMeasure>
      <BisWeighted>0</BisWeighted>
      <QtyInPackage>1</QtyInPackage>
      <ItemPrice>22.90</ItemPrice>
      <UnitOfMeasurePrice>7.63</UnitOfMeasurePrice>
      <AllowDiscount>1</AllowDiscount>
      <itemStatus>1</itemStatus>
      <LastUpdateDate />
      <LastUpdateTime />
    </Product>
    <Product>
      <PriceUpdateDate>2015/04/14 14:16</PriceUpdateDate>
      <ItemCode>7290000419374</ItemCode>
      <ItemType>1</ItemType>
      <ItemName>קפה לנדוור לבוקר שלישיה</ItemName>
      <ManufactureName>קבוצת אסם סחר שות. מוגבלת</ManufactureName>
      <ManufactureCountry />
      <ManufactureItemDescription />
      <UnitQty>יח`</UnitQty>
      <Quantity>300</Quantity>
      <UnitMeasure>גרם</UnitMeasure>
      <BisWeighted>0</BisWeighted>
      <QtyInPackage>1</QtyInPackage>
      <ItemPrice>22.90</ItemPrice>
      <UnitOfMeasurePrice>7.63</UnitOfMeasurePrice>
      <AllowDiscount>1</AllowDiscount>
      <itemStatus>1</itemStatus>
      <LastUpdateDate />
      <LastUpdateTime />
    </Product>
    <Product>
      <PriceUpdateDate>2014/11/11 08:44</PriceUpdateDate>
      <ItemCode>7290000419909</ItemCode>
      <ItemType>1</ItemType>
      <ItemName>קפה לנדוור אספרסו קפה טחון 100</ItemName>
      <ManufactureName>קבוצת אסם סחר שות. מוגבלת</ManufactureName>
      <ManufactureCountry />
      <ManufactureItemDescription />
      <UnitQty>יח`</UnitQty>
      <Quantity>100</Quantity>
      <UnitMeasure>גרם</UnitMeasure>
      <BisWeighted>0</BisWeighted>
      <QtyInPackage>1</QtyInPackage>
      <ItemPrice>7.90</ItemPrice>
      <UnitOfMeasurePrice>7.90</UnitOfMeasurePrice>
      <AllowDiscount>0</AllowDiscount>
      <itemStatus>1</itemStatus>
      <LastUpdateDate />
      <LastUpdateTime />
    </Product>
    <Product>
      <PriceUpdateDate>2015/04/30 14:54</PriceUpdateDate>
      <ItemCode>7290000420325</ItemCode>
      <ItemType>1</ItemType>
      <ItemName>פופקורן פופסטאר חמישייה טבעי</ItemName>
      <ManufactureName>דנשר (1963) בעמ</ManufactureName>
      <ManufactureCountry />
      <ManufactureItemDescription />
      <UnitQty>יח`</UnitQty>
      <Quantity>500</Quantity>
      <UnitMeasure>גרם</UnitMeasure>
      <BisWeighted>0</BisWeighted>
      <QtyInPackage>1</QtyInPackage>
      <ItemPrice>16.90</ItemPrice>
      <UnitOfMeasurePrice>3.38</UnitOfMeasurePrice>
      <AllowDiscount>1</AllowDiscount>
      <itemStatus>1</itemStatus>
      <LastUpdateDate />
      <LastUpdateTime />
    </Product>
    <Product>
      <PriceUpdateDate>2015/04/30 14:54</PriceUpdateDate>
      <ItemCode>7290000420332</ItemCode>
      <ItemType>1</ItemType>
      <ItemName>פופקורן פופסטאר חמישייה חמאה</ItemName>
      <ManufactureName>דנשר (1963) בעמ</ManufactureName>
      <ManufactureCountry />
      <ManufactureItemDescription />
      <UnitQty>יח`</UnitQty>
      <Quantity>500</Quantity>
      <UnitMeasure>גרם</UnitMeasure>
      <BisWeighted>0</BisWeighted>
      <QtyInPackage>1</QtyInPackage>
      <ItemPrice>16.90</ItemPrice>
      <UnitOfMeasurePrice>3.38</UnitOfMeasurePrice>
      <AllowDiscount>1</AllowDiscount>
      <itemStatus>1</itemStatus>
      <LastUpdateDate />
      <LastUpdateTime />
    </Product>
    <Product>
      <PriceUpdateDate>2014/01/27 11:22</PriceUpdateDate>
      <ItemCode>7290000420417</ItemCode>
      <ItemType>1</ItemType>
      <ItemName>גלילונית לפח 60 יח`</ItemName>
      <ManufactureName>דנשר (1963) בעמ</ManufactureName>
      <ManufactureCountry />
      <ManufactureItemDescription />
      <UnitQty>יח`</UnitQty>
      <Quantity>1</Quantity>
      <UnitMeasure />
      <BisWeighted>0</BisWeighted>
      <QtyInPackage>1</QtyInPackage>
      <ItemPrice>19.90</ItemPrice>
      <UnitOfMeasurePrice>19.90</UnitOfMeasurePrice>
      <AllowDiscount>1</AllowDiscount>
      <itemStatus>1</itemStatus>
      <LastUpdateDate />
      <LastUpdateTime />
    </Product>
    <Product>
      <PriceUpdateDate>2017/02/07 12:52</PriceUpdateDate>
      <ItemCode>7290000432113</ItemCode>
      <ItemType>1</ItemType>
      <ItemName>נרות שבת 4  יח`פאלאס</ItemName>
      <ManufactureName>פאלאס תעשיות נטו (2014) בעמ</ManufactureName>
      <ManufactureCountry />
      <ManufactureItemDescription />
      <UnitQty>יח`</UnitQty>
      <Quantity>140</Quantity>
      <UnitMeasure>גרם</UnitMeasure>
      <BisWeighted>0</BisWeighted>
      <QtyInPackage>1</QtyInPackage>
      <ItemPrice>3.90</ItemPrice>
      <UnitOfMeasurePrice>2.79</UnitOfMeasurePrice>
      <AllowDiscount>0</AllowDiscount>
      <itemStatus>1</itemStatus>
      <LastUpdateDate />
      <LastUpdateTime />
    </Product>
    <Product>
      <PriceUpdateDate>2017/02/07 12:52</PriceUpdateDate>
      <ItemCode>7290000432205</ItemCode>
      <ItemType>1</ItemType>
      <ItemName>נר זכרון 48 שעות פאלאס</ItemName>
      <ManufactureName>פאלאס תעשיות נטו (2014) בעמ</ManufactureName>
      <ManufactureCountry />
      <ManufactureItemDescription />
      <UnitQty>יח`</UnitQty>
      <Quantity>1</Quantity>
      <UnitMeasure />
      <BisWeighted>0</BisWeighted>
      <QtyInPackage>1</QtyInPackage>
      <ItemPrice>5.90</ItemPrice>
      <UnitOfMeasurePrice>5.90</UnitOfMeasurePrice>
      <AllowDiscount>0</AllowDiscount>
      <itemStatus>1</itemStatus>
      <LastUpdateDate />
      <LastUpdateTime />
    </Product>
    <Product>
      <PriceUpdateDate>2017/02/07 10:20</PriceUpdateDate>
      <ItemCode>7290000432335</ItemCode>
      <ItemType>1</ItemType>
      <ItemName>נר נשמה 72 שעות</ItemName>
      <ManufactureName>פאלאס תעשיות נטו (2014) בעמ</ManufactureName>
      <ManufactureCountry />
      <ManufactureItemDescription />
      <UnitQty>יח`</UnitQty>
      <Quantity>1</Quantity>
      <UnitMeasure />
      <BisWeighted>0</BisWeighted>
      <QtyInPackage>1</QtyInPackage>
      <ItemPrice>6.90</ItemPrice>
      <UnitOfMeasurePrice>6.90</UnitOfMeasurePrice>
      <AllowDiscount>0</AllowDiscount>
      <itemStatus>1</itemStatus>
      <LastUpdateDate />
      <LastUpdateTime />
    </Product>
    <Product>
      <PriceUpdateDate>2017/02/07 12:52</PriceUpdateDate>
      <ItemCode>7290000432359</ItemCode>
      <ItemType>1</ItemType>
      <ItemName>נר זכרון לשבוע נר ציון</ItemName>
      <ManufactureName>פאלאס תעשיות נטו (2014) בעמ</ManufactureName>
      <ManufactureCountry />
      <ManufactureItemDescription />
      <UnitQty>יח`</UnitQty>
      <Quantity>1</Quantity>
      <UnitMeasure />
      <BisWeighted>0</BisWeighted>
      <QtyInPackage>1</QtyInPackage>
      <ItemPrice>11.90</ItemPrice>
      <UnitOfMeasurePrice>11.90</UnitOfMeasurePrice>
      <AllowDiscount>0</AllowDiscount>
      <itemStatus>1</itemStatus>
      <LastUpdateDate />
      <LastUpdateTime />
    </Product>
    <Product>
      <PriceUpdateDate>2016/03/15 10:40</PriceUpdateDate>
      <ItemCode>7290000433684</ItemCode>
      <ItemType>1</ItemType>
      <ItemName>משקה מוגז בטעם קולה פפסי (1.5 ליטר)</ItemName>
      <ManufactureName>טמפו משקאות בעמ</ManufactureName>
      <ManufactureCountry />
      <ManufactureItemDescription />
      <UnitQty>יח`</UnitQty>
      <Quantity>1500</Quantity>
      <UnitMeasure>מ"ל</UnitMeasure>
      <BisWeighted>0</BisWeighted>
      <QtyInPackage>1</QtyInPackage>
      <ItemPrice>5.90</ItemPrice>
      <UnitOfMeasurePrice>0.39</UnitOfMeasurePrice>
      <AllowDiscount>1</AllowDiscount>
      <itemStatus>1</itemStatus>
      <LastUpdateDate />
      <LastUpdateTime />
    </Product>
    <Product>
      <PriceUpdateDate>2016/03/15 10:40</PriceUpdateDate>
      <ItemCode>7290000433714</ItemCode>
      <ItemType>1</ItemType>
      <ItemName>משקה מוגז בטעם ליים סבן אפ (1.5 ליטר)</ItemName>
      <ManufactureName>טמפו משקאות בעמ</ManufactureName>
      <ManufactureCountry />
      <ManufactureItemDescription />
      <UnitQty>יח`</UnitQty>
      <Quantity>1500</Quantity>
      <UnitMeasure>מ"ל</UnitMeasure>
      <BisWeighted>0</BisWeighted>
      <QtyInPackage>1</QtyInPackage>
      <ItemPrice>5.90</ItemPrice>
      <UnitOfMeasurePrice>0.39</UnitOfMeasurePrice>
      <AllowDiscount>1</AllowDiscount>
      <itemStatus>1</itemStatus>
      <LastUpdateDate />
      <LastUpdateTime />
    </Product>
    <Product>
      <PriceUpdateDate>2016/03/15 10:40</PriceUpdateDate>
      <ItemCode>7290000433899</ItemCode>
      <ItemType>1</ItemType>
      <ItemName>פפסי סבן אפ דיאט 1.5 ליטר</ItemName>
      <ManufactureName>טמפו משקאות בעמ</ManufactureName>
      <ManufactureCountry />
      <ManufactureItemDescription />
      <UnitQty>יח`</UnitQty>
      <Quantity>1500</Quantity>
      <UnitMeasure>מ"ל</UnitMeasure>
      <BisWeighted>0</BisWeighted>
      <QtyInPackage>1</QtyInPackage>
      <ItemPrice>5.90</ItemPrice>
      <UnitOfMeasurePrice>0.39</UnitOfMeasurePrice>
      <AllowDiscount>1</AllowDiscount>
      <itemStatus>1</itemStatus>
      <LastUpdateDate />
      <LastUpdateTime />
    </Product>
    <Product>
      <PriceUpdateDate>2015/05/01 11:16</PriceUpdateDate>
      <ItemCode>7290000433974</ItemCode>
      <ItemType>1</ItemType>
      <ItemName>פפסי מקס 1.5 ליטר</ItemName>
      <ManufactureName>טמפו משקאות בעמ</ManufactureName>
      <ManufactureCountry />
      <ManufactureItemDescription />
      <UnitQty>יח`</UnitQty>
      <Quantity>1500</Quantity>
      <UnitMeasure>מ"ל</UnitMeasure>
      <BisWeighted>0</BisWeighted>
      <QtyInPackage>1</QtyInPackage>
      <ItemPrice>5.90</ItemPrice>
      <UnitOfMeasurePrice>0.39</UnitOfMeasurePrice>
      <AllowDiscount>1</AllowDiscount>
      <itemStatus>1</itemStatus>
      <LastUpdateDate />
      <LastUpdateTime />
    </Product>
    <Product>
      <PriceUpdateDate>2015/12/01 15:34</PriceUpdateDate>
      <ItemCode>7290000446523</ItemCode>
      <ItemType>1</ItemType>
      <ItemName>חמאת בוטנים מתוקה בי &amp; די (350 גרם)</ItemName>
      <ManufactureName>בטר אנד דיפרנט בעמ</ManufactureName>
      <ManufactureCountry />
      <ManufactureItemDescription />
      <UnitQty>יח`</UnitQty>
      <Quantity>350</Quantity>
      <UnitMeasure>גרם</UnitMeasure>
      <BisWeighted>0</BisWeighted>
      <QtyInPackage>1</QtyInPackage>
      <ItemPrice>12.90</ItemPrice>
      <UnitOfMeasurePrice>3.69</UnitOfMeasurePrice>
      <AllowDiscount>0</AllowDiscount>
      <itemStatus>1</itemStatus>
      <LastUpdateDate />
      <LastUpdateTime />
    </Product>
    <Product>
      <PriceUpdateDate>2015/12/01 15:34</PriceUpdateDate>
      <ItemCode>7290000446547</ItemCode>
      <ItemType>1</ItemType>
      <ItemName>חמאת בוטנים טבעית בי &amp; די (350 גרם)</ItemName>
      <ManufactureName>בטר אנד דיפרנט בעמ</ManufactureName>
      <ManufactureCountry />
      <ManufactureItemDescription />
      <UnitQty>יח`</UnitQty>
      <Quantity>350</Quantity>
      <UnitMeasure>גרם</UnitMeasure>
      <BisWeighted>0</BisWeighted>
      <QtyInPackage>1</QtyInPackage>
      <ItemPrice>12.90</ItemPrice>
      <UnitOfMeasurePrice>3.69</UnitOfMeasurePrice>
      <AllowDiscount>0</AllowDiscount>
      <itemStatus>1</itemStatus>
      <LastUpdateDate />
      <LastUpdateTime />
    </Product>
    <Product>
      <PriceUpdateDate>2013/12/31 12:19</PriceUpdateDate>
      <ItemCode>7290000446554</ItemCode>
      <ItemType>1</ItemType>
      <ItemName>חמאת בוטנים טבעית בי   די (1 קג)</ItemName>
      <ManufactureName>בטר אנד דיפרנט בעמ</ManufactureName>
      <ManufactureCountry />
      <ManufactureItemDescription />
      <UnitQty>יח`</UnitQty>
      <Quantity>510</Quantity>
      <UnitMeasure>גרם</UnitMeasure>
      <BisWeighted>0</BisWeighted>
      <QtyInPackage>1</QtyInPackage>
      <ItemPrice>25.90</ItemPrice>
      <UnitOfMeasurePrice>5.08</UnitOfMeasurePrice>
      <AllowDiscount>0</AllowDiscount>
      <itemStatus>1</itemStatus>
      <LastUpdateDate />
      <LastUpdateTime />
    </Product>
    <Product>
      <PriceUpdateDate>2015/12/03 14:26</PriceUpdateDate>
      <ItemCode>7290000446745</ItemCode>
      <ItemType>1</ItemType>
      <ItemName>חמאת שקדים 100% 350 גר`</ItemName>
      <ManufactureName>בטר אנד דיפרנט בעמ</ManufactureName>
      <ManufactureCountry />
      <ManufactureItemDescription />
      <UnitQty>יח`</UnitQty>
      <Quantity>1</Quantity>
      <UnitMeasure />
      <BisWeighted>0</BisWeighted>
      <QtyInPackage>1</QtyInPackage>
      <ItemPrice>44.90</ItemPrice>
      <UnitOfMeasurePrice>44.90</UnitOfMeasurePrice>
      <AllowDiscount>0</AllowDiscount>
      <itemStatus>1</itemStatus>
      <LastUpdateDate />
      <LastUpdateTime />
    </Product>
    <Product>
      <PriceUpdateDate>2015/04/16 14:50</PriceUpdateDate>
      <ItemCode>7290000449128</ItemCode>
      <ItemType>1</ItemType>
      <ItemName>נוזל לניקוי כללי פנטסטיק סיף (4 ליטר)</ItemName>
      <ManufactureName>יוניליוור ישראל שיווק בעמ</ManufactureName>
      <ManufactureCountry />
      <ManufactureItemDescription />
      <UnitQty>יח`</UnitQty>
      <Quantity>4000</Quantity>
      <UnitMeasure>מ"ל</UnitMeasure>
      <BisWeighted>0</BisWeighted>
      <QtyInPackage>1</QtyInPackage>
      <ItemPrice>24.90</ItemPrice>
      <UnitOfMeasurePrice>0.62</UnitOfMeasurePrice>
      <AllowDiscount>1</AllowDiscount>
      <itemStatus>1</itemStatus>
      <LastUpdateDate />
      <LastUpdateTime />
    </Product>
    <Product>
      <PriceUpdateDate>2015/12/01 14:17</PriceUpdateDate>
      <ItemCode>7290000450209</ItemCode>
      <ItemType>1</ItemType>
      <ItemName>נתחי טונה בהירה בשמן פוסידון (108 גרם)</ItemName>
      <ManufactureName>נטו מלינדה סחר בעמ</ManufactureName>
      <ManufactureCountry />
      <ManufactureItemDescription />
      <UnitQty>יח`</UnitQty>
      <Quantity>108</Quantity>
      <UnitMeasure>גרם</UnitMeasure>
      <BisWeighted>0</BisWeighted>
      <QtyInPackage>1</QtyInPackage>
      <ItemPrice>6.50</ItemPrice>
      <UnitOfMeasurePrice>6.02</UnitOfMeasurePrice>
      <AllowDiscount>0</AllowDiscount>
      <itemStatus>1</itemStatus>
      <LastUpdateDate />
      <LastUpdateTime />
    </Product>
    <Product>
      <PriceUpdateDate>2015/11/30 11:03</PriceUpdateDate>
      <ItemCode>7290000453019</ItemCode>
      <ItemType>1</ItemType>
      <ItemName>שמרים טריים שמרית (50 גרם)</ItemName>
      <ManufactureName>שטראוס גרופ בעמ/מצונן</ManufactureName>
      <ManufactureCountry />
      <ManufactureItemDescription />
      <UnitQty>יח`</UnitQty>
      <Quantity>50</Quantity>
      <UnitMeasure>גרם</UnitMeasure>
      <BisWeighted>0</BisWeighted>
      <QtyInPackage>1</QtyInPackage>
      <ItemPrice>4.50</ItemPrice>
      <UnitOfMeasurePrice>9</UnitOfMeasurePrice>
      <AllowDiscount>0</AllowDiscount>
      <itemStatus>1</itemStatus>
      <LastUpdateDate />
      <LastUpdateTime />
    </Product>
    <Product>
      <PriceUpdateDate>2019/09/15 13:34</PriceUpdateDate>
      <ItemCode>7290000453408</ItemCode>
      <ItemType>1</ItemType>
      <ItemName>בצק פיצה דק מצונן ומוכן לאפייה 415 גר` ש</ItemName>
      <ManufactureName>שטראוס גרופ בעמ/מצונן</ManufactureName>
      <ManufactureCountry />
      <ManufactureItemDescription />
      <UnitQty>יח`</UnitQty>
      <Quantity>415</Quantity>
      <UnitMeasure>גרם</UnitMeasure>
      <BisWeighted>0</BisWeighted>
      <QtyInPackage>1</QtyInPackage>
      <ItemPrice>16.90</ItemPrice>
      <UnitOfMeasurePrice>4.07</UnitOfMeasurePrice>
      <AllowDiscount>0</AllowDiscount>
      <itemStatus>1</itemStatus>
      <LastUpdateDate />
      <LastUpdateTime />
    </Product>
    <Product>
      <PriceUpdateDate>2019/09/15 13:34</PriceUpdateDate>
      <ItemCode>7290000453415</ItemCode>
      <ItemType>1</ItemType>
      <ItemName>בצק עלים מצונן ומוכן לאפייה 300 גר` שימר</ItemName>
      <ManufactureName>שטראוס גרופ בעמ/מצונן</ManufactureName>
      <ManufactureCountry />
      <ManufactureItemDescription />
      <UnitQty>יח`</UnitQty>
      <Quantity>300</Quantity>
      <UnitMeasure>גרם</UnitMeasure>
      <BisWeighted>0</BisWeighted>
      <QtyInPackage>1</QtyInPackage>
      <ItemPrice>15.90</ItemPrice>
      <UnitOfMeasurePrice>5.30</UnitOfMeasurePrice>
      <AllowDiscount>0</AllowDiscount>
      <itemStatus>1</itemStatus>
      <LastUpdateDate />
      <LastUpdateTime />
    </Product>
    <Product>
      <PriceUpdateDate>2017/11/07 07:26</PriceUpdateDate>
      <ItemCode>7290000453866</ItemCode>
      <ItemType>1</ItemType>
      <ItemName>נטורינה קוקוס 200  גר`שמרית</ItemName>
      <ManufactureName>שטראוס גרופ בעמ/מצונן</ManufactureName>
      <ManufactureCountry />
      <ManufactureItemDescription />
      <UnitQty>יח`</UnitQty>
      <Quantity>200</Quantity>
      <UnitMeasure>גרם</UnitMeasure>
      <BisWeighted>0</BisWeighted>
      <QtyInPackage>1</QtyInPackage>
      <ItemPrice>6.90</ItemPrice>
      <UnitOfMeasurePrice>3.45</UnitOfMeasurePrice>
      <AllowDiscount>0</AllowDiscount>
      <itemStatus>1</itemStatus>
      <LastUpdateDate />
      <LastUpdateTime />
    </Product>
    <Product>
      <PriceUpdateDate>2016/04/20 08:06</PriceUpdateDate>
      <ItemCode>7290000453880</ItemCode>
      <ItemType>1</ItemType>
      <ItemName>מרגרינה ללא מלח לאפיה ובישול -שמרית</ItemName>
      <ManufactureName>שטראוס גרופ בעמ/מצונן</ManufactureName>
      <ManufactureCountry />
      <ManufactureItemDescription />
      <UnitQty>יח`</UnitQty>
      <Quantity>200</Quantity>
      <UnitMeasure>גרם</UnitMeasure>
      <BisWeighted>0</BisWeighted>
      <QtyInPackage>1</QtyInPackage>
      <ItemPrice>4.90</ItemPrice>
      <UnitOfMeasurePrice>2.45</UnitOfMeasurePrice>
      <AllowDiscount>0</AllowDiscount>
      <itemStatus>1</itemStatus>
      <LastUpdateDate />
      <LastUpdateTime />
    </Product>
    <Product>
      <PriceUpdateDate>2016/04/20 08:06</PriceUpdateDate>
      <ItemCode>7290000453897</ItemCode>
      <ItemType>1</ItemType>
      <ItemName>מרגרינה בטעם חמאה -שמרית</ItemName>
      <ManufactureName>שטראוס גרופ בעמ/מצונן</ManufactureName>
      <ManufactureCountry />
      <ManufactureItemDescription />
      <UnitQty>יח`</UnitQty>
      <Quantity>200</Quantity>
      <UnitMeasure>גרם</UnitMeasure>
      <BisWeighted>0</BisWeighted>
      <QtyInPackage>1</QtyInPackage>
      <ItemPrice>4.90</ItemPrice>
      <UnitOfMeasurePrice>2.45</UnitOfMeasurePrice>
      <AllowDiscount>0</AllowDiscount>
      <itemStatus>1</itemStatus>
      <LastUpdateDate />
      <LastUpdateTime />
    </Product>
    <Product>
      <PriceUpdateDate>2015/12/02 11:49</PriceUpdateDate>
      <ItemCode>7290000461625</ItemCode>
      <ItemType>1</ItemType>
      <ItemName>בייגלה שמונה שמונה 400 גר`</ItemName>
      <ManufactureName>יוניליוור ישראל שיווק בעמ</ManufactureName>
      <ManufactureCountry />
      <ManufactureItemDescription />
      <UnitQty>יח`</UnitQty>
      <Quantity>400</Quantity>
      <UnitMeasure>גרם</UnitMeasure>
      <BisWeighted>0</BisWeighted>
      <QtyInPackage>1</QtyInPackage>
      <ItemPrice>10.90</ItemPrice>
      <UnitOfMeasurePrice>2.73</UnitOfMeasurePrice>
      <AllowDiscount>1</AllowDiscount>
      <itemStatus>1</itemStatus>
      <LastUpdateDate />
      <LastUpdateTime />
    </Product>
    <Product>
      <PriceUpdateDate>2015/12/02 11:49</PriceUpdateDate>
      <ItemCode>7290000461656</ItemCode>
      <ItemType>1</ItemType>
      <ItemName>בייגלה אחד אחד 400 גר`</ItemName>
      <ManufactureName>יוניליוור ישראל שיווק בעמ</ManufactureName>
      <ManufactureCountry />
      <ManufactureItemDescription />
      <UnitQty>יח`</UnitQty>
      <Quantity>400</Quantity>
      <UnitMeasure>גרם</UnitMeasure>
      <BisWeighted>0</BisWeighted>
      <QtyInPackage>1</QtyInPackage>
      <ItemPrice>10.90</ItemPrice>
      <UnitOfMeasurePrice>2.73</UnitOfMeasurePrice>
      <AllowDiscount>1</AllowDiscount>
      <itemStatus>1</itemStatus>
      <LastUpdateDate />
      <LastUpdateTime />
    </Product>
    <Product>
      <PriceUpdateDate>2014/06/30 14:23</PriceUpdateDate>
      <ItemCode>7290000461700</ItemCode>
      <ItemType>1</ItemType>
      <ItemName>גדול גדול 400</ItemName>
      <ManufactureName>יוניליוור ישראל שיווק בעמ</ManufactureName>
      <ManufactureCountry />
      <ManufactureItemDescription />
      <UnitQty>יח`</UnitQty>
      <Quantity>400</Quantity>
      <UnitMeasure>גרם</UnitMeasure>
      <BisWeighted>0</BisWeighted>
      <QtyInPackage>1</QtyInPackage>
      <ItemPrice>12.90</ItemPrice>
      <UnitOfMeasurePrice>3.23</UnitOfMeasurePrice>
      <AllowDiscount>0</AllowDiscount>
      <itemStatus>1</itemStatus>
      <LastUpdateDate />
      <LastUpdateTime />
    </Product>
    <Product>
      <PriceUpdateDate>2014/06/30 14:23</PriceUpdateDate>
      <ItemCode>7290000461724</ItemCode>
      <ItemType>1</ItemType>
      <ItemName>גדול גדול שומשום</ItemName>
      <ManufactureName>יוניליוור ישראל שיווק בעמ</ManufactureName>
      <ManufactureCountry />
      <ManufactureItemDescription />
      <UnitQty>יח`</UnitQty>
      <Quantity>400</Quantity>
      <UnitMeasure>גרם</UnitMeasure>
      <BisWeighted>0</BisWeighted>
      <QtyInPackage>1</QtyInPackage>
      <ItemPrice>12.90</ItemPrice>
      <UnitOfMeasurePrice>3.23</UnitOfMeasurePrice>
      <AllowDiscount>0</AllowDiscount>
      <itemStatus>1</itemStatus>
      <LastUpdateDate />
      <LastUpdateTime />
    </Product>
    <Product>
      <PriceUpdateDate>2017/02/08 09:00</PriceUpdateDate>
      <ItemCode>7290000462103</ItemCode>
      <ItemType>1</ItemType>
      <ItemName>סחוג תימני</ItemName>
      <ManufactureName>שטראוס גרופ בעמ/מצונן</ManufactureName>
      <ManufactureCountry />
      <ManufactureItemDescription />
      <UnitQty>יח`</UnitQty>
      <Quantity>150</Quantity>
      <UnitMeasure>גרם</UnitMeasure>
      <BisWeighted>0</BisWeighted>
      <QtyInPackage>1</QtyInPackage>
      <ItemPrice>7.90</ItemPrice>
      <UnitOfMeasurePrice>5.27</UnitOfMeasurePrice>
      <AllowDiscount>0</AllowDiscount>
      <itemStatus>1</itemStatus>
      <LastUpdateDate />
      <LastUpdateTime />
    </Product>
    <Product>
      <PriceUpdateDate>2015/09/17 16:51</PriceUpdateDate>
      <ItemCode>7290000462141</ItemCode>
      <ItemType>1</ItemType>
      <ItemName>סחוג תימני</ItemName>
      <ManufactureName>שטראוס גרופ בעמ/מצונן</ManufactureName>
      <ManufactureCountry />
      <ManufactureItemDescription />
      <UnitQty>יח`</UnitQty>
      <Quantity>150</Quantity>
      <UnitMeasure>גרם</UnitMeasure>
      <BisWeighted>0</BisWeighted>
      <QtyInPackage>1</QtyInPackage>
      <ItemPrice>7.90</ItemPrice>
      <UnitOfMeasurePrice>5.27</UnitOfMeasurePrice>
      <AllowDiscount>0</AllowDiscount>
      <itemStatus>1</itemStatus>
      <LastUpdateDate />
      <LastUpdateTime />
    </Product>
    <Product>
      <PriceUpdateDate>2017/02/08 09:00</PriceUpdateDate>
      <ItemCode>7290000462172</ItemCode>
      <ItemType>1</ItemType>
      <ItemName>סחוג זחוק ירוק תימני חריף זהבי (150 גרם)</ItemName>
      <ManufactureName>שטראוס גרופ בעמ/מצונן</ManufactureName>
      <ManufactureCountry />
      <ManufactureItemDescription />
      <UnitQty>יח`</UnitQty>
      <Quantity>140</Quantity>
      <UnitMeasure>גרם</UnitMeasure>
      <BisWeighted>0</BisWeighted>
      <QtyInPackage>1</QtyInPackage>
      <ItemPrice>7.90</ItemPrice>
      <UnitOfMeasurePrice>5.64</UnitOfMeasurePrice>
      <AllowDiscount>0</AllowDiscount>
      <itemStatus>1</itemStatus>
      <LastUpdateDate />
      <LastUpdateTime />
    </Product>
    <Product>
      <PriceUpdateDate>2016/08/11 10:18</PriceUpdateDate>
      <ItemCode>7290000462202</ItemCode>
      <ItemType>1</ItemType>
      <ItemName>סחוג זחוק חלפיניו מעושן זהבי (150 גרם)</ItemName>
      <ManufactureName>שטראוס גרופ בעמ/מצונן</ManufactureName>
      <ManufactureCountry />
      <ManufactureItemDescription />
      <UnitQty>יח`</UnitQty>
      <Quantity>150</Quantity>
      <UnitMeasure>גרם</UnitMeasure>
      <BisWeighted>0</BisWeighted>
      <QtyInPackage>1</QtyInPackage>
      <ItemPrice>9.90</ItemPrice>
      <UnitOfMeasurePrice>6.60</UnitOfMeasurePrice>
      <AllowDiscount>0</AllowDiscount>
      <itemStatus>1</itemStatus>
      <LastUpdateDate />
      <LastUpdateTime />
    </Product>
    <Product>
      <PriceUpdateDate>2015/12/01 14:02</PriceUpdateDate>
      <ItemCode>7290000463124</ItemCode>
      <ItemType>1</ItemType>
      <ItemName>זיתים ירוקים גדול בית השיטה (560 גרם)</ItemName>
      <ManufactureName>קבוצת אסם סחר שות. מוגבלת</ManufactureName>
      <ManufactureCountry />
      <ManufactureItemDescription />
      <UnitQty>יח`</UnitQty>
      <Quantity>560</Quantity>
      <UnitMeasure>גרם</UnitMeasure>
      <BisWeighted>0</BisWeighted>
      <QtyInPackage>1</QtyInPackage>
      <ItemPrice>9.90</ItemPrice>
      <UnitOfMeasurePrice>1.77</UnitOfMeasurePrice>
      <AllowDiscount>0</AllowDiscount>
      <itemStatus>1</itemStatus>
      <LastUpdateDate />
      <LastUpdateTime />
    </Product>
    <Product>
      <PriceUpdateDate>2015/12/06 11:26</PriceUpdateDate>
      <ItemCode>7290000463223</ItemCode>
      <ItemType>1</ItemType>
      <ItemName>זיתים מנס. ירוק ג.מ. 17-19 שום</ItemName>
      <ManufactureName>קבוצת אסם סחר שות. מוגבלת</ManufactureName>
      <ManufactureCountry />
      <ManufactureItemDescription />
      <UnitQty>יח`</UnitQty>
      <Quantity>560</Quantity>
      <UnitMeasure>גרם</UnitMeasure>
      <BisWeighted>0</BisWeighted>
      <QtyInPackage>1</QtyInPackage>
      <ItemPrice>10.90</ItemPrice>
      <UnitOfMeasurePrice>1.95</UnitOfMeasurePrice>
      <AllowDiscount>0</AllowDiscount>
      <itemStatus>1</itemStatus>
      <LastUpdateDate />
      <LastUpdateTime />
    </Product>
    <Product>
      <PriceUpdateDate>2014/08/06 09:28</PriceUpdateDate>
      <ItemCode>7290000463896</ItemCode>
      <ItemType>1</ItemType>
      <ItemName>זיתים פיקנטי חרוזית בית השיטה (560 גרם)</ItemName>
      <ManufactureName>קבוצת אסם סחר שות. מוגבלת</ManufactureName>
      <ManufactureCountry />
      <ManufactureItemDescription />
      <UnitQty>יח`</UnitQty>
      <Quantity>560</Quantity>
      <UnitMeasure>גרם</UnitMeasure>
      <BisWeighted>0</BisWeighted>
      <QtyInPackage>1</QtyInPackage>
      <ItemPrice>8.90</ItemPrice>
      <UnitOfMeasurePrice>1.59</UnitOfMeasurePrice>
      <AllowDiscount>0</AllowDiscount>
      <itemStatus>1</itemStatus>
      <LastUpdateDate />
      <LastUpdateTime />
    </Product>
    <Product>
      <PriceUpdateDate>2014/07/16 10:20</PriceUpdateDate>
      <ItemCode>7290000464459</ItemCode>
      <ItemType>1</ItemType>
      <ItemName>קוקטייל זיתים בית השיטה (560 גרם)</ItemName>
      <ManufactureName>קבוצת אסם סחר שות. מוגבלת</ManufactureName>
      <ManufactureCountry />
      <ManufactureItemDescription />
      <UnitQty>יח`</UnitQty>
      <Quantity>560</Quantity>
      <UnitMeasure>גרם</UnitMeasure>
      <BisWeighted>0</BisWeighted>
      <QtyInPackage>1</QtyInPackage>
      <ItemPrice>11.90</ItemPrice>
      <UnitOfMeasurePrice>2.13</UnitOfMeasurePrice>
      <AllowDiscount>0</AllowDiscount>
      <itemStatus>1</itemStatus>
      <LastUpdateDate />
      <LastUpdateTime />
    </Product>
    <Product>
      <PriceUpdateDate>2015/12/06 11:26</PriceUpdateDate>
      <ItemCode>7290000464527</ItemCode>
      <ItemType>1</ItemType>
      <ItemName>חרוזית במרינד</ItemName>
      <ManufactureName>קבוצת אסם סחר שות. מוגבלת</ManufactureName>
      <ManufactureCountry />
      <ManufactureItemDescription />
      <UnitQty>יח`</UnitQty>
      <Quantity>430</Quantity>
      <UnitMeasure>גרם</UnitMeasure>
      <BisWeighted>0</BisWeighted>
      <QtyInPackage>1</QtyInPackage>
      <ItemPrice>10.90</ItemPrice>
      <UnitOfMeasurePrice>2.53</UnitOfMeasurePrice>
      <AllowDiscount>0</AllowDiscount>
      <itemStatus>1</itemStatus>
      <LastUpdateDate />
      <LastUpdateTime />
    </Product>
    <Product>
      <PriceUpdateDate>2013/12/31 12:18</PriceUpdateDate>
      <ItemCode>7290000464992</ItemCode>
      <ItemType>1</ItemType>
      <ItemName>זיתים מושחרים טבעות בית השיטה (560 גרם)</ItemName>
      <ManufactureName>קבוצת אסם סחר שות. מוגבלת</ManufactureName>
      <ManufactureCountry />
      <ManufactureItemDescription />
      <UnitQty>יח`</UnitQty>
      <Quantity>560</Quantity>
      <UnitMeasure>גרם</UnitMeasure>
      <BisWeighted>0</BisWeighted>
      <QtyInPackage>1</QtyInPackage>
      <ItemPrice>10.90</ItemPrice>
      <UnitOfMeasurePrice>1.95</UnitOfMeasurePrice>
      <AllowDiscount>0</AllowDiscount>
      <itemStatus>1</itemStatus>
      <LastUpdateDate />
      <LastUpdateTime />
    </Product>
    <Product>
      <PriceUpdateDate>2015/12/06 11:26</PriceUpdateDate>
      <ItemCode>7290000465289</ItemCode>
      <ItemType>1</ItemType>
      <ItemName>זיתים ירוקים מבוקעים A2</ItemName>
      <ManufactureName>קבוצת אסם סחר שות. מוגבלת</ManufactureName>
      <ManufactureCountry />
      <ManufactureItemDescription />
      <UnitQty>יח`</UnitQty>
      <Quantity>560</Quantity>
      <UnitMeasure>גרם</UnitMeasure>
      <BisWeighted>0</BisWeighted>
      <QtyInPackage>1</QtyInPackage>
      <ItemPrice>10.90</ItemPrice>
      <UnitOfMeasurePrice>1.95</UnitOfMeasurePrice>
      <AllowDiscount>0</AllowDiscount>
      <itemStatus>1</itemStatus>
      <LastUpdateDate />
      <LastUpdateTime />
    </Product>
    <Product>
      <PriceUpdateDate>2015/12/01 14:02</PriceUpdateDate>
      <ItemCode>7290000466187</ItemCode>
      <ItemType>1</ItemType>
      <ItemName>מלפפון במלח 13-17 A2</ItemName>
      <ManufactureName>קבוצת אסם סחר שות. מוגבלת</ManufactureName>
      <ManufactureCountry />
      <ManufactureItemDescription />
      <UnitQty>יח`</UnitQty>
      <Quantity>320</Quantity>
      <UnitMeasure>גרם</UnitMeasure>
      <BisWeighted>0</BisWeighted>
      <QtyInPackage>1</QtyInPackage>
      <ItemPrice>9.90</ItemPrice>
      <UnitOfMeasurePrice>3.09</UnitOfMeasurePrice>
      <AllowDiscount>0</AllowDiscount>
      <itemStatus>1</itemStatus>
      <LastUpdateDate />
      <LastUpdateTime />
    </Product>
    <Product>
      <PriceUpdateDate>2014/07/16 10:20</PriceUpdateDate>
      <ItemCode>7290000466194</ItemCode>
      <ItemType>1</ItemType>
      <ItemName>מלפפון במלח 18-25 A2</ItemName>
      <ManufactureName>קבוצת אסם סחר שות. מוגבלת</ManufactureName>
      <ManufactureCountry />
      <ManufactureItemDescription />
      <UnitQty>יח`</UnitQty>
      <Quantity>384</Quantity>
      <UnitMeasure>גרם</UnitMeasure>
      <BisWeighted>0</BisWeighted>
      <QtyInPackage>1</QtyInPackage>
      <ItemPrice>10.90</ItemPrice>
      <UnitOfMeasurePrice>2.84</UnitOfMeasurePrice>
      <AllowDiscount>0</AllowDiscount>
      <itemStatus>1</itemStatus>
      <LastUpdateDate />
      <LastUpdateTime />
    </Product>
    <Product>
      <PriceUpdateDate>2014/11/11 08:44</PriceUpdateDate>
      <ItemCode>7290000466910</ItemCode>
      <ItemType>1</ItemType>
      <ItemName>מלפפון במלח בלאדי 13-17</ItemName>
      <ManufactureName>קבוצת אסם סחר שות. מוגבלת</ManufactureName>
      <ManufactureCountry />
      <ManufactureItemDescription />
      <UnitQty>יח`</UnitQty>
      <Quantity>340</Quantity>
      <UnitMeasure>גרם</UnitMeasure>
      <BisWeighted>0</BisWeighted>
      <QtyInPackage>1</QtyInPackage>
      <ItemPrice>9.90</ItemPrice>
      <UnitOfMeasurePrice>2.91</UnitOfMeasurePrice>
      <AllowDiscount>0</AllowDiscount>
      <itemStatus>1</itemStatus>
      <LastUpdateDate />
      <LastUpdateTime />
    </Product>
    <Product>
      <PriceUpdateDate>2018/02/04 12:42</PriceUpdateDate>
      <ItemCode>7290000467153</ItemCode>
      <ItemType>1</ItemType>
      <ItemName>חומוס צבר סמיר הגדול</ItemName>
      <ManufactureName>קבוצת אסם סחר שות. מוגבלת</ManufactureName>
      <ManufactureCountry />
      <ManufactureItemDescription />
      <UnitQty>יח`</UnitQty>
      <Quantity>400</Quantity>
      <UnitMeasure>גרם</UnitMeasure>
      <BisWeighted>0</BisWeighted>
      <QtyInPackage>1</QtyInPackage>
      <ItemPrice>13.90</ItemPrice>
      <UnitOfMeasurePrice>3.48</UnitOfMeasurePrice>
      <AllowDiscount>1</AllowDiscount>
      <itemStatus>1</itemStatus>
      <LastUpdateDate />
      <LastUpdateTime />
    </Product>
    <Product>
      <PriceUpdateDate>2015/12/01 14:02</PriceUpdateDate>
      <ItemCode>7290000467177</ItemCode>
      <ItemType>1</ItemType>
      <ItemName>מלפפון בחומץ 10-12 A2</ItemName>
      <ManufactureName>קבוצת אסם סחר שות. מוגבלת</ManufactureName>
      <ManufactureCountry />
      <ManufactureItemDescription />
      <UnitQty>יח`</UnitQty>
      <Quantity>290</Quantity>
      <UnitMeasure>גרם</UnitMeasure>
      <BisWeighted>0</BisWeighted>
      <QtyInPackage>1</QtyInPackage>
      <ItemPrice>7.90</ItemPrice>
      <UnitOfMeasurePrice>2.72</UnitOfMeasurePrice>
      <AllowDiscount>0</AllowDiscount>
      <itemStatus>1</itemStatus>
      <LastUpdateDate />
      <LastUpdateTime />
    </Product>
    <Product>
      <PriceUpdateDate>2015/12/01 14:02</PriceUpdateDate>
      <ItemCode>7290000467184</ItemCode>
      <ItemType>1</ItemType>
      <ItemName>מלפפון בחומץ 13-17 A2</ItemName>
      <ManufactureName>קבוצת אסם סחר שות. מוגבלת</ManufactureName>
      <ManufactureCountry />
      <ManufactureItemDescription />
      <UnitQty>יח`</UnitQty>
      <Quantity>320</Quantity>
      <UnitMeasure>גרם</UnitMeasure>
      <BisWeighted>0</BisWeighted>
      <QtyInPackage>1</QtyInPackage>
      <ItemPrice>9.90</ItemPrice>
      <UnitOfMeasurePrice>3.09</UnitOfMeasurePrice>
      <AllowDiscount>0</AllowDiscount>
      <itemStatus>1</itemStatus>
      <LastUpdateDate />
      <LastUpdateTime />
    </Product>
    <Product>
      <PriceUpdateDate>2018/02/04 12:42</PriceUpdateDate>
      <ItemCode>7290000467320</ItemCode>
      <ItemType>1</ItemType>
      <ItemName>חומוס צבר אבו מרוואן</ItemName>
      <ManufactureName>קבוצת אסם סחר שות. מוגבלת</ManufactureName>
      <ManufactureCountry />
      <ManufactureItemDescription />
      <UnitQty>יח`</UnitQty>
      <Quantity>400</Quantity>
      <UnitMeasure>גרם</UnitMeasure>
      <BisWeighted>0</BisWeighted>
      <QtyInPackage>1</QtyInPackage>
      <ItemPrice>13.90</ItemPrice>
      <UnitOfMeasurePrice>3.48</UnitOfMeasurePrice>
      <AllowDiscount>1</AllowDiscount>
      <itemStatus>1</itemStatus>
      <LastUpdateDate />
      <LastUpdateTime />
    </Product>
    <Product>
      <PriceUpdateDate>2014/11/11 08:44</PriceUpdateDate>
      <ItemCode>7290000468006</ItemCode>
      <ItemType>1</ItemType>
      <ItemName>כרוב כבוש בית השיטה (560 גרם)</ItemName>
      <ManufactureName>קבוצת אסם סחר שות. מוגבלת</ManufactureName>
      <ManufactureCountry />
      <ManufactureItemDescription />
      <UnitQty>יח`</UnitQty>
      <Quantity>550</Quantity>
      <UnitMeasure>גרם</UnitMeasure>
      <BisWeighted>0</BisWeighted>
      <QtyInPackage>1</QtyInPackage>
      <ItemPrice>7.90</ItemPrice>
      <UnitOfMeasurePrice>1.44</UnitOfMeasurePrice>
      <AllowDiscount>0</AllowDiscount>
      <itemStatus>1</itemStatus>
      <LastUpdateDate />
      <LastUpdateTime />
    </Product>
    <Product>
      <PriceUpdateDate>2015/12/01 14:02</PriceUpdateDate>
      <ItemCode>7290000468167</ItemCode>
      <ItemType>1</ItemType>
      <ItemName>פלפל חריף כבוש שיפקה בית השיטה (560 גרם)</ItemName>
      <ManufactureName>קבוצת אסם סחר שות. מוגבלת</ManufactureName>
      <ManufactureCountry />
      <ManufactureItemDescription />
      <UnitQty>יח`</UnitQty>
      <Quantity>230</Quantity>
      <UnitMeasure>גרם</UnitMeasure>
      <BisWeighted>0</BisWeighted>
      <QtyInPackage>1</QtyInPackage>
      <ItemPrice>6.90</ItemPrice>
      <UnitOfMeasurePrice>3</UnitOfMeasurePrice>
      <AllowDiscount>0</AllowDiscount>
      <itemStatus>1</itemStatus>
      <LastUpdateDate />
      <LastUpdateTime />
    </Product>
    <Product>
      <PriceUpdateDate>2019/06/17 12:24</PriceUpdateDate>
      <ItemCode>7290000474021</ItemCode>
      <ItemType>1</ItemType>
      <ItemName>חלב 3% בשקית טרה (1  ליטר)פיקוח</ItemName>
      <ManufactureName>החב` המרכזית - טרה</ManufactureName>
      <ManufactureCountry />
      <ManufactureItemDescription />
      <UnitQty>יח`</UnitQty>
      <Quantity>1</Quantity>
      <UnitMeasure>1 ליטר</UnitMeasure>
      <BisWeighted>0</BisWeighted>
      <QtyInPackage>1</QtyInPackage>
      <ItemPrice>5.17</ItemPrice>
      <UnitOfMeasurePrice>5.17</UnitOfMeasurePrice>
      <AllowDiscount>0</AllowDiscount>
      <itemStatus>1</itemStatus>
      <LastUpdateDate />
      <LastUpdateTime />
    </Product>
    <Product>
      <PriceUpdateDate>2019/06/17 12:24</PriceUpdateDate>
      <ItemCode>7290000474090</ItemCode>
      <ItemType>1</ItemType>
      <ItemName>חלב 1% בקרטון טרה (1  ליטר)פ</ItemName>
      <ManufactureName>החב` המרכזית - טרה</ManufactureName>
      <ManufactureCountry />
      <ManufactureItemDescription />
      <UnitQty>יח`</UnitQty>
      <Quantity>1</Quantity>
      <UnitMeasure>1 ליטר</UnitMeasure>
      <BisWeighted>0</BisWeighted>
      <QtyInPackage>1</QtyInPackage>
      <ItemPrice>5.59</ItemPrice>
      <UnitOfMeasurePrice>5.59</UnitOfMeasurePrice>
      <AllowDiscount>0</AllowDiscount>
      <itemStatus>1</itemStatus>
      <LastUpdateDate />
      <LastUpdateTime />
    </Product>
    <Product>
      <PriceUpdateDate>2019/06/17 12:24</PriceUpdateDate>
      <ItemCode>7290000474373</ItemCode>
      <ItemType>1</ItemType>
      <ItemName>שמנת חמוצה 15% טרה (200 מל)</ItemName>
      <ManufactureName>החב` המרכזית - טרה</ManufactureName>
      <ManufactureCountry />
      <ManufactureItemDescription />
      <UnitQty>יח`</UnitQty>
      <Quantity>200</Quantity>
      <UnitMeasure>מ"ל</UnitMeasure>
      <BisWeighted>0</BisWeighted>
      <QtyInPackage>1</QtyInPackage>
      <ItemPrice>2.28</ItemPrice>
      <UnitOfMeasurePrice>1.14</UnitOfMeasurePrice>
      <AllowDiscount>0</AllowDiscount>
      <itemStatus>1</itemStatus>
      <LastUpdateDate />
      <LastUpdateTime />
    </Product>
    <Product>
      <PriceUpdateDate>2019/06/17 12:24</PriceUpdateDate>
      <ItemCode>7290000474502</ItemCode>
      <ItemType>1</ItemType>
      <ItemName>גבינה לבנה 5% 250 גר` פיקוח</ItemName>
      <ManufactureName>החב` המרכזית - טרה</ManufactureName>
      <ManufactureCountry />
      <ManufactureItemDescription />
      <UnitQty>יח`</UnitQty>
      <Quantity>250</Quantity>
      <UnitMeasure>גרם</UnitMeasure>
      <BisWeighted>0</BisWeighted>
      <QtyInPackage>1</QtyInPackage>
      <ItemPrice>4.75</ItemPrice>
      <UnitOfMeasurePrice>1.90</UnitOfMeasurePrice>
      <AllowDiscount>1</AllowDiscount>
      <itemStatus>1</itemStatus>
      <LastUpdateDate />
      <LastUpdateTime />
    </Product>
    <Product>
      <PriceUpdateDate>2018/10/10 11:10</PriceUpdateDate>
      <ItemCode>7290000474540</ItemCode>
      <ItemType>1</ItemType>
      <ItemName>גבינת טוב טעם</ItemName>
      <ManufactureName>החב` המרכזית - טרה</ManufactureName>
      <ManufactureCountry />
      <ManufactureItemDescription />
      <UnitQty>יח`</UnitQty>
      <Quantity>250</Quantity>
      <UnitMeasure>גרם</UnitMeasure>
      <BisWeighted>0</BisWeighted>
      <QtyInPackage>1</QtyInPackage>
      <ItemPrice>10.90</ItemPrice>
      <UnitOfMeasurePrice>4.36</UnitOfMeasurePrice>
      <AllowDiscount>1</AllowDiscount>
      <itemStatus>1</itemStatus>
      <LastUpdateDate />
      <LastUpdateTime />
    </Product>
    <Product>
      <PriceUpdateDate>2018/02/11 11:50</PriceUpdateDate>
      <ItemCode>7290000480107</ItemCode>
      <ItemType>1</ItemType>
      <ItemName>שיבולת שועל קוואקר (500 גרם)</ItemName>
      <ManufactureName>שטראוס פריטו ליי בעמ</ManufactureName>
      <ManufactureCountry />
      <ManufactureItemDescription />
      <UnitQty>יח`</UnitQty>
      <Quantity>500</Quantity>
      <UnitMeasure>גרם</UnitMeasure>
      <BisWeighted>0</BisWeighted>
      <QtyInPackage>1</QtyInPackage>
      <ItemPrice>11.90</ItemPrice>
      <UnitOfMeasurePrice>2.38</UnitOfMeasurePrice>
      <AllowDiscount>1</AllowDiscount>
      <itemStatus>1</itemStatus>
      <LastUpdateDate />
      <LastUpdateTime />
    </Product>
    <Product>
      <PriceUpdateDate>2020/04/20 07:03</PriceUpdateDate>
      <ItemCode>7290000481029</ItemCode>
      <ItemType>1</ItemType>
      <ItemName>10 פיתות בטעם ביתי דגנית עין בר</ItemName>
      <ManufactureName>דגנית עין בר תעשיות מזון ואפיה</ManufactureName>
      <ManufactureCountry />
      <ManufactureItemDescription />
      <UnitQty>יח`</UnitQty>
      <Quantity>1000</Quantity>
      <UnitMeasure>גרם</UnitMeasure>
      <BisWeighted>0</BisWeighted>
      <QtyInPackage>1</QtyInPackage>
      <ItemPrice>9.90</ItemPrice>
      <UnitOfMeasurePrice>0.99</UnitOfMeasurePrice>
      <AllowDiscount>0</AllowDiscount>
      <itemStatus>1</itemStatus>
      <LastUpdateDate />
      <LastUpdateTime />
    </Product>
    <Product>
      <PriceUpdateDate>2015/05/28 18:15</PriceUpdateDate>
      <ItemCode>7290000481531</ItemCode>
      <ItemType>1</ItemType>
      <ItemName>לחמניות חיטה מלאה דגנית עין בר (10)</ItemName>
      <ManufactureName>דגנית עין בר תעשיות מזון ואפיה</ManufactureName>
      <ManufactureCountry />
      <ManufactureItemDescription />
      <UnitQty>יח`</UnitQty>
      <Quantity>750</Quantity>
      <UnitMeasure>גרם</UnitMeasure>
      <BisWeighted>0</BisWeighted>
      <QtyInPackage>1</QtyInPackage>
      <ItemPrice>11.90</ItemPrice>
      <UnitOfMeasurePrice>1.59</UnitOfMeasurePrice>
      <AllowDiscount>1</AllowDiscount>
      <itemStatus>1</itemStatus>
      <LastUpdateDate />
      <LastUpdateTime />
    </Product>
    <Product>
      <PriceUpdateDate>2015/05/28 18:15</PriceUpdateDate>
      <ItemCode>7290000481883</ItemCode>
      <ItemType>1</ItemType>
      <ItemName>לחמניות אצבע דגנית עין בר (10)</ItemName>
      <ManufactureName>דגנית עין בר תעשיות מזון ואפיה</ManufactureName>
      <ManufactureCountry />
      <ManufactureItemDescription />
      <UnitQty>יח`</UnitQty>
      <Quantity>750</Quantity>
      <UnitMeasure>גרם</UnitMeasure>
      <BisWeighted>0</BisWeighted>
      <QtyInPackage>1</QtyInPackage>
      <ItemPrice>11.90</ItemPrice>
      <UnitOfMeasurePrice>1.59</UnitOfMeasurePrice>
      <AllowDiscount>1</AllowDiscount>
      <itemStatus>1</itemStatus>
      <LastUpdateDate />
      <LastUpdateTime />
    </Product>
    <Product>
      <PriceUpdateDate>2015/12/28 11:39</PriceUpdateDate>
      <ItemCode>7290000482019</ItemCode>
      <ItemType>1</ItemType>
      <ItemName>קוקי רגיל שקיות צליה 10 יח</ItemName>
      <ManufactureName>ש.שסטוביץ בעמ</ManufactureName>
      <ManufactureCountry />
      <ManufactureItemDescription />
      <UnitQty>יח`</UnitQty>
      <Quantity>1</Quantity>
      <UnitMeasure />
      <BisWeighted>0</BisWeighted>
      <QtyInPackage>1</QtyInPackage>
      <ItemPrice>12.90</ItemPrice>
      <UnitOfMeasurePrice>12.90</UnitOfMeasurePrice>
      <AllowDiscount>0</AllowDiscount>
      <itemStatus>1</itemStatus>
      <LastUpdateDate />
      <LastUpdateTime />
    </Product>
    <Product>
      <PriceUpdateDate>2019/05/19 09:42</PriceUpdateDate>
      <ItemCode>7290000484747</ItemCode>
      <ItemType>1</ItemType>
      <ItemName>עלית הארק יקב הגליל (700 מל)</ItemName>
      <ManufactureName>יקב הגליל שיווק בעמ</ManufactureName>
      <ManufactureCountry />
      <ManufactureItemDescription />
      <UnitQty>יח`</UnitQty>
      <Quantity>750</Quantity>
      <UnitMeasure>מ"ל</UnitMeasure>
      <BisWeighted>0</BisWeighted>
      <QtyInPackage>1</QtyInPackage>
      <ItemPrice>59.90</ItemPrice>
      <UnitOfMeasurePrice>7.95</UnitOfMeasurePrice>
      <AllowDiscount>0</AllowDiscount>
      <itemStatus>1</itemStatus>
      <LastUpdateDate />
      <LastUpdateTime />
    </Product>
    <Product>
      <PriceUpdateDate>2013/12/31 12:18</PriceUpdateDate>
      <ItemCode>7290000490601</ItemCode>
      <ItemType>1</ItemType>
      <ItemName>מאגדת מצופה דיאט שמינייה</ItemName>
      <ManufactureName>פלקו בעמ</ManufactureName>
      <ManufactureCountry />
      <ManufactureItemDescription />
      <UnitQty>יח`</UnitQty>
      <Quantity>400</Quantity>
      <UnitMeasure>גרם</UnitMeasure>
      <BisWeighted>0</BisWeighted>
      <QtyInPackage>1</QtyInPackage>
      <ItemPrice>27</ItemPrice>
      <UnitOfMeasurePrice>6.75</UnitOfMeasurePrice>
      <AllowDiscount>0</AllowDiscount>
      <itemStatus>1</itemStatus>
      <LastUpdateDate />
      <LastUpdateTime />
    </Product>
    <Product>
      <PriceUpdateDate>2016/08/18 08:35</PriceUpdateDate>
      <ItemCode>7290000490625</ItemCode>
      <ItemType>1</ItemType>
      <ItemName>מאגדת שלגונים ציפוי שוקו 8יח</ItemName>
      <ManufactureName>פלקו בעמ</ManufactureName>
      <ManufactureCountry />
      <ManufactureItemDescription />
      <UnitQty>יח`</UnitQty>
      <Quantity>1</Quantity>
      <UnitMeasure />
      <BisWeighted>0</BisWeighted>
      <QtyInPackage>1</QtyInPackage>
      <ItemPrice>24.90</ItemPrice>
      <UnitOfMeasurePrice>24.90</UnitOfMeasurePrice>
      <AllowDiscount>0</AllowDiscount>
      <itemStatus>1</itemStatus>
      <LastUpdateDate />
      <LastUpdateTime />
    </Product>
    <Product>
      <PriceUpdateDate>2013/12/31 12:18</PriceUpdateDate>
      <ItemCode>7290000490762</ItemCode>
      <ItemType>1</ItemType>
      <ItemName>מאגדת מצופה דיאט שמינייה</ItemName>
      <ManufactureName>פלקו בעמ</ManufactureName>
      <ManufactureCountry />
      <ManufactureItemDescription />
      <UnitQty>יח`</UnitQty>
      <Quantity>400</Quantity>
      <UnitMeasure>גרם</UnitMeasure>
      <BisWeighted>0</BisWeighted>
      <QtyInPackage>1</QtyInPackage>
      <ItemPrice>27</ItemPrice>
      <UnitOfMeasurePrice>6.75</UnitOfMeasurePrice>
      <AllowDiscount>0</AllowDiscount>
      <itemStatus>1</itemStatus>
      <LastUpdateDate />
      <LastUpdateTime />
    </Product>
    <Product>
      <PriceUpdateDate>2017/08/08 10:52</PriceUpdateDate>
      <ItemCode>7290000493176</ItemCode>
      <ItemType>1</ItemType>
      <ItemName>רוטב צלי אסם (22 גרם)</ItemName>
      <ManufactureName>קבוצת אסם סחר שות. מוגבלת</ManufactureName>
      <ManufactureCountry />
      <ManufactureItemDescription />
      <UnitQty>יח`</UnitQty>
      <Quantity>22</Quantity>
      <UnitMeasure>גרם</UnitMeasure>
      <BisWeighted>0</BisWeighted>
      <QtyInPackage>1</QtyInPackage>
      <ItemPrice>4.90</ItemPrice>
      <UnitOfMeasurePrice>22.27</UnitOfMeasurePrice>
      <AllowDiscount>0</AllowDiscount>
      <itemStatus>1</itemStatus>
      <LastUpdateDate />
      <LastUpdateTime />
    </Product>
    <Product>
      <PriceUpdateDate>2015/12/01 14:03</PriceUpdateDate>
      <ItemCode>7290000493183</ItemCode>
      <ItemType>1</ItemType>
      <ItemName>רוטב פטריות אסם (30 גרם)</ItemName>
      <ManufactureName>קבוצת אסם סחר שות. מוגבלת</ManufactureName>
      <ManufactureCountry />
      <ManufactureItemDescription />
      <UnitQty>יח`</UnitQty>
      <Quantity>30</Quantity>
      <UnitMeasure>גרם</UnitMeasure>
      <BisWeighted>0</BisWeighted>
      <QtyInPackage>1</QtyInPackage>
      <ItemPrice>4.90</ItemPrice>
      <UnitOfMeasurePrice>16.33</UnitOfMeasurePrice>
      <AllowDiscount>0</AllowDiscount>
      <itemStatus>1</itemStatus>
      <LastUpdateDate />
      <LastUpdateTime />
    </Product>
    <Product>
      <PriceUpdateDate>2015/08/24 09:16</PriceUpdateDate>
      <ItemCode>7290000497044</ItemCode>
      <ItemType>1</ItemType>
      <ItemName>לחם אקטיב ברמן (750 גרם)</ItemName>
      <ManufactureName>י.את א. ברמן בעמ</ManufactureName>
      <ManufactureCountry />
      <ManufactureItemDescription />
      <UnitQty>יח`</UnitQty>
      <Quantity>750</Quantity>
      <UnitMeasure>גרם</UnitMeasure>
      <BisWeighted>0</BisWeighted>
      <QtyInPackage>1</QtyInPackage>
      <ItemPrice>14.90</ItemPrice>
      <UnitOfMeasurePrice>1.99</UnitOfMeasurePrice>
      <AllowDiscount>1</AllowDiscount>
      <itemStatus>1</itemStatus>
      <LastUpdateDate />
      <LastUpdateTime />
    </Product>
    <Product>
      <PriceUpdateDate>2019/03/24 12:39</PriceUpdateDate>
      <ItemCode>7290000497112</ItemCode>
      <ItemType>1</ItemType>
      <ItemName>לחם אחיד כהה פרוס ברמן (750  גרם)פי</ItemName>
      <ManufactureName>י.את א. ברמן בעמ</ManufactureName>
      <ManufactureCountry />
      <ManufactureItemDescription />
      <UnitQty>יח`</UnitQty>
      <Quantity>750</Quantity>
      <UnitMeasure>גרם</UnitMeasure>
      <BisWeighted>0</BisWeighted>
      <QtyInPackage>1</QtyInPackage>
      <ItemPrice>6.60</ItemPrice>
      <UnitOfMeasurePrice>0.88</UnitOfMeasurePrice>
      <AllowDiscount>0</AllowDiscount>
      <itemStatus>1</itemStatus>
      <LastUpdateDate />
      <LastUpdateTime />
    </Product>
    <Product>
      <PriceUpdateDate>2015/12/02 10:08</PriceUpdateDate>
      <ItemCode>7290000497136</ItemCode>
      <ItemType>1</ItemType>
      <ItemName>חלה ארוזה .</ItemName>
      <ManufactureName>י.את א. ברמן בעמ</ManufactureName>
      <ManufactureCountry />
      <ManufactureItemDescription />
      <UnitQty>יח`</UnitQty>
      <Quantity>500</Quantity>
      <UnitMeasure>גרם</UnitMeasure>
      <BisWeighted>0</BisWeighted>
      <QtyInPackage>1</QtyInPackage>
      <ItemPrice>8.90</ItemPrice>
      <UnitOfMeasurePrice>1.78</UnitOfMeasurePrice>
      <AllowDiscount>0</AllowDiscount>
      <itemStatus>1</itemStatus>
      <LastUpdateDate />
      <LastUpdateTime />
    </Product>
    <Product>
      <PriceUpdateDate>2014/08/25 09:35</PriceUpdateDate>
      <ItemCode>7290000497228</ItemCode>
      <ItemType>1</ItemType>
      <ItemName>לחמניות שישייה</ItemName>
      <ManufactureName>י.את א. ברמן בעמ</ManufactureName>
      <ManufactureCountry />
      <ManufactureItemDescription />
      <UnitQty>יח`</UnitQty>
      <Quantity>450</Quantity>
      <UnitMeasure>גרם</UnitMeasure>
      <BisWeighted>0</BisWeighted>
      <QtyInPackage>1</QtyInPackage>
      <ItemPrice>7.90</ItemPrice>
      <UnitOfMeasurePrice>1.76</UnitOfMeasurePrice>
      <AllowDiscount>0</AllowDiscount>
      <itemStatus>1</itemStatus>
      <LastUpdateDate />
      <LastUpdateTime />
    </Product>
    <Product>
      <PriceUpdateDate>2016/08/04 08:17</PriceUpdateDate>
      <ItemCode>7290000497273</ItemCode>
      <ItemType>1</ItemType>
      <ItemName>לחמניות אקטיב ברמן</ItemName>
      <ManufactureName>י.את א. ברמן בעמ</ManufactureName>
      <ManufactureCountry />
      <ManufactureItemDescription />
      <UnitQty>יח`</UnitQty>
      <Quantity>450</Quantity>
      <UnitMeasure>גרם</UnitMeasure>
      <BisWeighted>0</BisWeighted>
      <QtyInPackage>1</QtyInPackage>
      <ItemPrice>11.90</ItemPrice>
      <UnitOfMeasurePrice>2.64</UnitOfMeasurePrice>
      <AllowDiscount>1</AllowDiscount>
      <itemStatus>1</itemStatus>
      <LastUpdateDate />
      <LastUpdateTime />
    </Product>
    <Product>
      <PriceUpdateDate>2013/06/09 10:05</PriceUpdateDate>
      <ItemCode>7290000497358</ItemCode>
      <ItemType>1</ItemType>
      <ItemName>חלומית חלה מתוקה קלועה ברמן (500 גרם)</ItemName>
      <ManufactureName>י.את א. ברמן בעמ</ManufactureName>
      <ManufactureCountry />
      <ManufactureItemDescription />
      <UnitQty>יח`</UnitQty>
      <Quantity>500</Quantity>
      <UnitMeasure>גרם</UnitMeasure>
      <BisWeighted>0</BisWeighted>
      <QtyInPackage>1</QtyInPackage>
      <ItemPrice>10.10</ItemPrice>
      <UnitOfMeasurePrice>2.02</UnitOfMeasurePrice>
      <AllowDiscount>0</AllowDiscount>
      <itemStatus>1</itemStatus>
      <LastUpdateDate />
      <LastUpdateTime />
    </Product>
    <Product>
      <PriceUpdateDate>2015/12/02 10:20</PriceUpdateDate>
      <ItemCode>7290000497426</ItemCode>
      <ItemType>1</ItemType>
      <ItemName>לחם קל ברמן לענין קמח חיטה מלאה</ItemName>
      <ManufactureName>י.את א. ברמן בעמ</ManufactureName>
      <ManufactureCountry />
      <ManufactureItemDescription />
      <UnitQty>יח`</UnitQty>
      <Quantity>750</Quantity>
      <UnitMeasure>גרם</UnitMeasure>
      <BisWeighted>0</BisWeighted>
      <QtyInPackage>1</QtyInPackage>
      <ItemPrice>12.90</ItemPrice>
      <UnitOfMeasurePrice>1.72</UnitOfMeasurePrice>
      <AllowDiscount>0</AllowDiscount>
      <itemStatus>1</itemStatus>
      <LastUpdateDate />
      <LastUpdateTime />
    </Product>
    <Product>
      <PriceUpdateDate>2018/02/05 11:46</PriceUpdateDate>
      <ItemCode>7290000497488</ItemCode>
      <ItemType>1</ItemType>
      <ItemName>חלה קלה פרוסה ברמן (500 גרם)</ItemName>
      <ManufactureName>י.את א. ברמן בעמ</ManufactureName>
      <ManufactureCountry />
      <ManufactureItemDescription />
      <UnitQty>יח`</UnitQty>
      <Quantity>500</Quantity>
      <UnitMeasure>גרם</UnitMeasure>
      <BisWeighted>0</BisWeighted>
      <QtyInPackage>1</QtyInPackage>
      <ItemPrice>12.90</ItemPrice>
      <UnitOfMeasurePrice>2.58</UnitOfMeasurePrice>
      <AllowDiscount>0</AllowDiscount>
      <itemStatus>1</itemStatus>
      <LastUpdateDate />
      <LastUpdateTime />
    </Product>
    <Product>
      <PriceUpdateDate>2015/12/02 10:20</PriceUpdateDate>
      <ItemCode>7290000497532</ItemCode>
      <ItemType>1</ItemType>
      <ItemName>לחם ברמן לעניין פרוס ברמן (750 גרם)</ItemName>
      <ManufactureName>י.את א. ברמן בעמ</ManufactureName>
      <ManufactureCountry />
      <ManufactureItemDescription />
      <UnitQty>יח`</UnitQty>
      <Quantity>750</Quantity>
      <UnitMeasure>גרם</UnitMeasure>
      <BisWeighted>0</BisWeighted>
      <QtyInPackage>1</QtyInPackage>
      <ItemPrice>12.90</ItemPrice>
      <UnitOfMeasurePrice>1.72</UnitOfMeasurePrice>
      <AllowDiscount>0</AllowDiscount>
      <itemStatus>1</itemStatus>
      <LastUpdateDate />
      <LastUpdateTime />
    </Product>
    <Product>
      <PriceUpdateDate>2015/12/02 10:20</PriceUpdateDate>
      <ItemCode>7290000497570</ItemCode>
      <ItemType>1</ItemType>
      <ItemName>דגני קלות פרוס ברמן (500 גרם)</ItemName>
      <ManufactureName>י.את א. ברמן בעמ</ManufactureName>
      <ManufactureCountry />
      <ManufactureItemDescription />
      <UnitQty>יח`</UnitQty>
      <Quantity>500</Quantity>
      <UnitMeasure>גרם</UnitMeasure>
      <BisWeighted>0</BisWeighted>
      <QtyInPackage>1</QtyInPackage>
      <ItemPrice>12.90</ItemPrice>
      <UnitOfMeasurePrice>2.58</UnitOfMeasurePrice>
      <AllowDiscount>0</AllowDiscount>
      <itemStatus>1</itemStatus>
      <LastUpdateDate />
      <LastUpdateTime />
    </Product>
    <Product>
      <PriceUpdateDate>2018/04/25 13:29</PriceUpdateDate>
      <ItemCode>7290000498003</ItemCode>
      <ItemType>1</ItemType>
      <ItemName>לחם מקמח מלא 750  גר`E FREE ברמן</ItemName>
      <ManufactureName>י.את א. ברמן בעמ</ManufactureName>
      <ManufactureCountry />
      <ManufactureItemDescription />
      <UnitQty>יח`</UnitQty>
      <Quantity>750</Quantity>
      <UnitMeasure>גרם</UnitMeasure>
      <BisWeighted>0</BisWeighted>
      <QtyInPackage>1</QtyInPackage>
      <ItemPrice>14.90</ItemPrice>
      <UnitOfMeasurePrice>1.99</UnitOfMeasurePrice>
      <AllowDiscount>0</AllowDiscount>
      <itemStatus>1</itemStatus>
      <LastUpdateDate />
      <LastUpdateTime />
    </Product>
    <Product>
      <PriceUpdateDate>2019/12/03 08:29</PriceUpdateDate>
      <ItemCode>7290000498034</ItemCode>
      <ItemType>1</ItemType>
      <ItemName>לחם מקמח כוסמין מלא 750 גר` E FREE</ItemName>
      <ManufactureName>י.את א. ברמן בעמ</ManufactureName>
      <ManufactureCountry />
      <ManufactureItemDescription />
      <UnitQty>יח`</UnitQty>
      <Quantity>750</Quantity>
      <UnitMeasure>גרם</UnitMeasure>
      <BisWeighted>0</BisWeighted>
      <QtyInPackage>1</QtyInPackage>
      <ItemPrice>15.50</ItemPrice>
      <UnitOfMeasurePrice>2.07</UnitOfMeasurePrice>
      <AllowDiscount>0</AllowDiscount>
      <itemStatus>1</itemStatus>
      <LastUpdateDate />
      <LastUpdateTime />
    </Product>
    <Product>
      <PriceUpdateDate>2018/08/19 10:44</PriceUpdateDate>
      <ItemCode>7290000498256</ItemCode>
      <ItemType>1</ItemType>
      <ItemName>10 לחמניות בשקית ברמן</ItemName>
      <ManufactureName>י.את א. ברמן בעמ</ManufactureName>
      <ManufactureCountry />
      <ManufactureItemDescription />
      <UnitQty>יח`</UnitQty>
      <Quantity>750</Quantity>
      <UnitMeasure>גרם</UnitMeasure>
      <BisWeighted>0</BisWeighted>
      <QtyInPackage>1</QtyInPackage>
      <ItemPrice>9.90</ItemPrice>
      <UnitOfMeasurePrice>1.32</UnitOfMeasurePrice>
      <AllowDiscount>0</AllowDiscount>
      <itemStatus>1</itemStatus>
      <LastUpdateDate />
      <LastUpdateTime />
    </Product>
    <Product>
      <PriceUpdateDate>2019/02/03 12:19</PriceUpdateDate>
      <ItemCode>7290000498355</ItemCode>
      <ItemType>1</ItemType>
      <ItemName>לחם כהה פיקוח</ItemName>
      <ManufactureName>י.את א. ברמן בעמ</ManufactureName>
      <ManufactureCountry />
      <ManufactureItemDescription />
      <UnitQty>יח`</UnitQty>
      <Quantity>750</Quantity>
      <UnitMeasure>גרם</UnitMeasure>
      <BisWeighted>0</BisWeighted>
      <QtyInPackage>1</QtyInPackage>
      <ItemPrice>3.90</ItemPrice>
      <UnitOfMeasurePrice>0.52</UnitOfMeasurePrice>
      <AllowDiscount>0</AllowDiscount>
      <itemStatus>1</itemStatus>
      <LastUpdateDate />
      <LastUpdateTime />
    </Product>
    <Product>
      <PriceUpdateDate>2019/02/03 12:30</PriceUpdateDate>
      <ItemCode>7290000498393</ItemCode>
      <ItemType>1</ItemType>
      <ItemName>חלה רגילה (500 גרם) פיקוח</ItemName>
      <ManufactureName>י.את א. ברמן בעמ</ManufactureName>
      <ManufactureCountry />
      <ManufactureItemDescription />
      <UnitQty>יח`</UnitQty>
      <Quantity>500</Quantity>
      <UnitMeasure>גרם</UnitMeasure>
      <BisWeighted>0</BisWeighted>
      <QtyInPackage>1</QtyInPackage>
      <ItemPrice>4.45</ItemPrice>
      <UnitOfMeasurePrice>0.89</UnitOfMeasurePrice>
      <AllowDiscount>0</AllowDiscount>
      <itemStatus>1</itemStatus>
      <LastUpdateDate />
      <LastUpdateTime />
    </Product>
    <Product>
      <PriceUpdateDate>2016/03/06 08:15</PriceUpdateDate>
      <ItemCode>7290000504025</ItemCode>
      <ItemType>1</ItemType>
      <ItemName>סוכרזית פטריה) (300</ItemName>
      <ManufactureName>שטראוס גרופ בעמ</ManufactureName>
      <ManufactureCountry />
      <ManufactureItemDescription />
      <UnitQty>יח`</UnitQty>
      <Quantity>246</Quantity>
      <UnitMeasure>גרם</UnitMeasure>
      <BisWeighted>0</BisWeighted>
      <QtyInPackage>1</QtyInPackage>
      <ItemPrice>7.90</ItemPrice>
      <UnitOfMeasurePrice>3.21</UnitOfMeasurePrice>
      <AllowDiscount>0</AllowDiscount>
      <itemStatus>1</itemStatus>
      <LastUpdateDate />
      <LastUpdateTime />
    </Product>
    <Product>
      <PriceUpdateDate>2016/03/06 08:15</PriceUpdateDate>
      <ItemCode>7290000504278</ItemCode>
      <ItemType>1</ItemType>
      <ItemName>סוכרזית פטנט) (700</ItemName>
      <ManufactureName>שטראוס גרופ בעמ</ManufactureName>
      <ManufactureCountry />
      <ManufactureItemDescription />
      <UnitQty>יח`</UnitQty>
      <Quantity>574</Quantity>
      <UnitMeasure>גרם</UnitMeasure>
      <BisWeighted>0</BisWeighted>
      <QtyInPackage>1</QtyInPackage>
      <ItemPrice>15.90</ItemPrice>
      <UnitOfMeasurePrice>2.77</UnitOfMeasurePrice>
      <AllowDiscount>0</AllowDiscount>
      <itemStatus>1</itemStatus>
      <LastUpdateDate />
      <LastUpdateTime />
    </Product>
    <Product>
      <PriceUpdateDate>2015/12/01 11:18</PriceUpdateDate>
      <ItemCode>7290000515014</ItemCode>
      <ItemType>1</ItemType>
      <ItemName>קמח חיטה לבן בהיר באר שבע</ItemName>
      <ManufactureName>טחנות קמח שטיבל בש בעמ</ManufactureName>
      <ManufactureCountry />
      <ManufactureItemDescription />
      <UnitQty>יח`</UnitQty>
      <Quantity>1</Quantity>
      <UnitMeasure>ק"ג</UnitMeasure>
      <BisWeighted>0</BisWeighted>
      <QtyInPackage>1</QtyInPackage>
      <ItemPrice>4.90</ItemPrice>
      <UnitOfMeasurePrice>4.90</UnitOfMeasurePrice>
      <AllowDiscount>0</AllowDiscount>
      <itemStatus>1</itemStatus>
      <LastUpdateDate />
      <LastUpdateTime />
    </Product>
    <Product>
      <PriceUpdateDate>2015/12/01 11:18</PriceUpdateDate>
      <ItemCode>7290000515106</ItemCode>
      <ItemType>1</ItemType>
      <ItemName>סולת וחבילות באר שבע</ItemName>
      <ManufactureName>טחנות קמח שטיבל בש בעמ</ManufactureName>
      <ManufactureCountry />
      <ManufactureItemDescription />
      <UnitQty>יח`</UnitQty>
      <Quantity>1</Quantity>
      <UnitMeasure>ק"ג</UnitMeasure>
      <BisWeighted>0</BisWeighted>
      <QtyInPackage>1</QtyInPackage>
      <ItemPrice>4.90</ItemPrice>
      <UnitOfMeasurePrice>4.90</UnitOfMeasurePrice>
      <AllowDiscount>0</AllowDiscount>
      <itemStatus>1</itemStatus>
      <LastUpdateDate />
      <LastUpdateTime />
    </Product>
    <Product>
      <PriceUpdateDate>2017/03/30 08:34</PriceUpdateDate>
      <ItemCode>7290000521008</ItemCode>
      <ItemType>1</ItemType>
      <ItemName>יין אדום יבש של סגל (750 מל)</ItemName>
      <ManufactureName>טמפו משקאות בעמ</ManufactureName>
      <ManufactureCountry />
      <ManufactureItemDescription />
      <UnitQty>יח`</UnitQty>
      <Quantity>750</Quantity>
      <UnitMeasure>מ"ל</UnitMeasure>
      <BisWeighted>0</BisWeighted>
      <QtyInPackage>1</QtyInPackage>
      <ItemPrice>21</ItemPrice>
      <UnitOfMeasurePrice>2.76</UnitOfMeasurePrice>
      <AllowDiscount>1</AllowDiscount>
      <itemStatus>1</itemStatus>
      <LastUpdateDate />
      <LastUpdateTime />
    </Product>
    <Product>
      <PriceUpdateDate>2015/05/01 11:16</PriceUpdateDate>
      <ItemCode>7290000521015</ItemCode>
      <ItemType>1</ItemType>
      <ItemName>יין לבן יבש של סגל (750 מל)</ItemName>
      <ManufactureName>טמפו משקאות בעמ</ManufactureName>
      <ManufactureCountry />
      <ManufactureItemDescription />
      <UnitQty>יח`</UnitQty>
      <Quantity>750</Quantity>
      <UnitMeasure>מ"ל</UnitMeasure>
      <BisWeighted>0</BisWeighted>
      <QtyInPackage>1</QtyInPackage>
      <ItemPrice>21</ItemPrice>
      <UnitOfMeasurePrice>2.76</UnitOfMeasurePrice>
      <AllowDiscount>1</AllowDiscount>
      <itemStatus>1</itemStatus>
      <LastUpdateDate />
      <LastUpdateTime />
    </Product>
    <Product>
      <PriceUpdateDate>2015/05/01 11:16</PriceUpdateDate>
      <ItemCode>7290000521022</ItemCode>
      <ItemType>1</ItemType>
      <ItemName>יין לבן חצי יבש של סגל (750 מל)</ItemName>
      <ManufactureName>טמפו משקאות בעמ</ManufactureName>
      <ManufactureCountry />
      <ManufactureItemDescription />
      <UnitQty>יח`</UnitQty>
      <Quantity>750</Quantity>
      <UnitMeasure>מ"ל</UnitMeasure>
      <BisWeighted>0</BisWeighted>
      <QtyInPackage>1</QtyInPackage>
      <ItemPrice>21</ItemPrice>
      <UnitOfMeasurePrice>2.76</UnitOfMeasurePrice>
      <AllowDiscount>1</AllowDiscount>
      <itemStatus>1</itemStatus>
      <LastUpdateDate />
      <LastUpdateTime />
    </Product>
    <Product>
      <PriceUpdateDate>2016/09/06 08:27</PriceUpdateDate>
      <ItemCode>7290000521411</ItemCode>
      <ItemType>1</ItemType>
      <ItemName>מרום גליל סינגל מרלו 750מל</ItemName>
      <ManufactureName>טמפו משקאות בעמ</ManufactureName>
      <ManufactureCountry />
      <ManufactureItemDescription />
      <UnitQty>יח`</UnitQty>
      <Quantity>750</Quantity>
      <UnitMeasure>מ"ל</UnitMeasure>
      <BisWeighted>0</BisWeighted>
      <QtyInPackage>1</QtyInPackage>
      <ItemPrice>39.90</ItemPrice>
      <UnitOfMeasurePrice>5.28</UnitOfMeasurePrice>
      <AllowDiscount>1</AllowDiscount>
      <itemStatus>1</itemStatus>
      <LastUpdateDate />
      <LastUpdateTime />
    </Product>
    <Product>
      <PriceUpdateDate>2015/04/30 14:15</PriceUpdateDate>
      <ItemCode>7290000523224</ItemCode>
      <ItemType>1</ItemType>
      <ItemName>מלח ים יבש מלח הארץ (500 גרם)</ItemName>
      <ManufactureName>תה ויסוצקי (ישראל) בעמ</ManufactureName>
      <ManufactureCountry />
      <ManufactureItemDescription />
      <UnitQty>יח`</UnitQty>
      <Quantity>500</Quantity>
      <UnitMeasure>גרם</UnitMeasure>
      <BisWeighted>0</BisWeighted>
      <QtyInPackage>1</QtyInPackage>
      <ItemPrice>7.90</ItemPrice>
      <UnitOfMeasurePrice>1.58</UnitOfMeasurePrice>
      <AllowDiscount>0</AllowDiscount>
      <itemStatus>1</itemStatus>
      <LastUpdateDate />
      <LastUpdateTime />
    </Product>
    <Product>
      <PriceUpdateDate>2019/03/06 09:28</PriceUpdateDate>
      <ItemCode>7290000523514</ItemCode>
      <ItemType>1</ItemType>
      <ItemName>מלח ים יבש מופחת נתרן מלח הארץ (250 גרם)</ItemName>
      <ManufactureName>תה ויסוצקי (ישראל) בעמ</ManufactureName>
      <ManufactureCountry />
      <ManufactureItemDescription />
      <UnitQty>יח`</UnitQty>
      <Quantity>200</Quantity>
      <UnitMeasure>גרם</UnitMeasure>
      <BisWeighted>0</BisWeighted>
      <QtyInPackage>1</QtyInPackage>
      <ItemPrice>10.50</ItemPrice>
      <UnitOfMeasurePrice>5.25</UnitOfMeasurePrice>
      <AllowDiscount>0</AllowDiscount>
      <itemStatus>1</itemStatus>
      <LastUpdateDate />
      <LastUpdateTime />
    </Product>
    <Product>
      <PriceUpdateDate>2019/03/06 09:28</PriceUpdateDate>
      <ItemCode>7290000523804</ItemCode>
      <ItemType>1</ItemType>
      <ItemName>מלח עדין מלח הארץ (1 קג)</ItemName>
      <ManufactureName>תה ויסוצקי (ישראל) בעמ</ManufactureName>
      <ManufactureCountry />
      <ManufactureItemDescription />
      <UnitQty>יח`</UnitQty>
      <Quantity>1</Quantity>
      <UnitMeasure>ק"ג</UnitMeasure>
      <BisWeighted>0</BisWeighted>
      <QtyInPackage>1</QtyInPackage>
      <ItemPrice>7.20</ItemPrice>
      <UnitOfMeasurePrice>7.20</UnitOfMeasurePrice>
      <AllowDiscount>0</AllowDiscount>
      <itemStatus>1</itemStatus>
      <LastUpdateDate />
      <LastUpdateTime />
    </Product>
    <Product>
      <PriceUpdateDate>2019/03/06 09:28</PriceUpdateDate>
      <ItemCode>7290000523811</ItemCode>
      <ItemType>1</ItemType>
      <ItemName>מלח גס מלח הארץ (1 קג)</ItemName>
      <ManufactureName>תה ויסוצקי (ישראל) בעמ</ManufactureName>
      <ManufactureCountry />
      <ManufactureItemDescription />
      <UnitQty>יח`</UnitQty>
      <Quantity>1</Quantity>
      <UnitMeasure>ק"ג</UnitMeasure>
      <BisWeighted>0</BisWeighted>
      <QtyInPackage>1</QtyInPackage>
      <ItemPrice>7.50</ItemPrice>
      <UnitOfMeasurePrice>7.50</UnitOfMeasurePrice>
      <AllowDiscount>0</AllowDiscount>
      <itemStatus>1</itemStatus>
      <LastUpdateDate />
      <LastUpdateTime />
    </Product>
    <Product>
      <PriceUpdateDate>2013/12/31 12:18</PriceUpdateDate>
      <ItemCode>7290000524191</ItemCode>
      <ItemType>1</ItemType>
      <ItemName>כעכים עוגיות מלוחות/מתוקות </ItemName>
      <ManufactureName>שיבולים יצור ושיווק מוצרי מאפה</ManufactureName>
      <ManufactureCountry />
      <ManufactureItemDescription />
      <UnitQty>יח`</UnitQty>
      <Quantity>350</Quantity>
      <UnitMeasure>גרם</UnitMeasure>
      <BisWeighted>0</BisWeighted>
      <QtyInPackage>1</QtyInPackage>
      <ItemPrice>14</ItemPrice>
      <UnitOfMeasurePrice>4</UnitOfMeasurePrice>
      <AllowDiscount>0</AllowDiscount>
      <itemStatus>1</itemStatus>
      <LastUpdateDate />
      <LastUpdateTime />
    </Product>
    <Product>
      <PriceUpdateDate>2015/12/02 11:05</PriceUpdateDate>
      <ItemCode>7290000525969</ItemCode>
      <ItemType>1</ItemType>
      <ItemName>מיץ תפוזים סחוט טבעי פרימור (1 ליטר)</ItemName>
      <ManufactureName>שטראוס גרופ בעמ/מצונן</ManufactureName>
      <ManufactureCountry />
      <ManufactureItemDescription />
      <UnitQty>יח`</UnitQty>
      <Quantity>1</Quantity>
      <UnitMeasure>1 ליטר</UnitMeasure>
      <BisWeighted>0</BisWeighted>
      <QtyInPackage>1</QtyInPackage>
      <ItemPrice>16.20</ItemPrice>
      <UnitOfMeasurePrice>16.20</UnitOfMeasurePrice>
      <AllowDiscount>0</AllowDiscount>
      <itemStatus>1</itemStatus>
      <LastUpdateDate />
      <LastUpdateTime />
    </Product>
    <Product>
      <PriceUpdateDate>2014/05/11 18:40</PriceUpdateDate>
      <ItemCode>7290000530086</ItemCode>
      <ItemType>1</ItemType>
      <ItemName>נקניק סלמי מעושן 7000 זוגלובק (600 גרם)</ItemName>
      <ManufactureName>זוגלובק שיווק בעמ</ManufactureName>
      <ManufactureCountry />
      <ManufactureItemDescription />
      <UnitQty>יח`</UnitQty>
      <Quantity>800</Quantity>
      <UnitMeasure>גרם</UnitMeasure>
      <BisWeighted>0</BisWeighted>
      <QtyInPackage>1</QtyInPackage>
      <ItemPrice>34.90</ItemPrice>
      <UnitOfMeasurePrice>4.36</UnitOfMeasurePrice>
      <AllowDiscount>0</AllowDiscount>
      <itemStatus>1</itemStatus>
      <LastUpdateDate />
      <LastUpdateTime />
    </Product>
    <Product>
      <PriceUpdateDate>2017/09/12 10:38</PriceUpdateDate>
      <ItemCode>7290000530116</ItemCode>
      <ItemType>1</ItemType>
      <ItemName>נקניק סלמי בשן זוגלובק (470 גרם)</ItemName>
      <ManufactureName>זוגלובק שיווק בעמ</ManufactureName>
      <ManufactureCountry />
      <ManufactureItemDescription />
      <UnitQty>יח`</UnitQty>
      <Quantity>700</Quantity>
      <UnitMeasure>גרם</UnitMeasure>
      <BisWeighted>0</BisWeighted>
      <QtyInPackage>1</QtyInPackage>
      <ItemPrice>28.90</ItemPrice>
      <UnitOfMeasurePrice>4.13</UnitOfMeasurePrice>
      <AllowDiscount>0</AllowDiscount>
      <itemStatus>1</itemStatus>
      <LastUpdateDate />
      <LastUpdateTime />
    </Product>
    <Product>
      <PriceUpdateDate>2017/03/30 08:34</PriceUpdateDate>
      <ItemCode>7290000530413</ItemCode>
      <ItemType>1</ItemType>
      <ItemName>המבורגר זהב</ItemName>
      <ManufactureName>זוגלובק שיווק בעמ</ManufactureName>
      <ManufactureCountry />
      <ManufactureItemDescription />
      <UnitQty>יח`</UnitQty>
      <Quantity>400</Quantity>
      <UnitMeasure>גרם</UnitMeasure>
      <BisWeighted>0</BisWeighted>
      <QtyInPackage>1</QtyInPackage>
      <ItemPrice>19.90</ItemPrice>
      <UnitOfMeasurePrice>4.98</UnitOfMeasurePrice>
      <AllowDiscount>0</AllowDiscount>
      <itemStatus>1</itemStatus>
      <LastUpdateDate />
      <LastUpdateTime />
    </Product>
    <Product>
      <PriceUpdateDate>2015/05/01 08:13</PriceUpdateDate>
      <ItemCode>7290000530468</ItemCode>
      <ItemType>1</ItemType>
      <ItemName>נקניקיות וניר 1 קג` זוגלובק</ItemName>
      <ManufactureName>זוגלובק שיווק בעמ</ManufactureName>
      <ManufactureCountry />
      <ManufactureItemDescription />
      <UnitQty>יח`</UnitQty>
      <Quantity>1</Quantity>
      <UnitMeasure>ק"ג</UnitMeasure>
      <BisWeighted>0</BisWeighted>
      <QtyInPackage>1</QtyInPackage>
      <ItemPrice>29.90</ItemPrice>
      <UnitOfMeasurePrice>29.90</UnitOfMeasurePrice>
      <AllowDiscount>1</AllowDiscount>
      <itemStatus>1</itemStatus>
      <LastUpdateDate />
      <LastUpdateTime />
    </Product>
    <Product>
      <PriceUpdateDate>2015/05/27 18:54</PriceUpdateDate>
      <ItemCode>7290000530598</ItemCode>
      <ItemType>1</ItemType>
      <ItemName>נקניקיות וינר זוגלובק (500 גרם)</ItemName>
      <ManufactureName>זוגלובק שיווק בעמ</ManufactureName>
      <ManufactureCountry />
      <ManufactureItemDescription />
      <UnitQty>יח`</UnitQty>
      <Quantity>500</Quantity>
      <UnitMeasure>גרם</UnitMeasure>
      <BisWeighted>0</BisWeighted>
      <QtyInPackage>1</QtyInPackage>
      <ItemPrice>16.90</ItemPrice>
      <UnitOfMeasurePrice>3.38</UnitOfMeasurePrice>
      <AllowDiscount>1</AllowDiscount>
      <itemStatus>1</itemStatus>
      <LastUpdateDate />
      <LastUpdateTime />
    </Product>
    <Product>
      <PriceUpdateDate>2015/12/03 11:43</PriceUpdateDate>
      <ItemCode>7290000530604</ItemCode>
      <ItemType>1</ItemType>
      <ItemName>גוליבר חריפות 400 גר` זוגלובק</ItemName>
      <ManufactureName>זוגלובק שיווק בעמ</ManufactureName>
      <ManufactureCountry />
      <ManufactureItemDescription />
      <UnitQty>יח`</UnitQty>
      <Quantity>400</Quantity>
      <UnitMeasure>גרם</UnitMeasure>
      <BisWeighted>0</BisWeighted>
      <QtyInPackage>1</QtyInPackage>
      <ItemPrice>17.90</ItemPrice>
      <UnitOfMeasurePrice>4.48</UnitOfMeasurePrice>
      <AllowDiscount>1</AllowDiscount>
      <itemStatus>1</itemStatus>
      <LastUpdateDate />
      <LastUpdateTime />
    </Product>
    <Product>
      <PriceUpdateDate>2015/06/29 18:25</PriceUpdateDate>
      <ItemCode>7290000530703</ItemCode>
      <ItemType>1</ItemType>
      <ItemName>מארז פסטרמה חרמון+תה</ItemName>
      <ManufactureName>זוגלובק שיווק בעמ</ManufactureName>
      <ManufactureCountry />
      <ManufactureItemDescription />
      <UnitQty>יח`</UnitQty>
      <Quantity>800</Quantity>
      <UnitMeasure>גרם</UnitMeasure>
      <BisWeighted>0</BisWeighted>
      <QtyInPackage>1</QtyInPackage>
      <ItemPrice>33.90</ItemPrice>
      <UnitOfMeasurePrice>4.24</UnitOfMeasurePrice>
      <AllowDiscount>1</AllowDiscount>
      <itemStatus>1</itemStatus>
      <LastUpdateDate />
      <LastUpdateTime />
    </Product>
    <Product>
      <PriceUpdateDate>2017/03/30 08:34</PriceUpdateDate>
      <ItemCode>7290000531601</ItemCode>
      <ItemType>1</ItemType>
      <ItemName>סטייק בורגר</ItemName>
      <ManufactureName>זוגלובק שיווק בעמ</ManufactureName>
      <ManufactureCountry />
      <ManufactureItemDescription />
      <UnitQty>יח`</UnitQty>
      <Quantity>400</Quantity>
      <UnitMeasure>גרם</UnitMeasure>
      <BisWeighted>0</BisWeighted>
      <QtyInPackage>1</QtyInPackage>
      <ItemPrice>19.90</ItemPrice>
      <UnitOfMeasurePrice>4.98</UnitOfMeasurePrice>
      <AllowDiscount>0</AllowDiscount>
      <itemStatus>1</itemStatus>
      <LastUpdateDate />
      <LastUpdateTime />
    </Product>
    <Product>
      <PriceUpdateDate>2015/06/04 15:51</PriceUpdateDate>
      <ItemCode>7290000531977</ItemCode>
      <ItemType>1</ItemType>
      <ItemName>בורקס גבינה זוגלובק (16 יח` - 800 גרם)</ItemName>
      <ManufactureName>זוגלובק שיווק בעמ</ManufactureName>
      <ManufactureCountry />
      <ManufactureItemDescription />
      <UnitQty>יח`</UnitQty>
      <Quantity>800</Quantity>
      <UnitMeasure>גרם</UnitMeasure>
      <BisWeighted>0</BisWeighted>
      <QtyInPackage>1</QtyInPackage>
      <ItemPrice>19.90</ItemPrice>
      <UnitOfMeasurePrice>2.49</UnitOfMeasurePrice>
      <AllowDiscount>1</AllowDiscount>
      <itemStatus>1</itemStatus>
      <LastUpdateDate />
      <LastUpdateTime />
    </Product>
    <Product>
      <PriceUpdateDate>2015/12/08 07:27</PriceUpdateDate>
      <ItemCode>7290000532479</ItemCode>
      <ItemType>1</ItemType>
      <ItemName>נקנקיות חריפות 1</ItemName>
      <ManufactureName>זוגלובק שיווק בעמ</ManufactureName>
      <ManufactureCountry />
      <ManufactureItemDescription />
      <UnitQty>יח`</UnitQty>
      <Quantity>1</Quantity>
      <UnitMeasure>ק"ג</UnitMeasure>
      <BisWeighted>0</BisWeighted>
      <QtyInPackage>1</QtyInPackage>
      <ItemPrice>32.90</ItemPrice>
      <UnitOfMeasurePrice>32.90</UnitOfMeasurePrice>
      <AllowDiscount>1</AllowDiscount>
      <itemStatus>1</itemStatus>
      <LastUpdateDate />
      <LastUpdateTime />
    </Product>
    <Product>
      <PriceUpdateDate>2014/08/29 09:07</PriceUpdateDate>
      <ItemCode>7290000533353</ItemCode>
      <ItemType>1</ItemType>
      <ItemName>בצק עלים זוגלובק</ItemName>
      <ManufactureName>זוגלובק שיווק בעמ</ManufactureName>
      <ManufactureCountry />
      <ManufactureItemDescription />
      <UnitQty>יח`</UnitQty>
      <Quantity>1</Quantity>
      <UnitMeasure>ק"ג</UnitMeasure>
      <BisWeighted>0</BisWeighted>
      <QtyInPackage>1</QtyInPackage>
      <ItemPrice>19.90</ItemPrice>
      <UnitOfMeasurePrice>19.90</UnitOfMeasurePrice>
      <AllowDiscount>1</AllowDiscount>
      <itemStatus>1</itemStatus>
      <LastUpdateDate />
      <LastUpdateTime />
    </Product>
    <Product>
      <PriceUpdateDate>2015/05/19 15:32</PriceUpdateDate>
      <ItemCode>7290000536774</ItemCode>
      <ItemType>1</ItemType>
      <ItemName>טבע נקניקיה זוגלובק (1 קג)</ItemName>
      <ManufactureName>זוגלובק שיווק בעמ</ManufactureName>
      <ManufactureCountry />
      <ManufactureItemDescription />
      <UnitQty>יח`</UnitQty>
      <Quantity>1</Quantity>
      <UnitMeasure>ק"ג</UnitMeasure>
      <BisWeighted>0</BisWeighted>
      <QtyInPackage>1</QtyInPackage>
      <ItemPrice>39.90</ItemPrice>
      <UnitOfMeasurePrice>39.90</UnitOfMeasurePrice>
      <AllowDiscount>0</AllowDiscount>
      <itemStatus>1</itemStatus>
      <LastUpdateDate />
      <LastUpdateTime />
    </Product>
    <Product>
      <PriceUpdateDate>2014/05/11 18:40</PriceUpdateDate>
      <ItemCode>7290000537566</ItemCode>
      <ItemType>1</ItemType>
      <ItemName>נקניקיות עוף זוגלובק (400 גרם)</ItemName>
      <ManufactureName>זוגלובק שיווק בעמ</ManufactureName>
      <ManufactureCountry />
      <ManufactureItemDescription />
      <UnitQty>יח`</UnitQty>
      <Quantity>400</Quantity>
      <UnitMeasure>גרם</UnitMeasure>
      <BisWeighted>0</BisWeighted>
      <QtyInPackage>1</QtyInPackage>
      <ItemPrice>13.90</ItemPrice>
      <UnitOfMeasurePrice>3.48</UnitOfMeasurePrice>
      <AllowDiscount>1</AllowDiscount>
      <itemStatus>1</itemStatus>
      <LastUpdateDate />
      <LastUpdateTime />
    </Product>
    <Product>
      <PriceUpdateDate>2015/05/01 08:13</PriceUpdateDate>
      <ItemCode>7290000537603</ItemCode>
      <ItemType>1</ItemType>
      <ItemName>נקניקיות עוף זוגלובק (1 קג)</ItemName>
      <ManufactureName>זוגלובק שיווק בעמ</ManufactureName>
      <ManufactureCountry />
      <ManufactureItemDescription />
      <UnitQty>יח`</UnitQty>
      <Quantity>1</Quantity>
      <UnitMeasure>ק"ג</UnitMeasure>
      <BisWeighted>0</BisWeighted>
      <QtyInPackage>1</QtyInPackage>
      <ItemPrice>29.90</ItemPrice>
      <UnitOfMeasurePrice>29.90</UnitOfMeasurePrice>
      <AllowDiscount>1</AllowDiscount>
      <itemStatus>1</itemStatus>
      <LastUpdateDate />
      <LastUpdateTime />
    </Product>
    <Product>
      <PriceUpdateDate>2014/05/11 18:40</PriceUpdateDate>
      <ItemCode>7290000538709</ItemCode>
      <ItemType>1</ItemType>
      <ItemName>תה מעושן 200</ItemName>
      <ManufactureName>זוגלובק שיווק בעמ</ManufactureName>
      <ManufactureCountry />
      <ManufactureItemDescription />
      <UnitQty>יח`</UnitQty>
      <Quantity>200</Quantity>
      <UnitMeasure>גרם</UnitMeasure>
      <BisWeighted>0</BisWeighted>
      <QtyInPackage>1</QtyInPackage>
      <ItemPrice>14.90</ItemPrice>
      <UnitOfMeasurePrice>7.45</UnitOfMeasurePrice>
      <AllowDiscount>0</AllowDiscount>
      <itemStatus>1</itemStatus>
      <LastUpdateDate />
      <LastUpdateTime />
    </Product>
    <Product>
      <PriceUpdateDate>2015/04/30 10:18</PriceUpdateDate>
      <ItemCode>7290000552118</ItemCode>
      <ItemType>1</ItemType>
      <ItemName>נקניקיות מרגז קפואות טיבון ויל (400 גרם)</ItemName>
      <ManufactureName>נטו מלינדה סחר בעמ</ManufactureName>
      <ManufactureCountry />
      <ManufactureItemDescription />
      <UnitQty>יח`</UnitQty>
      <Quantity>400</Quantity>
      <UnitMeasure>גרם</UnitMeasure>
      <BisWeighted>0</BisWeighted>
      <QtyInPackage>1</QtyInPackage>
      <ItemPrice>21.90</ItemPrice>
      <UnitOfMeasurePrice>5.48</UnitOfMeasurePrice>
      <AllowDiscount>0</AllowDiscount>
      <itemStatus>1</itemStatus>
      <LastUpdateDate />
      <LastUpdateTime />
    </Product>
    <Product>
      <PriceUpdateDate>2019/02/03 12:21</PriceUpdateDate>
      <ItemCode>7290000552569</ItemCode>
      <ItemType>1</ItemType>
      <ItemName>סטייק בורגר 400 גר` טיבונוויל</ItemName>
      <ManufactureName>נטו מלינדה סחר בעמ</ManufactureName>
      <ManufactureCountry />
      <ManufactureItemDescription />
      <UnitQty>יח`</UnitQty>
      <Quantity>400</Quantity>
      <UnitMeasure>גרם</UnitMeasure>
      <BisWeighted>0</BisWeighted>
      <QtyInPackage>1</QtyInPackage>
      <ItemPrice>20.90</ItemPrice>
      <UnitOfMeasurePrice>5.23</UnitOfMeasurePrice>
      <AllowDiscount>1</AllowDiscount>
      <itemStatus>1</itemStatus>
      <LastUpdateDate />
      <LastUpdateTime />
    </Product>
    <Product>
      <PriceUpdateDate>2018/03/01 13:07</PriceUpdateDate>
      <ItemCode>7290000552927</ItemCode>
      <ItemType>1</ItemType>
      <ItemName>בשר עוף קפוא טחון טיבון ויל (500 גרם)</ItemName>
      <ManufactureName>נטו מלינדה סחר בעמ</ManufactureName>
      <ManufactureCountry />
      <ManufactureItemDescription />
      <UnitQty>יח`</UnitQty>
      <Quantity>500</Quantity>
      <UnitMeasure>גרם</UnitMeasure>
      <BisWeighted>0</BisWeighted>
      <QtyInPackage>1</QtyInPackage>
      <ItemPrice>12.90</ItemPrice>
      <UnitOfMeasurePrice>2.58</UnitOfMeasurePrice>
      <AllowDiscount>1</AllowDiscount>
      <itemStatus>1</itemStatus>
      <LastUpdateDate />
      <LastUpdateTime />
    </Product>
    <Product>
      <PriceUpdateDate>2018/03/01 13:07</PriceUpdateDate>
      <ItemCode>7290000552934</ItemCode>
      <ItemType>1</ItemType>
      <ItemName>בשר הודו קפוא טחון טיבון ויל (500 גרם)</ItemName>
      <ManufactureName>נטו מלינדה סחר בעמ</ManufactureName>
      <ManufactureCountry />
      <ManufactureItemDescription />
      <UnitQty>יח`</UnitQty>
      <Quantity>500</Quantity>
      <UnitMeasure>גרם</UnitMeasure>
      <BisWeighted>0</BisWeighted>
      <QtyInPackage>1</QtyInPackage>
      <ItemPrice>12.90</ItemPrice>
      <UnitOfMeasurePrice>2.58</UnitOfMeasurePrice>
      <AllowDiscount>1</AllowDiscount>
      <itemStatus>1</itemStatus>
      <LastUpdateDate />
      <LastUpdateTime />
    </Product>
    <Product>
      <PriceUpdateDate>2013/12/31 12:18</PriceUpdateDate>
      <ItemCode>7290000554402</ItemCode>
      <ItemType>1</ItemType>
      <ItemName>מעדן חלב מלבי גד (160 גרם)</ItemName>
      <ManufactureName>מחלבות גד שיווק 1992 בעמ</ManufactureName>
      <ManufactureCountry />
      <ManufactureItemDescription />
      <UnitQty>יח`</UnitQty>
      <Quantity>160</Quantity>
      <UnitMeasure>מ"ל</UnitMeasure>
      <BisWeighted>0</BisWeighted>
      <QtyInPackage>1</QtyInPackage>
      <ItemPrice>5.60</ItemPrice>
      <UnitOfMeasurePrice>3.50</UnitOfMeasurePrice>
      <AllowDiscount>0</AllowDiscount>
      <itemStatus>1</itemStatus>
      <LastUpdateDate />
      <LastUpdateTime />
    </Product>
    <Product>
      <PriceUpdateDate>2015/03/02 08:57</PriceUpdateDate>
      <ItemCode>7290000554457</ItemCode>
      <ItemType>1</ItemType>
      <ItemName>גבינה צפתית 5% גד (350 גרם)</ItemName>
      <ManufactureName>מחלבות גד שיווק 1992 בעמ</ManufactureName>
      <ManufactureCountry />
      <ManufactureItemDescription />
      <UnitQty>יח`</UnitQty>
      <Quantity>350</Quantity>
      <UnitMeasure>גרם</UnitMeasure>
      <BisWeighted>0</BisWeighted>
      <QtyInPackage>1</QtyInPackage>
      <ItemPrice>21.90</ItemPrice>
      <UnitOfMeasurePrice>6.26</UnitOfMeasurePrice>
      <AllowDiscount>0</AllowDiscount>
      <itemStatus>1</itemStatus>
      <LastUpdateDate />
      <LastUpdateTime />
    </Product>
    <Product>
      <PriceUpdateDate>2015/01/13 08:39</PriceUpdateDate>
      <ItemCode>7290000554471</ItemCode>
      <ItemType>1</ItemType>
      <ItemName>גבינה מוצרלה 22% גד (180 גרם)</ItemName>
      <ManufactureName>מחלבות גד שיווק 1992 בעמ</ManufactureName>
      <ManufactureCountry />
      <ManufactureItemDescription />
      <UnitQty>יח`</UnitQty>
      <Quantity>180</Quantity>
      <UnitMeasure>גרם</UnitMeasure>
      <BisWeighted>0</BisWeighted>
      <QtyInPackage>1</QtyInPackage>
      <ItemPrice>16.90</ItemPrice>
      <UnitOfMeasurePrice>9.39</UnitOfMeasurePrice>
      <AllowDiscount>0</AllowDiscount>
      <itemStatus>1</itemStatus>
      <LastUpdateDate />
      <LastUpdateTime />
    </Product>
    <Product>
      <PriceUpdateDate>2015/04/13 12:42</PriceUpdateDate>
      <ItemCode>7290000554532</ItemCode>
      <ItemType>1</ItemType>
      <ItemName>גבינה צפתית מעודנת 5% גד (200 גרם)</ItemName>
      <ManufactureName>מחלבות גד שיווק 1992 בעמ</ManufactureName>
      <ManufactureCountry />
      <ManufactureItemDescription />
      <UnitQty>יח`</UnitQty>
      <Quantity>200</Quantity>
      <UnitMeasure>גרם</UnitMeasure>
      <BisWeighted>0</BisWeighted>
      <QtyInPackage>1</QtyInPackage>
      <ItemPrice>14.90</ItemPrice>
      <UnitOfMeasurePrice>7.45</UnitOfMeasurePrice>
      <AllowDiscount>0</AllowDiscount>
      <itemStatus>1</itemStatus>
      <LastUpdateDate />
      <LastUpdateTime />
    </Product>
    <Product>
      <PriceUpdateDate>2019/02/03 12:22</PriceUpdateDate>
      <ItemCode>7290000554600</ItemCode>
      <ItemType>1</ItemType>
      <ItemName>מוצרלה מגורדת 22% גד (300 גרם)</ItemName>
      <ManufactureName>מחלבות גד שיווק 1992 בעמ</ManufactureName>
      <ManufactureCountry />
      <ManufactureItemDescription />
      <UnitQty>יח`</UnitQty>
      <Quantity>300</Quantity>
      <UnitMeasure>גרם</UnitMeasure>
      <BisWeighted>0</BisWeighted>
      <QtyInPackage>1</QtyInPackage>
      <ItemPrice>24.50</ItemPrice>
      <UnitOfMeasurePrice>8.17</UnitOfMeasurePrice>
      <AllowDiscount>0</AllowDiscount>
      <itemStatus>1</itemStatus>
      <LastUpdateDate />
      <LastUpdateTime />
    </Product>
    <Product>
      <PriceUpdateDate>2014/08/28 12:21</PriceUpdateDate>
      <ItemCode>7290000554686</ItemCode>
      <ItemType>1</ItemType>
      <ItemName>לבנה בשמן זית-גד - מדף</ItemName>
      <ManufactureName>מחלבות גד שיווק 1992 בעמ</ManufactureName>
      <ManufactureCountry />
      <ManufactureItemDescription />
      <UnitQty>יח`</UnitQty>
      <Quantity>250</Quantity>
      <UnitMeasure>גרם</UnitMeasure>
      <BisWeighted>0</BisWeighted>
      <QtyInPackage>1</QtyInPackage>
      <ItemPrice>13.90</ItemPrice>
      <UnitOfMeasurePrice>5.56</UnitOfMeasurePrice>
      <AllowDiscount>0</AllowDiscount>
      <itemStatus>1</itemStatus>
      <LastUpdateDate />
      <LastUpdateTime />
    </Product>
    <Product>
      <PriceUpdateDate>2018/10/10 11:10</PriceUpdateDate>
      <ItemCode>7290000554822</ItemCode>
      <ItemType>1</ItemType>
      <ItemName>גבינת ריקוטה 5% גד (250 גרם)</ItemName>
      <ManufactureName>מחלבות גד שיווק 1992 בעמ</ManufactureName>
      <ManufactureCountry />
      <ManufactureItemDescription />
      <UnitQty>יח`</UnitQty>
      <Quantity>250</Quantity>
      <UnitMeasure>גרם</UnitMeasure>
      <BisWeighted>0</BisWeighted>
      <QtyInPackage>1</QtyInPackage>
      <ItemPrice>14.90</ItemPrice>
      <UnitOfMeasurePrice>5.96</UnitOfMeasurePrice>
      <AllowDiscount>0</AllowDiscount>
      <itemStatus>1</itemStatus>
      <LastUpdateDate />
      <LastUpdateTime />
    </Product>
    <Product>
      <PriceUpdateDate>2018/10/10 11:10</PriceUpdateDate>
      <ItemCode>7290000554839</ItemCode>
      <ItemType>1</ItemType>
      <ItemName>גבינת מסקרפונה 40% גד (250 גרם)</ItemName>
      <ManufactureName>מחלבות גד שיווק 1992 בעמ</ManufactureName>
      <ManufactureCountry />
      <ManufactureItemDescription />
      <UnitQty>יח`</UnitQty>
      <Quantity>250</Quantity>
      <UnitMeasure>גרם</UnitMeasure>
      <BisWeighted>0</BisWeighted>
      <QtyInPackage>1</QtyInPackage>
      <ItemPrice>21.90</ItemPrice>
      <UnitOfMeasurePrice>8.76</UnitOfMeasurePrice>
      <AllowDiscount>1</AllowDiscount>
      <itemStatus>1</itemStatus>
      <LastUpdateDate />
      <LastUpdateTime />
    </Product>
    <Product>
      <PriceUpdateDate>2015/12/01 15:22</PriceUpdateDate>
      <ItemCode>7290000560540</ItemCode>
      <ItemType>1</ItemType>
      <ItemName>ג`ל גילוח לעור רגיש אדג` (198 גרם)</ItemName>
      <ManufactureName>דנשר (1963) בעמ</ManufactureName>
      <ManufactureCountry />
      <ManufactureItemDescription />
      <UnitQty>יח`</UnitQty>
      <Quantity>200</Quantity>
      <UnitMeasure>גרם</UnitMeasure>
      <BisWeighted>0</BisWeighted>
      <QtyInPackage>1</QtyInPackage>
      <ItemPrice>19.90</ItemPrice>
      <UnitOfMeasurePrice>9.95</UnitOfMeasurePrice>
      <AllowDiscount>1</AllowDiscount>
      <itemStatus>1</itemStatus>
      <LastUpdateDate />
      <LastUpdateTime />
    </Product>
    <Product>
      <PriceUpdateDate>2018/07/19 20:10</PriceUpdateDate>
      <ItemCode>7290000561097</ItemCode>
      <ItemType>1</ItemType>
      <ItemName>תערובת פיצוחים מובחרת 150 גר` פיצוחי חממ</ItemName>
      <ManufactureName>בוטנת בעמ</ManufactureName>
      <ManufactureCountry />
      <ManufactureItemDescription />
      <UnitQty>יח`</UnitQty>
      <Quantity>150</Quantity>
      <UnitMeasure>גרם</UnitMeasure>
      <BisWeighted>0</BisWeighted>
      <QtyInPackage>1</QtyInPackage>
      <ItemPrice>15.90</ItemPrice>
      <UnitOfMeasurePrice>10.60</UnitOfMeasurePrice>
      <AllowDiscount>1</AllowDiscount>
      <itemStatus>1</itemStatus>
      <LastUpdateDate />
      <LastUpdateTime />
    </Product>
    <Product>
      <PriceUpdateDate>2017/01/16 08:05</PriceUpdateDate>
      <ItemCode>7290000561158</ItemCode>
      <ItemType>1</ItemType>
      <ItemName>תערובת אגוזים וחמוציות חממה (150 גרם)</ItemName>
      <ManufactureName>בוטנת בעמ</ManufactureName>
      <ManufactureCountry />
      <ManufactureItemDescription />
      <UnitQty>יח`</UnitQty>
      <Quantity>150</Quantity>
      <UnitMeasure>גרם</UnitMeasure>
      <BisWeighted>0</BisWeighted>
      <QtyInPackage>1</QtyInPackage>
      <ItemPrice>12.90</ItemPrice>
      <UnitOfMeasurePrice>8.60</UnitOfMeasurePrice>
      <AllowDiscount>1</AllowDiscount>
      <itemStatus>1</itemStatus>
      <LastUpdateDate />
      <LastUpdateTime />
    </Product>
    <Product>
      <PriceUpdateDate>2014/12/24 10:49</PriceUpdateDate>
      <ItemCode>7290000561202</ItemCode>
      <ItemType>1</ItemType>
      <ItemName>גרעין חמניה 200 גר` חממה</ItemName>
      <ManufactureName>בוטנת בעמ</ManufactureName>
      <ManufactureCountry />
      <ManufactureItemDescription />
      <UnitQty>יח`</UnitQty>
      <Quantity>200</Quantity>
      <UnitMeasure>גרם</UnitMeasure>
      <BisWeighted>0</BisWeighted>
      <QtyInPackage>1</QtyInPackage>
      <ItemPrice>5.90</ItemPrice>
      <UnitOfMeasurePrice>2.95</UnitOfMeasurePrice>
      <AllowDiscount>0</AllowDiscount>
      <itemStatus>1</itemStatus>
      <LastUpdateDate />
      <LastUpdateTime />
    </Product>
    <Product>
      <PriceUpdateDate>2015/01/18 11:39</PriceUpdateDate>
      <ItemCode>7290000561233</ItemCode>
      <ItemType>1</ItemType>
      <ItemName>בוטן קלוף קלוי פיצוחי חממה (200 גרם)</ItemName>
      <ManufactureName>בוטנת בעמ</ManufactureName>
      <ManufactureCountry />
      <ManufactureItemDescription />
      <UnitQty>יח`</UnitQty>
      <Quantity>200</Quantity>
      <UnitMeasure>גרם</UnitMeasure>
      <BisWeighted>0</BisWeighted>
      <QtyInPackage>1</QtyInPackage>
      <ItemPrice>6.90</ItemPrice>
      <UnitOfMeasurePrice>3.45</UnitOfMeasurePrice>
      <AllowDiscount>0</AllowDiscount>
      <itemStatus>1</itemStatus>
      <LastUpdateDate />
      <LastUpdateTime />
    </Product>
    <Product>
      <PriceUpdateDate>2014/12/24 10:49</PriceUpdateDate>
      <ItemCode>7290000561240</ItemCode>
      <ItemType>1</ItemType>
      <ItemName>גרעיני דלעת קלויים פיצוחי חממה (200 גרם)</ItemName>
      <ManufactureName>בוטנת בעמ</ManufactureName>
      <ManufactureCountry />
      <ManufactureItemDescription />
      <UnitQty>יח`</UnitQty>
      <Quantity>200</Quantity>
      <UnitMeasure>גרם</UnitMeasure>
      <BisWeighted>0</BisWeighted>
      <QtyInPackage>1</QtyInPackage>
      <ItemPrice>7.90</ItemPrice>
      <UnitOfMeasurePrice>3.95</UnitOfMeasurePrice>
      <AllowDiscount>0</AllowDiscount>
      <itemStatus>1</itemStatus>
      <LastUpdateDate />
      <LastUpdateTime />
    </Product>
    <Product>
      <PriceUpdateDate>2019/03/03 14:06</PriceUpdateDate>
      <ItemCode>7290000561332</ItemCode>
      <ItemType>1</ItemType>
      <ItemName>אגוזי מלך קלופים 150 גר` פיצוחי חממה</ItemName>
      <ManufactureName>בוטנת בעמ</ManufactureName>
      <ManufactureCountry />
      <ManufactureItemDescription />
      <UnitQty>יח`</UnitQty>
      <Quantity>150</Quantity>
      <UnitMeasure>גרם</UnitMeasure>
      <BisWeighted>0</BisWeighted>
      <QtyInPackage>1</QtyInPackage>
      <ItemPrice>9.90</ItemPrice>
      <UnitOfMeasurePrice>6.60</UnitOfMeasurePrice>
      <AllowDiscount>0</AllowDiscount>
      <itemStatus>1</itemStatus>
      <LastUpdateDate />
      <LastUpdateTime />
    </Product>
    <Product>
      <PriceUpdateDate>2015/01/18 11:39</PriceUpdateDate>
      <ItemCode>7290000561363</ItemCode>
      <ItemType>1</ItemType>
      <ItemName>גרעין אבטיח 200 גר`</ItemName>
      <ManufactureName>בוטנת בעמ</ManufactureName>
      <ManufactureCountry />
      <ManufactureItemDescription />
      <UnitQty>יח`</UnitQty>
      <Quantity>200</Quantity>
      <UnitMeasure>גרם</UnitMeasure>
      <BisWeighted>0</BisWeighted>
      <QtyInPackage>1</QtyInPackage>
      <ItemPrice>13.90</ItemPrice>
      <UnitOfMeasurePrice>6.95</UnitOfMeasurePrice>
      <AllowDiscount>0</AllowDiscount>
      <itemStatus>1</itemStatus>
      <LastUpdateDate />
      <LastUpdateTime />
    </Product>
    <Product>
      <PriceUpdateDate>2015/01/18 11:39</PriceUpdateDate>
      <ItemCode>7290000561462</ItemCode>
      <ItemType>1</ItemType>
      <ItemName>בננה צ`יפס 200 גר`</ItemName>
      <ManufactureName>בוטנת בעמ</ManufactureName>
      <ManufactureCountry />
      <ManufactureItemDescription />
      <UnitQty>יח`</UnitQty>
      <Quantity>200</Quantity>
      <UnitMeasure>גרם</UnitMeasure>
      <BisWeighted>0</BisWeighted>
      <QtyInPackage>1</QtyInPackage>
      <ItemPrice>7.90</ItemPrice>
      <UnitOfMeasurePrice>3.95</UnitOfMeasurePrice>
      <AllowDiscount>0</AllowDiscount>
      <itemStatus>1</itemStatus>
      <LastUpdateDate />
      <LastUpdateTime />
    </Product>
    <Product>
      <PriceUpdateDate>2016/08/04 11:13</PriceUpdateDate>
      <ItemCode>7290000572055</ItemCode>
      <ItemType>1</ItemType>
      <ItemName>חלבה ללא סוכר עם סיבים ואגוזים</ItemName>
      <ManufactureName>אחדות בעמ</ManufactureName>
      <ManufactureCountry />
      <ManufactureItemDescription />
      <UnitQty>יח`</UnitQty>
      <Quantity>400</Quantity>
      <UnitMeasure>גרם</UnitMeasure>
      <BisWeighted>0</BisWeighted>
      <QtyInPackage>1</QtyInPackage>
      <ItemPrice>14.90</ItemPrice>
      <UnitOfMeasurePrice>3.73</UnitOfMeasurePrice>
      <AllowDiscount>0</AllowDiscount>
      <itemStatus>1</itemStatus>
      <LastUpdateDate />
      <LastUpdateTime />
    </Product>
    <Product>
      <PriceUpdateDate>2019/10/29 08:47</PriceUpdateDate>
      <ItemCode>7290000572086</ItemCode>
      <ItemType>1</ItemType>
      <ItemName>טחינה אורגנית 500 גר`</ItemName>
      <ManufactureName>אחדות בעמ</ManufactureName>
      <ManufactureCountry />
      <ManufactureItemDescription />
      <UnitQty>יח`</UnitQty>
      <Quantity>500</Quantity>
      <UnitMeasure>גרם</UnitMeasure>
      <BisWeighted>0</BisWeighted>
      <QtyInPackage>1</QtyInPackage>
      <ItemPrice>11.90</ItemPrice>
      <UnitOfMeasurePrice>2.38</UnitOfMeasurePrice>
      <AllowDiscount>0</AllowDiscount>
      <itemStatus>1</itemStatus>
      <LastUpdateDate />
      <LastUpdateTime />
    </Product>
    <Product>
      <PriceUpdateDate>2015/12/01 09:47</PriceUpdateDate>
      <ItemCode>7290000572208</ItemCode>
      <ItemType>1</ItemType>
      <ItemName>חלבה וניל אחוה (100 גרם)</ItemName>
      <ManufactureName>אחדות בעמ</ManufactureName>
      <ManufactureCountry />
      <ManufactureItemDescription />
      <UnitQty>יח`</UnitQty>
      <Quantity>100</Quantity>
      <UnitMeasure>גרם</UnitMeasure>
      <BisWeighted>0</BisWeighted>
      <QtyInPackage>1</QtyInPackage>
      <ItemPrice>2.90</ItemPrice>
      <UnitOfMeasurePrice>2.90</UnitOfMeasurePrice>
      <AllowDiscount>0</AllowDiscount>
      <itemStatus>1</itemStatus>
      <LastUpdateDate />
      <LastUpdateTime />
    </Product>
    <Product>
      <PriceUpdateDate>2020/01/19 12:05</PriceUpdateDate>
      <ItemCode>7290000572222</ItemCode>
      <ItemType>1</ItemType>
      <ItemName>חלבה וניל אחוה (500 גרם)</ItemName>
      <ManufactureName>אחדות בעמ</ManufactureName>
      <ManufactureCountry />
      <ManufactureItemDescription />
      <UnitQty>יח`</UnitQty>
      <Quantity>500</Quantity>
      <UnitMeasure>גרם</UnitMeasure>
      <BisWeighted>0</BisWeighted>
      <QtyInPackage>1</QtyInPackage>
      <ItemPrice>9.90</ItemPrice>
      <UnitOfMeasurePrice>1.98</UnitOfMeasurePrice>
      <AllowDiscount>0</AllowDiscount>
      <itemStatus>1</itemStatus>
      <LastUpdateDate />
      <LastUpdateTime />
    </Product>
    <Product>
      <PriceUpdateDate>2013/12/24 10:50</PriceUpdateDate>
      <ItemCode>7290000572529</ItemCode>
      <ItemType>1</ItemType>
      <ItemName>חלבה פיסטוק אחוה (400 גרם)</ItemName>
      <ManufactureName>אחדות בעמ</ManufactureName>
      <ManufactureCountry />
      <ManufactureItemDescription />
      <UnitQty>יח`</UnitQty>
      <Quantity>400</Quantity>
      <UnitMeasure>גרם</UnitMeasure>
      <BisWeighted>0</BisWeighted>
      <QtyInPackage>1</QtyInPackage>
      <ItemPrice>12.90</ItemPrice>
      <UnitOfMeasurePrice>3.23</UnitOfMeasurePrice>
      <AllowDiscount>0</AllowDiscount>
      <itemStatus>1</itemStatus>
      <LastUpdateDate />
      <LastUpdateTime />
    </Product>
    <Product>
      <PriceUpdateDate>2013/12/24 10:50</PriceUpdateDate>
      <ItemCode>7290000572536</ItemCode>
      <ItemType>1</ItemType>
      <ItemName>חלבה וניל אחוה (400 גרם)</ItemName>
      <ManufactureName>אחדות בעמ</ManufactureName>
      <ManufactureCountry />
      <ManufactureItemDescription />
      <UnitQty>יח`</UnitQty>
      <Quantity>400</Quantity>
      <UnitMeasure>גרם</UnitMeasure>
      <BisWeighted>0</BisWeighted>
      <QtyInPackage>1</QtyInPackage>
      <ItemPrice>10.90</ItemPrice>
      <UnitOfMeasurePrice>2.73</UnitOfMeasurePrice>
      <AllowDiscount>0</AllowDiscount>
      <itemStatus>1</itemStatus>
      <LastUpdateDate />
      <LastUpdateTime />
    </Product>
    <Product>
      <PriceUpdateDate>2013/12/24 10:50</PriceUpdateDate>
      <ItemCode>7290000572543</ItemCode>
      <ItemType>1</ItemType>
      <ItemName>חלבה שוקו וניל אחוה (400 גרם)</ItemName>
      <ManufactureName>אחדות בעמ</ManufactureName>
      <ManufactureCountry />
      <ManufactureItemDescription />
      <UnitQty>יח`</UnitQty>
      <Quantity>400</Quantity>
      <UnitMeasure>גרם</UnitMeasure>
      <BisWeighted>0</BisWeighted>
      <QtyInPackage>1</QtyInPackage>
      <ItemPrice>10.90</ItemPrice>
      <UnitOfMeasurePrice>2.73</UnitOfMeasurePrice>
      <AllowDiscount>0</AllowDiscount>
      <itemStatus>1</itemStatus>
      <LastUpdateDate />
      <LastUpdateTime />
    </Product>
    <Product>
      <PriceUpdateDate>2016/08/04 11:13</PriceUpdateDate>
      <ItemCode>7290000572628</ItemCode>
      <ItemType>1</ItemType>
      <ItemName>חלבה בקופסא ללא סוכר 11 יח`</ItemName>
      <ManufactureName>אחדות בעמ</ManufactureName>
      <ManufactureCountry />
      <ManufactureItemDescription />
      <UnitQty>יח`</UnitQty>
      <Quantity>276</Quantity>
      <UnitMeasure>גרם</UnitMeasure>
      <BisWeighted>0</BisWeighted>
      <QtyInPackage>1</QtyInPackage>
      <ItemPrice>11.90</ItemPrice>
      <UnitOfMeasurePrice>4.31</UnitOfMeasurePrice>
      <AllowDiscount>0</AllowDiscount>
      <itemStatus>1</itemStatus>
      <LastUpdateDate />
      <LastUpdateTime />
    </Product>
    <Product>
      <PriceUpdateDate>2016/08/04 11:13</PriceUpdateDate>
      <ItemCode>7290000572673</ItemCode>
      <ItemType>1</ItemType>
      <ItemName>חלבה וניל קקאו ואגוזים אחוה (25x12 גרם)</ItemName>
      <ManufactureName>אחדות בעמ</ManufactureName>
      <ManufactureCountry />
      <ManufactureItemDescription />
      <UnitQty>יח`</UnitQty>
      <Quantity>300</Quantity>
      <UnitMeasure>גרם</UnitMeasure>
      <BisWeighted>0</BisWeighted>
      <QtyInPackage>1</QtyInPackage>
      <ItemPrice>11.90</ItemPrice>
      <UnitOfMeasurePrice>3.97</UnitOfMeasurePrice>
      <AllowDiscount>0</AllowDiscount>
      <itemStatus>1</itemStatus>
      <LastUpdateDate />
      <LastUpdateTime />
    </Product>
    <Product>
      <PriceUpdateDate>2016/03/20 10:06</PriceUpdateDate>
      <ItemCode>7290000572819</ItemCode>
      <ItemType>1</ItemType>
      <ItemName>טחינה גולמית אחוה (1 קג)</ItemName>
      <ManufactureName>אחדות בעמ</ManufactureName>
      <ManufactureCountry />
      <ManufactureItemDescription />
      <UnitQty>יח`</UnitQty>
      <Quantity>1</Quantity>
      <UnitMeasure>ק"ג</UnitMeasure>
      <BisWeighted>0</BisWeighted>
      <QtyInPackage>1</QtyInPackage>
      <ItemPrice>19.90</ItemPrice>
      <UnitOfMeasurePrice>19.90</UnitOfMeasurePrice>
      <AllowDiscount>1</AllowDiscount>
      <itemStatus>1</itemStatus>
      <LastUpdateDate />
      <LastUpdateTime />
    </Product>
    <Product>
      <PriceUpdateDate>2019/11/26 08:48</PriceUpdateDate>
      <ItemCode>7290000574028</ItemCode>
      <ItemType>1</ItemType>
      <ItemName>לחם שחור מעושר פלוס 750  גר`דגנית</ItemName>
      <ManufactureName>דגנית עין בר תעשיות מזון ואפיה</ManufactureName>
      <ManufactureCountry />
      <ManufactureItemDescription />
      <UnitQty>יח`</UnitQty>
      <Quantity>750</Quantity>
      <UnitMeasure>גרם</UnitMeasure>
      <BisWeighted>0</BisWeighted>
      <QtyInPackage>1</QtyInPackage>
      <ItemPrice>7.90</ItemPrice>
      <UnitOfMeasurePrice>1.05</UnitOfMeasurePrice>
      <AllowDiscount>0</AllowDiscount>
      <itemStatus>1</itemStatus>
      <LastUpdateDate />
      <LastUpdateTime />
    </Product>
    <Product>
      <PriceUpdateDate>2019/05/26 11:47</PriceUpdateDate>
      <ItemCode>7290000574035</ItemCode>
      <ItemType>1</ItemType>
      <ItemName>לחם אחיד פרוס דגנית עין בר (750 גרם)</ItemName>
      <ManufactureName>דגנית עין בר תעשיות מזון ואפיה</ManufactureName>
      <ManufactureCountry />
      <ManufactureItemDescription />
      <UnitQty>יח`</UnitQty>
      <Quantity>750</Quantity>
      <UnitMeasure>גרם</UnitMeasure>
      <BisWeighted>0</BisWeighted>
      <QtyInPackage>1</QtyInPackage>
      <ItemPrice>5.90</ItemPrice>
      <UnitOfMeasurePrice>0.79</UnitOfMeasurePrice>
      <AllowDiscount>0</AllowDiscount>
      <itemStatus>1</itemStatus>
      <LastUpdateDate />
      <LastUpdateTime />
    </Product>
    <Product>
      <PriceUpdateDate>2018/12/16 11:33</PriceUpdateDate>
      <ItemCode>7290000574141</ItemCode>
      <ItemType>1</ItemType>
      <ItemName>לחם חיטה מלאה 750  גר`דגנית</ItemName>
      <ManufactureName>דגנית עין בר תעשיות מזון ואפיה</ManufactureName>
      <ManufactureCountry />
      <ManufactureItemDescription />
      <UnitQty>יח`</UnitQty>
      <Quantity>750</Quantity>
      <UnitMeasure>גרם</UnitMeasure>
      <BisWeighted>0</BisWeighted>
      <QtyInPackage>1</QtyInPackage>
      <ItemPrice>13.90</ItemPrice>
      <UnitOfMeasurePrice>1.85</UnitOfMeasurePrice>
      <AllowDiscount>0</AllowDiscount>
      <itemStatus>1</itemStatus>
      <LastUpdateDate />
      <LastUpdateTime />
    </Product>
    <Product>
      <PriceUpdateDate>2018/02/05 11:52</PriceUpdateDate>
      <ItemCode>7290000574172</ItemCode>
      <ItemType>1</ItemType>
      <ItemName>לחם קל חיטה מלאה 750  גר`דגנית</ItemName>
      <ManufactureName>דגנית עין בר תעשיות מזון ואפיה</ManufactureName>
      <ManufactureCountry />
      <ManufactureItemDescription />
      <UnitQty>יח`</UnitQty>
      <Quantity>750</Quantity>
      <UnitMeasure>גרם</UnitMeasure>
      <BisWeighted>0</BisWeighted>
      <QtyInPackage>1</QtyInPackage>
      <ItemPrice>14.90</ItemPrice>
      <UnitOfMeasurePrice>1.99</UnitOfMeasurePrice>
      <AllowDiscount>0</AllowDiscount>
      <itemStatus>1</itemStatus>
      <LastUpdateDate />
      <LastUpdateTime />
    </Product>
    <Product>
      <PriceUpdateDate>2018/02/05 11:52</PriceUpdateDate>
      <ItemCode>7290000574370</ItemCode>
      <ItemType>1</ItemType>
      <ItemName>לחם שיפון אמיתי קל 750  גר`דגנית</ItemName>
      <ManufactureName>דגנית עין בר תעשיות מזון ואפיה</ManufactureName>
      <ManufactureCountry />
      <ManufactureItemDescription />
      <UnitQty>יח`</UnitQty>
      <Quantity>750</Quantity>
      <UnitMeasure>גרם</UnitMeasure>
      <BisWeighted>0</BisWeighted>
      <QtyInPackage>1</QtyInPackage>
      <ItemPrice>14.90</ItemPrice>
      <UnitOfMeasurePrice>1.99</UnitOfMeasurePrice>
      <AllowDiscount>0</AllowDiscount>
      <itemStatus>1</itemStatus>
      <LastUpdateDate />
      <LastUpdateTime />
    </Product>
    <Product>
      <PriceUpdateDate>2015/07/15 08:16</PriceUpdateDate>
      <ItemCode>7290000574455</ItemCode>
      <ItemType>1</ItemType>
      <ItemName>לחם חיטה מלא +כוסמין דגנית</ItemName>
      <ManufactureName>דגנית עין בר תעשיות מזון ואפיה</ManufactureName>
      <ManufactureCountry />
      <ManufactureItemDescription />
      <UnitQty>יח`</UnitQty>
      <Quantity>750</Quantity>
      <UnitMeasure>גרם</UnitMeasure>
      <BisWeighted>0</BisWeighted>
      <QtyInPackage>1</QtyInPackage>
      <ItemPrice>13.90</ItemPrice>
      <UnitOfMeasurePrice>1.85</UnitOfMeasurePrice>
      <AllowDiscount>1</AllowDiscount>
      <itemStatus>1</itemStatus>
      <LastUpdateDate />
      <LastUpdateTime />
    </Product>
    <Product>
      <PriceUpdateDate>2020/01/19 12:25</PriceUpdateDate>
      <ItemCode>7290000599434</ItemCode>
      <ItemType>1</ItemType>
      <ItemName>מטליות ריצפה שלישייה shiny</ItemName>
      <ManufactureName>מ.א.ייצור ויבוא מטליות בעמ</ManufactureName>
      <ManufactureCountry />
      <ManufactureItemDescription />
      <UnitQty>יח`</UnitQty>
      <Quantity>1</Quantity>
      <UnitMeasure />
      <BisWeighted>0</BisWeighted>
      <QtyInPackage>1</QtyInPackage>
      <ItemPrice>7.90</ItemPrice>
      <UnitOfMeasurePrice>7.90</UnitOfMeasurePrice>
      <AllowDiscount>0</AllowDiscount>
      <itemStatus>1</itemStatus>
      <LastUpdateDate />
      <LastUpdateTime />
    </Product>
    <Product>
      <PriceUpdateDate>2016/01/08 08:20</PriceUpdateDate>
      <ItemCode>7290000599465</ItemCode>
      <ItemType>1</ItemType>
      <ItemName>מטליות 10 יח רב שימושיות classic</ItemName>
      <ManufactureName>מ.א.ייצור ויבוא מטליות בעמ</ManufactureName>
      <ManufactureCountry />
      <ManufactureItemDescription />
      <UnitQty>יח`</UnitQty>
      <Quantity>1</Quantity>
      <UnitMeasure />
      <BisWeighted>0</BisWeighted>
      <QtyInPackage>1</QtyInPackage>
      <ItemPrice>6.90</ItemPrice>
      <UnitOfMeasurePrice>6.90</UnitOfMeasurePrice>
      <AllowDiscount>0</AllowDiscount>
      <itemStatus>1</itemStatus>
      <LastUpdateDate />
      <LastUpdateTime />
    </Product>
    <Product>
      <PriceUpdateDate>2020/01/26 13:00</PriceUpdateDate>
      <ItemCode>7290000599571</ItemCode>
      <ItemType>1</ItemType>
      <ItemName>צמר פלדה 200  גר`shiny</ItemName>
      <ManufactureName>מ.א.ייצור ויבוא מטליות בעמ</ManufactureName>
      <ManufactureCountry />
      <ManufactureItemDescription />
      <UnitQty>יח`</UnitQty>
      <Quantity>200</Quantity>
      <UnitMeasure>גרם</UnitMeasure>
      <BisWeighted>0</BisWeighted>
      <QtyInPackage>1</QtyInPackage>
      <ItemPrice>4.90</ItemPrice>
      <UnitOfMeasurePrice>2.45</UnitOfMeasurePrice>
      <AllowDiscount>0</AllowDiscount>
      <itemStatus>1</itemStatus>
      <LastUpdateDate />
      <LastUpdateTime />
    </Product>
    <Product>
      <PriceUpdateDate>2016/01/08 08:20</PriceUpdateDate>
      <ItemCode>7290000599946</ItemCode>
      <ItemType>1</ItemType>
      <ItemName>ספוג הפלא שישייה - shiny</ItemName>
      <ManufactureName>מ.א.ייצור ויבוא מטליות בעמ</ManufactureName>
      <ManufactureCountry />
      <ManufactureItemDescription />
      <UnitQty>יח`</UnitQty>
      <Quantity>1</Quantity>
      <UnitMeasure />
      <BisWeighted>0</BisWeighted>
      <QtyInPackage>1</QtyInPackage>
      <ItemPrice>6.90</ItemPrice>
      <UnitOfMeasurePrice>6.90</UnitOfMeasurePrice>
      <AllowDiscount>0</AllowDiscount>
      <itemStatus>1</itemStatus>
      <LastUpdateDate />
      <LastUpdateTime />
    </Product>
    <Product>
      <PriceUpdateDate>2020/01/26 13:00</PriceUpdateDate>
      <ItemCode>7290000599977</ItemCode>
      <ItemType>1</ItemType>
      <ItemName>כרית יפנית תשיעיה shiny</ItemName>
      <ManufactureName>מ.א.ייצור ויבוא מטליות בעמ</ManufactureName>
      <ManufactureCountry />
      <ManufactureItemDescription />
      <UnitQty>יח`</UnitQty>
      <Quantity>9</Quantity>
      <UnitMeasure>גרם</UnitMeasure>
      <BisWeighted>0</BisWeighted>
      <QtyInPackage>1</QtyInPackage>
      <ItemPrice>9.90</ItemPrice>
      <UnitOfMeasurePrice>110</UnitOfMeasurePrice>
      <AllowDiscount>0</AllowDiscount>
      <itemStatus>1</itemStatus>
      <LastUpdateDate />
      <LastUpdateTime />
    </Product>
    <Product>
      <PriceUpdateDate>2015/04/30 10:16</PriceUpdateDate>
      <ItemCode>7290000679440</ItemCode>
      <ItemType>1</ItemType>
      <ItemName>קמיל בלו משחה לתינוק דר. פישר (100 גרם)</ItemName>
      <ManufactureName>פישר תעשיות פרמצבטיות בעמ</ManufactureName>
      <ManufactureCountry />
      <ManufactureItemDescription />
      <UnitQty>יח`</UnitQty>
      <Quantity>100</Quantity>
      <UnitMeasure>גרם</UnitMeasure>
      <BisWeighted>0</BisWeighted>
      <QtyInPackage>1</QtyInPackage>
      <ItemPrice>14.90</ItemPrice>
      <UnitOfMeasurePrice>14.90</UnitOfMeasurePrice>
      <AllowDiscount>0</AllowDiscount>
      <itemStatus>1</itemStatus>
      <LastUpdateDate />
      <LastUpdateTime />
    </Product>
    <Product>
      <PriceUpdateDate>2013/12/31 12:18</PriceUpdateDate>
      <ItemCode>7290000688084</ItemCode>
      <ItemType>1</ItemType>
      <ItemName>מי עדן ספורט 1/2 ליטר</ItemName>
      <ManufactureName>יפאורה</ManufactureName>
      <ManufactureCountry />
      <ManufactureItemDescription />
      <UnitQty>יח`</UnitQty>
      <Quantity>500</Quantity>
      <UnitMeasure>מ"ל</UnitMeasure>
      <BisWeighted>0</BisWeighted>
      <QtyInPackage>1</QtyInPackage>
      <ItemPrice>3.50</ItemPrice>
      <UnitOfMeasurePrice>0.64</UnitOfMeasurePrice>
      <AllowDiscount>0</AllowDiscount>
      <itemStatus>1</itemStatus>
      <LastUpdateDate />
      <LastUpdateTime />
    </Product>
    <Product>
      <PriceUpdateDate>2015/12/01 16:31</PriceUpdateDate>
      <ItemCode>7290000688114</ItemCode>
      <ItemType>1</ItemType>
      <ItemName>מי עדן 1.5 ליטר בודד</ItemName>
      <ManufactureName>יפאורה</ManufactureName>
      <ManufactureCountry />
      <ManufactureItemDescription />
      <UnitQty>יח`</UnitQty>
      <Quantity>1.50</Quantity>
      <UnitMeasure>1 ליטר</UnitMeasure>
      <BisWeighted>0</BisWeighted>
      <QtyInPackage>1</QtyInPackage>
      <ItemPrice>3.50</ItemPrice>
      <UnitOfMeasurePrice>2.33</UnitOfMeasurePrice>
      <AllowDiscount>1</AllowDiscount>
      <itemStatus>1</itemStatus>
      <LastUpdateDate />
      <LastUpdateTime />
    </Product>
    <Product>
      <PriceUpdateDate>2013/12/31 12:18</PriceUpdateDate>
      <ItemCode>7290000688374</ItemCode>
      <ItemType>1</ItemType>
      <ItemName>מים מינרלים בייבי מי עדן (250x6 מל)</ItemName>
      <ManufactureName>יפאורה</ManufactureName>
      <ManufactureCountry />
      <ManufactureItemDescription />
      <UnitQty>יח`</UnitQty>
      <Quantity>1.50</Quantity>
      <UnitMeasure>1 ליטר</UnitMeasure>
      <BisWeighted>0</BisWeighted>
      <QtyInPackage>1</QtyInPackage>
      <ItemPrice>13.90</ItemPrice>
      <UnitOfMeasurePrice>8.07</UnitOfMeasurePrice>
      <AllowDiscount>0</AllowDiscount>
      <itemStatus>1</itemStatus>
      <LastUpdateDate />
      <LastUpdateTime />
    </Product>
    <Product>
      <PriceUpdateDate>2015/05/27 17:58</PriceUpdateDate>
      <ItemCode>7290000688381</ItemCode>
      <ItemType>1</ItemType>
      <ItemName>מים מינרלים פקק ספורט מי עדן (500x6 מל)</ItemName>
      <ManufactureName>יפאורה</ManufactureName>
      <ManufactureCountry />
      <ManufactureItemDescription />
      <UnitQty>יח`</UnitQty>
      <Quantity>3000</Quantity>
      <UnitMeasure>מ"ל</UnitMeasure>
      <BisWeighted>0</BisWeighted>
      <QtyInPackage>1</QtyInPackage>
      <ItemPrice>12.90</ItemPrice>
      <UnitOfMeasurePrice>0.37</UnitOfMeasurePrice>
      <AllowDiscount>0</AllowDiscount>
      <itemStatus>1</itemStatus>
      <LastUpdateDate />
      <LastUpdateTime />
    </Product>
    <Product>
      <PriceUpdateDate>2014/05/13 11:48</PriceUpdateDate>
      <ItemCode>7290000688466</ItemCode>
      <ItemType>1</ItemType>
      <ItemName>מי עדן 0.75 ליטר ספורט בודד</ItemName>
      <ManufactureName>יפאורה</ManufactureName>
      <ManufactureCountry />
      <ManufactureItemDescription />
      <UnitQty>יח`</UnitQty>
      <Quantity>750</Quantity>
      <UnitMeasure>מ"ל</UnitMeasure>
      <BisWeighted>0</BisWeighted>
      <QtyInPackage>1</QtyInPackage>
      <ItemPrice>3.50</ItemPrice>
      <UnitOfMeasurePrice>0.43</UnitOfMeasurePrice>
      <AllowDiscount>0</AllowDiscount>
      <itemStatus>1</itemStatus>
      <LastUpdateDate />
      <LastUpdateTime />
    </Product>
    <Product>
      <PriceUpdateDate>2013/10/28 09:53</PriceUpdateDate>
      <ItemCode>7290000688503</ItemCode>
      <ItemType>1</ItemType>
      <ItemName>מי עדן 0.75 ליטר ספורט שישייה</ItemName>
      <ManufactureName>יפאורה</ManufactureName>
      <ManufactureCountry />
      <ManufactureItemDescription />
      <UnitQty>יח`</UnitQty>
      <Quantity>4.50</Quantity>
      <UnitMeasure>1 ליטר</UnitMeasure>
      <BisWeighted>0</BisWeighted>
      <QtyInPackage>1</QtyInPackage>
      <ItemPrice>18.70</ItemPrice>
      <UnitOfMeasurePrice>3.76</UnitOfMeasurePrice>
      <AllowDiscount>0</AllowDiscount>
      <itemStatus>1</itemStatus>
      <LastUpdateDate />
      <LastUpdateTime />
    </Product>
    <Product>
      <PriceUpdateDate>2015/05/27 17:58</PriceUpdateDate>
      <ItemCode>7290000688732</ItemCode>
      <ItemType>1</ItemType>
      <ItemName>מים מינרלים מי עדן (1.5x6 ליטר)</ItemName>
      <ManufactureName>יפאורה</ManufactureName>
      <ManufactureCountry />
      <ManufactureItemDescription />
      <UnitQty>יח`</UnitQty>
      <Quantity>9</Quantity>
      <UnitMeasure>1 ליטר</UnitMeasure>
      <BisWeighted>0</BisWeighted>
      <QtyInPackage>1</QtyInPackage>
      <ItemPrice>10.90</ItemPrice>
      <UnitOfMeasurePrice>1.21</UnitOfMeasurePrice>
      <AllowDiscount>0</AllowDiscount>
      <itemStatus>1</itemStatus>
      <LastUpdateDate />
      <LastUpdateTime />
    </Product>
    <Product>
      <PriceUpdateDate>2015/09/08 11:20</PriceUpdateDate>
      <ItemCode>7290000692227</ItemCode>
      <ItemType>1</ItemType>
      <ItemName>נוזל לניקוי כלים קלאסי פלמוליב (1 ליטר)</ItemName>
      <ManufactureName>ש.שסטוביץ בעמ</ManufactureName>
      <ManufactureCountry />
      <ManufactureItemDescription />
      <UnitQty>יח`</UnitQty>
      <Quantity>1000</Quantity>
      <UnitMeasure>מ"ל</UnitMeasure>
      <BisWeighted>0</BisWeighted>
      <QtyInPackage>1</QtyInPackage>
      <ItemPrice>13.90</ItemPrice>
      <UnitOfMeasurePrice>1.39</UnitOfMeasurePrice>
      <AllowDiscount>0</AllowDiscount>
      <itemStatus>1</itemStatus>
      <LastUpdateDate />
      <LastUpdateTime />
    </Product>
    <Product>
      <PriceUpdateDate>2015/10/08 08:23</PriceUpdateDate>
      <ItemCode>7290000692302</ItemCode>
      <ItemType>1</ItemType>
      <ItemName>אג`קס ניקוי כללי כחול 2 ליטר חדש</ItemName>
      <ManufactureName>ש.שסטוביץ בעמ</ManufactureName>
      <ManufactureCountry />
      <ManufactureItemDescription />
      <UnitQty>יח`</UnitQty>
      <Quantity>2000</Quantity>
      <UnitMeasure>מ"ל</UnitMeasure>
      <BisWeighted>0</BisWeighted>
      <QtyInPackage>1</QtyInPackage>
      <ItemPrice>22.90</ItemPrice>
      <UnitOfMeasurePrice>1.15</UnitOfMeasurePrice>
      <AllowDiscount>0</AllowDiscount>
      <itemStatus>1</itemStatus>
      <LastUpdateDate />
      <LastUpdateTime />
    </Product>
    <Product>
      <PriceUpdateDate>2016/05/04 15:16</PriceUpdateDate>
      <ItemCode>7290000692456</ItemCode>
      <ItemType>1</ItemType>
      <ItemName>נוזל לניקוי חלונות אג`קס (750x2 מל)</ItemName>
      <ManufactureName>ש.שסטוביץ בעמ</ManufactureName>
      <ManufactureCountry />
      <ManufactureItemDescription />
      <UnitQty>יח`</UnitQty>
      <Quantity>1500</Quantity>
      <UnitMeasure>מ"ל</UnitMeasure>
      <BisWeighted>0</BisWeighted>
      <QtyInPackage>1</QtyInPackage>
      <ItemPrice>24.90</ItemPrice>
      <UnitOfMeasurePrice>1.66</UnitOfMeasurePrice>
      <AllowDiscount>0</AllowDiscount>
      <itemStatus>1</itemStatus>
      <LastUpdateDate />
      <LastUpdateTime />
    </Product>
    <Product>
      <PriceUpdateDate>2018/02/22 11:17</PriceUpdateDate>
      <ItemCode>7290000692937</ItemCode>
      <ItemType>1</ItemType>
      <ItemName>קולגייט משפחתי זוגות 100 גר` אדומה כשלפ</ItemName>
      <ManufactureName>ש.שסטוביץ בעמ</ManufactureName>
      <ManufactureCountry />
      <ManufactureItemDescription />
      <UnitQty>יח`</UnitQty>
      <Quantity>200</Quantity>
      <UnitMeasure>גרם</UnitMeasure>
      <BisWeighted>0</BisWeighted>
      <QtyInPackage>1</QtyInPackage>
      <ItemPrice>19.90</ItemPrice>
      <UnitOfMeasurePrice>9.95</UnitOfMeasurePrice>
      <AllowDiscount>0</AllowDiscount>
      <itemStatus>1</itemStatus>
      <LastUpdateDate />
      <LastUpdateTime />
    </Product>
    <Product>
      <PriceUpdateDate>2019/02/03 12:24</PriceUpdateDate>
      <ItemCode>7290000803180</ItemCode>
      <ItemType>1</ItemType>
      <ItemName>שטיפת פה מרידול (400 מל)</ItemName>
      <ManufactureName>ש.שסטוביץ בעמ</ManufactureName>
      <ManufactureCountry />
      <ManufactureItemDescription />
      <UnitQty>יח`</UnitQty>
      <Quantity>400</Quantity>
      <UnitMeasure>מ"ל</UnitMeasure>
      <BisWeighted>0</BisWeighted>
      <QtyInPackage>1</QtyInPackage>
      <ItemPrice>27.70</ItemPrice>
      <UnitOfMeasurePrice>6.93</UnitOfMeasurePrice>
      <AllowDiscount>0</AllowDiscount>
      <itemStatus>1</itemStatus>
      <LastUpdateDate />
      <LastUpdateTime />
    </Product>
    <Product>
      <PriceUpdateDate>2016/07/03 11:10</PriceUpdateDate>
      <ItemCode>7290000805368</ItemCode>
      <ItemType>1</ItemType>
      <ItemName>בונזו גורים 3 קג`</ItemName>
      <ManufactureName>דיפלומט היינץ</ManufactureName>
      <ManufactureCountry />
      <ManufactureItemDescription />
      <UnitQty>יח`</UnitQty>
      <Quantity>30000</Quantity>
      <UnitMeasure>גרם</UnitMeasure>
      <BisWeighted>0</BisWeighted>
      <QtyInPackage>1</QtyInPackage>
      <ItemPrice>61.90</ItemPrice>
      <UnitOfMeasurePrice>0.21</UnitOfMeasurePrice>
      <AllowDiscount>0</AllowDiscount>
      <itemStatus>1</itemStatus>
      <LastUpdateDate />
      <LastUpdateTime />
    </Product>
    <Product>
      <PriceUpdateDate>2015/12/03 19:43</PriceUpdateDate>
      <ItemCode>7290000805795</ItemCode>
      <ItemType>1</ItemType>
      <ItemName>חול לחתולים יורו קיטי (10 קג)</ItemName>
      <ManufactureName>דיפלומט היינץ</ManufactureName>
      <ManufactureCountry />
      <ManufactureItemDescription />
      <UnitQty>יח`</UnitQty>
      <Quantity>10</Quantity>
      <UnitMeasure>ק"ג</UnitMeasure>
      <BisWeighted>0</BisWeighted>
      <QtyInPackage>1</QtyInPackage>
      <ItemPrice>31.90</ItemPrice>
      <UnitOfMeasurePrice>3.19</UnitOfMeasurePrice>
      <AllowDiscount>0</AllowDiscount>
      <itemStatus>1</itemStatus>
      <LastUpdateDate />
      <LastUpdateTime />
    </Product>
    <Product>
      <PriceUpdateDate>2013/12/31 12:18</PriceUpdateDate>
      <ItemCode>7290000841557</ItemCode>
      <ItemType>1</ItemType>
      <ItemName>סטרילי לחיטוי ושטיפה פירות וירקות</ItemName>
      <ManufactureName>סטרילי מעבדות בעמ</ManufactureName>
      <ManufactureCountry />
      <ManufactureItemDescription />
      <UnitQty>יח`</UnitQty>
      <Quantity>700</Quantity>
      <UnitMeasure>מ"ל</UnitMeasure>
      <BisWeighted>0</BisWeighted>
      <QtyInPackage>1</QtyInPackage>
      <ItemPrice>13</ItemPrice>
      <UnitOfMeasurePrice>1.86</UnitOfMeasurePrice>
      <AllowDiscount>0</AllowDiscount>
      <itemStatus>1</itemStatus>
      <LastUpdateDate />
      <LastUpdateTime />
    </Product>
    <Product>
      <PriceUpdateDate>2017/05/04 07:48</PriceUpdateDate>
      <ItemCode>7290000909387</ItemCode>
      <ItemType>1</ItemType>
      <ItemName>ניוקי תפוחי אדמה אבאל( 1קג)</ItemName>
      <ManufactureName>אבאל יזמות בעמ</ManufactureName>
      <ManufactureCountry />
      <ManufactureItemDescription />
      <UnitQty>יח`</UnitQty>
      <Quantity>1000</Quantity>
      <UnitMeasure>גרם</UnitMeasure>
      <BisWeighted>0</BisWeighted>
      <QtyInPackage>1</QtyInPackage>
      <ItemPrice>9.90</ItemPrice>
      <UnitOfMeasurePrice>0.99</UnitOfMeasurePrice>
      <AllowDiscount>1</AllowDiscount>
      <itemStatus>1</itemStatus>
      <LastUpdateDate />
      <LastUpdateTime />
    </Product>
    <Product>
      <PriceUpdateDate>2018/08/12 12:25</PriceUpdateDate>
      <ItemCode>7290000995410</ItemCode>
      <ItemType>1</ItemType>
      <ItemName>נבטים סיני</ItemName>
      <ManufactureName>א.אדמה (2007) בעמ</ManufactureName>
      <ManufactureCountry />
      <ManufactureItemDescription />
      <UnitQty>יח`</UnitQty>
      <Quantity>1</Quantity>
      <UnitMeasure />
      <BisWeighted>0</BisWeighted>
      <QtyInPackage>1</QtyInPackage>
      <ItemPrice>7.90</ItemPrice>
      <UnitOfMeasurePrice>7.90</UnitOfMeasurePrice>
      <AllowDiscount>1</AllowDiscount>
      <itemStatus>1</itemStatus>
      <LastUpdateDate />
      <LastUpdateTime />
    </Product>
    <Product>
      <PriceUpdateDate>2018/08/19 19:54</PriceUpdateDate>
      <ItemCode>7290001041130</ItemCode>
      <ItemType>1</ItemType>
      <ItemName>ממרח תמרים 450 גר`</ItemName>
      <ManufactureName>מיה תעשיות מזון מ.ת.מ. בעמ</ManufactureName>
      <ManufactureCountry />
      <ManufactureItemDescription />
      <UnitQty>יח`</UnitQty>
      <Quantity>450</Quantity>
      <UnitMeasure>גרם</UnitMeasure>
      <BisWeighted>0</BisWeighted>
      <QtyInPackage>1</QtyInPackage>
      <ItemPrice>4.90</ItemPrice>
      <UnitOfMeasurePrice>1.09</UnitOfMeasurePrice>
      <AllowDiscount>0</AllowDiscount>
      <itemStatus>1</itemStatus>
      <LastUpdateDate />
      <LastUpdateTime />
    </Product>
    <Product>
      <PriceUpdateDate>2019/09/04 08:10</PriceUpdateDate>
      <ItemCode>7290001041147</ItemCode>
      <ItemType>1</ItemType>
      <ItemName>חומוס גדול מיה (1 קג)</ItemName>
      <ManufactureName>מיה תעשיות מזון מ.ת.מ. בעמ</ManufactureName>
      <ManufactureCountry />
      <ManufactureItemDescription />
      <UnitQty>יח`</UnitQty>
      <Quantity>1</Quantity>
      <UnitMeasure>ק"ג</UnitMeasure>
      <BisWeighted>0</BisWeighted>
      <QtyInPackage>1</QtyInPackage>
      <ItemPrice>11.90</ItemPrice>
      <UnitOfMeasurePrice>11.90</UnitOfMeasurePrice>
      <AllowDiscount>0</AllowDiscount>
      <itemStatus>1</itemStatus>
      <LastUpdateDate />
      <LastUpdateTime />
    </Product>
    <Product>
      <PriceUpdateDate>2016/01/04 10:22</PriceUpdateDate>
      <ItemCode>7290001041154</ItemCode>
      <ItemType>1</ItemType>
      <ItemName>גריסים 1 קג`</ItemName>
      <ManufactureName>מיה תעשיות מזון מ.ת.מ. בעמ</ManufactureName>
      <ManufactureCountry />
      <ManufactureItemDescription />
      <UnitQty>יח`</UnitQty>
      <Quantity>1000</Quantity>
      <UnitMeasure>גרם</UnitMeasure>
      <BisWeighted>0</BisWeighted>
      <QtyInPackage>1</QtyInPackage>
      <ItemPrice>5.90</ItemPrice>
      <UnitOfMeasurePrice>0.59</UnitOfMeasurePrice>
      <AllowDiscount>0</AllowDiscount>
      <itemStatus>1</itemStatus>
      <LastUpdateDate />
      <LastUpdateTime />
    </Product>
    <Product>
      <PriceUpdateDate>2015/05/28 10:57</PriceUpdateDate>
      <ItemCode>7290001041161</ItemCode>
      <ItemType>1</ItemType>
      <ItemName>שעועית לבנה מיה (1 קג)</ItemName>
      <ManufactureName>מיה תעשיות מזון מ.ת.מ. בעמ</ManufactureName>
      <ManufactureCountry />
      <ManufactureItemDescription />
      <UnitQty>יח`</UnitQty>
      <Quantity>1</Quantity>
      <UnitMeasure>ק"ג</UnitMeasure>
      <BisWeighted>0</BisWeighted>
      <QtyInPackage>1</QtyInPackage>
      <ItemPrice>18.90</ItemPrice>
      <UnitOfMeasurePrice>18.90</UnitOfMeasurePrice>
      <AllowDiscount>0</AllowDiscount>
      <itemStatus>1</itemStatus>
      <LastUpdateDate />
      <LastUpdateTime />
    </Product>
    <Product>
      <PriceUpdateDate>2015/05/28 10:57</PriceUpdateDate>
      <ItemCode>7290001041185</ItemCode>
      <ItemType>1</ItemType>
      <ItemName>פופקורן 1 קג`</ItemName>
      <ManufactureName>מיה תעשיות מזון מ.ת.מ. בעמ</ManufactureName>
      <ManufactureCountry />
      <ManufactureItemDescription />
      <UnitQty>יח`</UnitQty>
      <Quantity>1000</Quantity>
      <UnitMeasure>גרם</UnitMeasure>
      <BisWeighted>0</BisWeighted>
      <QtyInPackage>1</QtyInPackage>
      <ItemPrice>11.90</ItemPrice>
      <UnitOfMeasurePrice>1.19</UnitOfMeasurePrice>
      <AllowDiscount>0</AllowDiscount>
      <itemStatus>1</itemStatus>
      <LastUpdateDate />
      <LastUpdateTime />
    </Product>
    <Product>
      <PriceUpdateDate>2016/01/04 10:22</PriceUpdateDate>
      <ItemCode>7290001041192</ItemCode>
      <ItemType>1</ItemType>
      <ItemName>עדשים אדומות מיה (1 קג)</ItemName>
      <ManufactureName>מיה תעשיות מזון מ.ת.מ. בעמ</ManufactureName>
      <ManufactureCountry />
      <ManufactureItemDescription />
      <UnitQty>יח`</UnitQty>
      <Quantity>1</Quantity>
      <UnitMeasure>ק"ג</UnitMeasure>
      <BisWeighted>0</BisWeighted>
      <QtyInPackage>1</QtyInPackage>
      <ItemPrice>11.90</ItemPrice>
      <UnitOfMeasurePrice>11.90</UnitOfMeasurePrice>
      <AllowDiscount>0</AllowDiscount>
      <itemStatus>1</itemStatus>
      <LastUpdateDate />
      <LastUpdateTime />
    </Product>
    <Product>
      <PriceUpdateDate>2016/01/04 10:22</PriceUpdateDate>
      <ItemCode>7290001041208</ItemCode>
      <ItemType>1</ItemType>
      <ItemName>עדשים ירוקות מיה (1 קג)</ItemName>
      <ManufactureName>מיה תעשיות מזון מ.ת.מ. בעמ</ManufactureName>
      <ManufactureCountry />
      <ManufactureItemDescription />
      <UnitQty>יח`</UnitQty>
      <Quantity>1</Quantity>
      <UnitMeasure>ק"ג</UnitMeasure>
      <BisWeighted>0</BisWeighted>
      <QtyInPackage>1</QtyInPackage>
      <ItemPrice>11.90</ItemPrice>
      <UnitOfMeasurePrice>11.90</UnitOfMeasurePrice>
      <AllowDiscount>0</AllowDiscount>
      <itemStatus>1</itemStatus>
      <LastUpdateDate />
      <LastUpdateTime />
    </Product>
    <Product>
      <PriceUpdateDate>2019/09/04 08:10</PriceUpdateDate>
      <ItemCode>7290001041222</ItemCode>
      <ItemType>1</ItemType>
      <ItemName>חומוס לבן ענק מיה (1 קג)</ItemName>
      <ManufactureName>מיה תעשיות מזון מ.ת.מ. בעמ</ManufactureName>
      <ManufactureCountry />
      <ManufactureItemDescription />
      <UnitQty>יח`</UnitQty>
      <Quantity>1</Quantity>
      <UnitMeasure>ק"ג</UnitMeasure>
      <BisWeighted>0</BisWeighted>
      <QtyInPackage>1</QtyInPackage>
      <ItemPrice>19.90</ItemPrice>
      <UnitOfMeasurePrice>19.90</UnitOfMeasurePrice>
      <AllowDiscount>0</AllowDiscount>
      <itemStatus>1</itemStatus>
      <LastUpdateDate />
      <LastUpdateTime />
    </Product>
    <Product>
      <PriceUpdateDate>2015/12/17 11:05</PriceUpdateDate>
      <ItemCode>7290001041260</ItemCode>
      <ItemType>1</ItemType>
      <ItemName>שומשום מיה (400 גרם)</ItemName>
      <ManufactureName>מיה תעשיות מזון מ.ת.מ. בעמ</ManufactureName>
      <ManufactureCountry />
      <ManufactureItemDescription />
      <UnitQty>יח`</UnitQty>
      <Quantity>400</Quantity>
      <UnitMeasure>גרם</UnitMeasure>
      <BisWeighted>0</BisWeighted>
      <QtyInPackage>1</QtyInPackage>
      <ItemPrice>11.90</ItemPrice>
      <UnitOfMeasurePrice>2.98</UnitOfMeasurePrice>
      <AllowDiscount>1</AllowDiscount>
      <itemStatus>1</itemStatus>
      <LastUpdateDate />
      <LastUpdateTime />
    </Product>
    <Product>
      <PriceUpdateDate>2016/04/06 12:47</PriceUpdateDate>
      <ItemCode>7290001041291</ItemCode>
      <ItemType>1</ItemType>
      <ItemName>לקקנים מיה) (70</ItemName>
      <ManufactureName>מיה תעשיות מזון מ.ת.מ. בעמ</ManufactureName>
      <ManufactureCountry />
      <ManufactureItemDescription />
      <UnitQty>יח`</UnitQty>
      <Quantity>100</Quantity>
      <UnitMeasure>גרם</UnitMeasure>
      <BisWeighted>0</BisWeighted>
      <QtyInPackage>1</QtyInPackage>
      <ItemPrice>22.90</ItemPrice>
      <UnitOfMeasurePrice>22.90</UnitOfMeasurePrice>
      <AllowDiscount>0</AllowDiscount>
      <itemStatus>1</itemStatus>
      <LastUpdateDate />
      <LastUpdateTime />
    </Product>
    <Product>
      <PriceUpdateDate>2015/03/02 14:33</PriceUpdateDate>
      <ItemCode>7290001041673</ItemCode>
      <ItemType>1</ItemType>
      <ItemName>אורז פרסי עממי 1  קג`מיה</ItemName>
      <ManufactureName>מיה תעשיות מזון מ.ת.מ. בעמ</ManufactureName>
      <ManufactureCountry />
      <ManufactureItemDescription />
      <UnitQty>יח`</UnitQty>
      <Quantity>1000</Quantity>
      <UnitMeasure>גרם</UnitMeasure>
      <BisWeighted>0</BisWeighted>
      <QtyInPackage>1</QtyInPackage>
      <ItemPrice>4.90</ItemPrice>
      <UnitOfMeasurePrice>0.49</UnitOfMeasurePrice>
      <AllowDiscount>0</AllowDiscount>
      <itemStatus>1</itemStatus>
      <LastUpdateDate />
      <LastUpdateTime />
    </Product>
    <Product>
      <PriceUpdateDate>2015/12/01 16:31</PriceUpdateDate>
      <ItemCode>7290001041932</ItemCode>
      <ItemType>1</ItemType>
      <ItemName>קליפות הדרים מסוכרות 80  גר`מיה</ItemName>
      <ManufactureName>מיה תעשיות מזון מ.ת.מ. בעמ</ManufactureName>
      <ManufactureCountry />
      <ManufactureItemDescription />
      <UnitQty>יח`</UnitQty>
      <Quantity>100</Quantity>
      <UnitMeasure>גרם</UnitMeasure>
      <BisWeighted>0</BisWeighted>
      <QtyInPackage>1</QtyInPackage>
      <ItemPrice>5.90</ItemPrice>
      <UnitOfMeasurePrice>5.90</UnitOfMeasurePrice>
      <AllowDiscount>0</AllowDiscount>
      <itemStatus>1</itemStatus>
      <LastUpdateDate />
      <LastUpdateTime />
    </Product>
    <Product>
      <PriceUpdateDate>2015/04/12 11:41</PriceUpdateDate>
      <ItemCode>7290001045220</ItemCode>
      <ItemType>1</ItemType>
      <ItemName>מיץ תפוזים סחוט טבעי פרימור (2 ליטר)</ItemName>
      <ManufactureName>שטראוס גרופ בעמ/מצונן</ManufactureName>
      <ManufactureCountry />
      <ManufactureItemDescription />
      <UnitQty>יח`</UnitQty>
      <Quantity>2</Quantity>
      <UnitMeasure>1 ליטר</UnitMeasure>
      <BisWeighted>0</BisWeighted>
      <QtyInPackage>1</QtyInPackage>
      <ItemPrice>25.80</ItemPrice>
      <UnitOfMeasurePrice>12.90</UnitOfMeasurePrice>
      <AllowDiscount>0</AllowDiscount>
      <itemStatus>1</itemStatus>
      <LastUpdateDate />
      <LastUpdateTime />
    </Product>
    <Product>
      <PriceUpdateDate>2015/04/12 11:41</PriceUpdateDate>
      <ItemCode>7290001045763</ItemCode>
      <ItemType>1</ItemType>
      <ItemName>סחוט פרימור 2 ליטר</ItemName>
      <ManufactureName>שטראוס גרופ בעמ/מצונן</ManufactureName>
      <ManufactureCountry />
      <ManufactureItemDescription />
      <UnitQty>יח`</UnitQty>
      <Quantity>2</Quantity>
      <UnitMeasure>1 ליטר</UnitMeasure>
      <BisWeighted>0</BisWeighted>
      <QtyInPackage>1</QtyInPackage>
      <ItemPrice>25.80</ItemPrice>
      <UnitOfMeasurePrice>12.90</UnitOfMeasurePrice>
      <AllowDiscount>0</AllowDiscount>
      <itemStatus>1</itemStatus>
      <LastUpdateDate />
      <LastUpdateTime />
    </Product>
    <Product>
      <PriceUpdateDate>2018/02/22 10:33</PriceUpdateDate>
      <ItemCode>7290001121054</ItemCode>
      <ItemType>1</ItemType>
      <ItemName>צמד חמד 700 גר` יחיעם</ItemName>
      <ManufactureName>מעדני יחיעם (1993) בעמ</ManufactureName>
      <ManufactureCountry />
      <ManufactureItemDescription />
      <UnitQty>יח`</UnitQty>
      <Quantity>700</Quantity>
      <UnitMeasure>גרם</UnitMeasure>
      <BisWeighted>0</BisWeighted>
      <QtyInPackage>1</QtyInPackage>
      <ItemPrice>25.90</ItemPrice>
      <UnitOfMeasurePrice>3.70</UnitOfMeasurePrice>
      <AllowDiscount>0</AllowDiscount>
      <itemStatus>1</itemStatus>
      <LastUpdateDate />
      <LastUpdateTime />
    </Product>
    <Product>
      <PriceUpdateDate>2015/01/05 09:46</PriceUpdateDate>
      <ItemCode>7290001123775</ItemCode>
      <ItemType>1</ItemType>
      <ItemName>שווארמה פרגיות 500 גר` טיבון ויל</ItemName>
      <ManufactureName>נטו מלינדה סחר בעמ</ManufactureName>
      <ManufactureCountry />
      <ManufactureItemDescription />
      <UnitQty>יח`</UnitQty>
      <Quantity>500</Quantity>
      <UnitMeasure>גרם</UnitMeasure>
      <BisWeighted>0</BisWeighted>
      <QtyInPackage>1</QtyInPackage>
      <ItemPrice>28.90</ItemPrice>
      <UnitOfMeasurePrice>5.78</UnitOfMeasurePrice>
      <AllowDiscount>0</AllowDiscount>
      <itemStatus>1</itemStatus>
      <LastUpdateDate />
      <LastUpdateTime />
    </Product>
    <Product>
      <PriceUpdateDate>2015/01/05 09:46</PriceUpdateDate>
      <ItemCode>7290001123782</ItemCode>
      <ItemType>1</ItemType>
      <ItemName>שווארמה אמיתית הודו טיבון ויל (500 גרם)</ItemName>
      <ManufactureName>נטו מלינדה סחר בעמ</ManufactureName>
      <ManufactureCountry />
      <ManufactureItemDescription />
      <UnitQty>יח`</UnitQty>
      <Quantity>500</Quantity>
      <UnitMeasure>גרם</UnitMeasure>
      <BisWeighted>0</BisWeighted>
      <QtyInPackage>1</QtyInPackage>
      <ItemPrice>28.90</ItemPrice>
      <UnitOfMeasurePrice>5.78</UnitOfMeasurePrice>
      <AllowDiscount>0</AllowDiscount>
      <itemStatus>1</itemStatus>
      <LastUpdateDate />
      <LastUpdateTime />
    </Product>
    <Product>
      <PriceUpdateDate>2018/07/15 07:59</PriceUpdateDate>
      <ItemCode>7290001133958</ItemCode>
      <ItemType>1</ItemType>
      <ItemName>נקניקות צוריסוס קפוא 500 גר</ItemName>
      <ManufactureName>בלדי בעמ</ManufactureName>
      <ManufactureCountry />
      <ManufactureItemDescription />
      <UnitQty>יח`</UnitQty>
      <Quantity>500</Quantity>
      <UnitMeasure>גרם</UnitMeasure>
      <BisWeighted>0</BisWeighted>
      <QtyInPackage>1</QtyInPackage>
      <ItemPrice>18.90</ItemPrice>
      <UnitOfMeasurePrice>3.78</UnitOfMeasurePrice>
      <AllowDiscount>0</AllowDiscount>
      <itemStatus>1</itemStatus>
      <LastUpdateDate />
      <LastUpdateTime />
    </Product>
    <Product>
      <PriceUpdateDate>2019/02/03 12:29</PriceUpdateDate>
      <ItemCode>7290001136287</ItemCode>
      <ItemType>1</ItemType>
      <ItemName>נקה 7 שמפו 750 מל ירוק</ItemName>
      <ManufactureName>החברה הדרומית לשיווק בעמ</ManufactureName>
      <ManufactureCountry />
      <ManufactureItemDescription />
      <UnitQty>יח`</UnitQty>
      <Quantity>750</Quantity>
      <UnitMeasure>מ"ל</UnitMeasure>
      <BisWeighted>0</BisWeighted>
      <QtyInPackage>1</QtyInPackage>
      <ItemPrice>10.90</ItemPrice>
      <UnitOfMeasurePrice>1.45</UnitOfMeasurePrice>
      <AllowDiscount>1</AllowDiscount>
      <itemStatus>1</itemStatus>
      <LastUpdateDate />
      <LastUpdateTime />
    </Product>
    <Product>
      <PriceUpdateDate>2019/02/03 12:29</PriceUpdateDate>
      <ItemCode>7290001136294</ItemCode>
      <ItemType>1</ItemType>
      <ItemName>נקה 7 שמפו 750 מל</ItemName>
      <ManufactureName>החברה הדרומית לשיווק בעמ</ManufactureName>
      <ManufactureCountry />
      <ManufactureItemDescription />
      <UnitQty>יח`</UnitQty>
      <Quantity>750</Quantity>
      <UnitMeasure>מ"ל</UnitMeasure>
      <BisWeighted>0</BisWeighted>
      <QtyInPackage>1</QtyInPackage>
      <ItemPrice>10.90</ItemPrice>
      <UnitOfMeasurePrice>1.45</UnitOfMeasurePrice>
      <AllowDiscount>1</AllowDiscount>
      <itemStatus>1</itemStatus>
      <LastUpdateDate />
      <LastUpdateTime />
    </Product>
    <Product>
      <PriceUpdateDate>2019/02/03 12:29</PriceUpdateDate>
      <ItemCode>7290001136683</ItemCode>
      <ItemType>1</ItemType>
      <ItemName>נקה 7 מרכך 750 מל ירוק</ItemName>
      <ManufactureName>החברה הדרומית לשיווק בעמ</ManufactureName>
      <ManufactureCountry />
      <ManufactureItemDescription />
      <UnitQty>יח`</UnitQty>
      <Quantity>750</Quantity>
      <UnitMeasure>מ"ל</UnitMeasure>
      <BisWeighted>0</BisWeighted>
      <QtyInPackage>1</QtyInPackage>
      <ItemPrice>10.90</ItemPrice>
      <UnitOfMeasurePrice>1.45</UnitOfMeasurePrice>
      <AllowDiscount>1</AllowDiscount>
      <itemStatus>1</itemStatus>
      <LastUpdateDate />
      <LastUpdateTime />
    </Product>
    <Product>
      <PriceUpdateDate>2018/01/10 11:24</PriceUpdateDate>
      <ItemCode>7290001136799</ItemCode>
      <ItemType>1</ItemType>
      <ItemName>ארומה סבון נוזלי 1 ליטר</ItemName>
      <ManufactureName>החברה הדרומית לשיווק בעמ</ManufactureName>
      <ManufactureCountry />
      <ManufactureItemDescription />
      <UnitQty>יח`</UnitQty>
      <Quantity>1</Quantity>
      <UnitMeasure>1 ליטר</UnitMeasure>
      <BisWeighted>0</BisWeighted>
      <QtyInPackage>1</QtyInPackage>
      <ItemPrice>12.90</ItemPrice>
      <UnitOfMeasurePrice>12.90</UnitOfMeasurePrice>
      <AllowDiscount>0</AllowDiscount>
      <itemStatus>1</itemStatus>
      <LastUpdateDate />
      <LastUpdateTime />
    </Product>
    <Product>
      <PriceUpdateDate>2018/01/10 11:24</PriceUpdateDate>
      <ItemCode>7290001136973</ItemCode>
      <ItemType>1</ItemType>
      <ItemName>סבון נוזלי ארומה קמומיל נקה  (17 ליטר)</ItemName>
      <ManufactureName>החברה הדרומית לשיווק בעמ</ManufactureName>
      <ManufactureCountry />
      <ManufactureItemDescription />
      <UnitQty>יח`</UnitQty>
      <Quantity>1</Quantity>
      <UnitMeasure>1 ליטר</UnitMeasure>
      <BisWeighted>0</BisWeighted>
      <QtyInPackage>1</QtyInPackage>
      <ItemPrice>12.90</ItemPrice>
      <UnitOfMeasurePrice>12.90</UnitOfMeasurePrice>
      <AllowDiscount>0</AllowDiscount>
      <itemStatus>1</itemStatus>
      <LastUpdateDate />
      <LastUpdateTime />
    </Product>
    <Product>
      <PriceUpdateDate>2019/01/22 11:47</PriceUpdateDate>
      <ItemCode>7290001201572</ItemCode>
      <ItemType>1</ItemType>
      <ItemName>ביצים 12  יח`XL פיקוח</ItemName>
      <ManufactureName>מ לסר בעמ - חברה לשיווק ביצים</ManufactureName>
      <ManufactureCountry />
      <ManufactureItemDescription />
      <UnitQty>יח`</UnitQty>
      <Quantity>1</Quantity>
      <UnitMeasure />
      <BisWeighted>0</BisWeighted>
      <QtyInPackage>1</QtyInPackage>
      <ItemPrice>12.40</ItemPrice>
      <UnitOfMeasurePrice>12.40</UnitOfMeasurePrice>
      <AllowDiscount>0</AllowDiscount>
      <itemStatus>1</itemStatus>
      <LastUpdateDate />
      <LastUpdateTime />
    </Product>
    <Product>
      <PriceUpdateDate>2019/01/22 11:47</PriceUpdateDate>
      <ItemCode>7290001201589</ItemCode>
      <ItemType>1</ItemType>
      <ItemName>ביצים ארוזות L מ. לסר) (12 פיקוח</ItemName>
      <ManufactureName>מ לסר בעמ - חברה לשיווק ביצים</ManufactureName>
      <ManufactureCountry />
      <ManufactureItemDescription />
      <UnitQty>יח`</UnitQty>
      <Quantity>1</Quantity>
      <UnitMeasure />
      <BisWeighted>0</BisWeighted>
      <QtyInPackage>1</QtyInPackage>
      <ItemPrice>11.30</ItemPrice>
      <UnitOfMeasurePrice>11.30</UnitOfMeasurePrice>
      <AllowDiscount>0</AllowDiscount>
      <itemStatus>1</itemStatus>
      <LastUpdateDate />
      <LastUpdateTime />
    </Product>
    <Product>
      <PriceUpdateDate>2019/01/22 11:47</PriceUpdateDate>
      <ItemCode>7290001201596</ItemCode>
      <ItemType>1</ItemType>
      <ItemName>ביצים 12 יחידות M פיקוח</ItemName>
      <ManufactureName>מ לסר בעמ - חברה לשיווק ביצים</ManufactureName>
      <ManufactureCountry />
      <ManufactureItemDescription />
      <UnitQty>יח`</UnitQty>
      <Quantity>1</Quantity>
      <UnitMeasure />
      <BisWeighted>0</BisWeighted>
      <QtyInPackage>1</QtyInPackage>
      <ItemPrice>10.40</ItemPrice>
      <UnitOfMeasurePrice>10.40</UnitOfMeasurePrice>
      <AllowDiscount>0</AllowDiscount>
      <itemStatus>1</itemStatus>
      <LastUpdateDate />
      <LastUpdateTime />
    </Product>
    <Product>
      <PriceUpdateDate>2019/01/22 11:47</PriceUpdateDate>
      <ItemCode>7290001201619</ItemCode>
      <ItemType>1</ItemType>
      <ItemName>ביצים 18  יח`M פיקוח</ItemName>
      <ManufactureName>מ לסר בעמ - חברה לשיווק ביצים</ManufactureName>
      <ManufactureCountry />
      <ManufactureItemDescription />
      <UnitQty>יח`</UnitQty>
      <Quantity>1</Quantity>
      <UnitMeasure />
      <BisWeighted>0</BisWeighted>
      <QtyInPackage>1</QtyInPackage>
      <ItemPrice>15.60</ItemPrice>
      <UnitOfMeasurePrice>15.60</UnitOfMeasurePrice>
      <AllowDiscount>0</AllowDiscount>
      <itemStatus>1</itemStatus>
      <LastUpdateDate />
      <LastUpdateTime />
    </Product>
    <Product>
      <PriceUpdateDate>2019/08/01 11:14</PriceUpdateDate>
      <ItemCode>7290001209189</ItemCode>
      <ItemType>1</ItemType>
      <ItemName>נקניקיות חריפות מהדרין עטרה (400 גרם)</ItemName>
      <ManufactureName>נטו מלינדה סחר - עטרה</ManufactureName>
      <ManufactureCountry />
      <ManufactureItemDescription />
      <UnitQty>יח`</UnitQty>
      <Quantity>500</Quantity>
      <UnitMeasure>גרם</UnitMeasure>
      <BisWeighted>0</BisWeighted>
      <QtyInPackage>1</QtyInPackage>
      <ItemPrice>11.90</ItemPrice>
      <UnitOfMeasurePrice>2.38</UnitOfMeasurePrice>
      <AllowDiscount>1</AllowDiscount>
      <itemStatus>1</itemStatus>
      <LastUpdateDate />
      <LastUpdateTime />
    </Product>
    <Product>
      <PriceUpdateDate>2019/12/15 12:35</PriceUpdateDate>
      <ItemCode>7290001216057</ItemCode>
      <ItemType>1</ItemType>
      <ItemName>טחינה 1 קג</ItemName>
      <ManufactureName>אגס ירוק מסחר ושירותים בעמ</ManufactureName>
      <ManufactureCountry />
      <ManufactureItemDescription />
      <UnitQty>יח`</UnitQty>
      <Quantity>1000</Quantity>
      <UnitMeasure>גרם</UnitMeasure>
      <BisWeighted>0</BisWeighted>
      <QtyInPackage>1</QtyInPackage>
      <ItemPrice>29.90</ItemPrice>
      <UnitOfMeasurePrice>2.99</UnitOfMeasurePrice>
      <AllowDiscount>0</AllowDiscount>
      <itemStatus>1</itemStatus>
      <LastUpdateDate />
      <LastUpdateTime />
    </Product>
    <Product>
      <PriceUpdateDate>2019/12/15 12:35</PriceUpdateDate>
      <ItemCode>7290001216231</ItemCode>
      <ItemType>1</ItemType>
      <ItemName>טחינה משומשום מלא טחינה אל ארז (500 גרם)</ItemName>
      <ManufactureName>אגס ירוק מסחר ושירותים בעמ</ManufactureName>
      <ManufactureCountry />
      <ManufactureItemDescription />
      <UnitQty>יח`</UnitQty>
      <Quantity>500</Quantity>
      <UnitMeasure>גרם</UnitMeasure>
      <BisWeighted>0</BisWeighted>
      <QtyInPackage>1</QtyInPackage>
      <ItemPrice>15.90</ItemPrice>
      <UnitOfMeasurePrice>3.18</UnitOfMeasurePrice>
      <AllowDiscount>0</AllowDiscount>
      <itemStatus>1</itemStatus>
      <LastUpdateDate />
      <LastUpdateTime />
    </Product>
    <Product>
      <PriceUpdateDate>2019/08/11 11:55</PriceUpdateDate>
      <ItemCode>7290001245699</ItemCode>
      <ItemType>1</ItemType>
      <ItemName>אקונומיקה סמיכה 4 ליטר טאצ`</ItemName>
      <ManufactureName>סאסאטק אגשח בעמ</ManufactureName>
      <ManufactureCountry />
      <ManufactureItemDescription />
      <UnitQty>יח`</UnitQty>
      <Quantity>4000</Quantity>
      <UnitMeasure>מ"ל</UnitMeasure>
      <BisWeighted>0</BisWeighted>
      <QtyInPackage>1</QtyInPackage>
      <ItemPrice>11.90</ItemPrice>
      <UnitOfMeasurePrice>0.30</UnitOfMeasurePrice>
      <AllowDiscount>1</AllowDiscount>
      <itemStatus>1</itemStatus>
      <LastUpdateDate />
      <LastUpdateTime />
    </Product>
    <Product>
      <PriceUpdateDate>2019/08/11 11:55</PriceUpdateDate>
      <ItemCode>7290001245705</ItemCode>
      <ItemType>1</ItemType>
      <ItemName>אקונומיקה מבושמת 4 ליטר טאצ`</ItemName>
      <ManufactureName>סאסאטק אגשח בעמ</ManufactureName>
      <ManufactureCountry />
      <ManufactureItemDescription />
      <UnitQty>יח`</UnitQty>
      <Quantity>4000</Quantity>
      <UnitMeasure>מ"ל</UnitMeasure>
      <BisWeighted>0</BisWeighted>
      <QtyInPackage>1</QtyInPackage>
      <ItemPrice>9.90</ItemPrice>
      <UnitOfMeasurePrice>0.25</UnitOfMeasurePrice>
      <AllowDiscount>0</AllowDiscount>
      <itemStatus>1</itemStatus>
      <LastUpdateDate />
      <LastUpdateTime />
    </Product>
    <Product>
      <PriceUpdateDate>2019/08/11 11:55</PriceUpdateDate>
      <ItemCode>7290001245729</ItemCode>
      <ItemType>1</ItemType>
      <ItemName>ג`ל כביסה ירוק 3 ליטר טאצ`</ItemName>
      <ManufactureName>סאסאטק אגשח בעמ</ManufactureName>
      <ManufactureCountry />
      <ManufactureItemDescription />
      <UnitQty>יח`</UnitQty>
      <Quantity>3</Quantity>
      <UnitMeasure>1 ליטר</UnitMeasure>
      <BisWeighted>0</BisWeighted>
      <QtyInPackage>1</QtyInPackage>
      <ItemPrice>17.90</ItemPrice>
      <UnitOfMeasurePrice>5.97</UnitOfMeasurePrice>
      <AllowDiscount>1</AllowDiscount>
      <itemStatus>1</itemStatus>
      <LastUpdateDate />
      <LastUpdateTime />
    </Product>
    <Product>
      <PriceUpdateDate>2019/08/11 11:55</PriceUpdateDate>
      <ItemCode>7290001245736</ItemCode>
      <ItemType>1</ItemType>
      <ItemName>ג`ל כביסה כחול 3 ליטר טאצ`</ItemName>
      <ManufactureName>סאסאטק אגשח בעמ</ManufactureName>
      <ManufactureCountry />
      <ManufactureItemDescription />
      <UnitQty>יח`</UnitQty>
      <Quantity>3</Quantity>
      <UnitMeasure>1 ליטר</UnitMeasure>
      <BisWeighted>0</BisWeighted>
      <QtyInPackage>1</QtyInPackage>
      <ItemPrice>17.90</ItemPrice>
      <UnitOfMeasurePrice>5.97</UnitOfMeasurePrice>
      <AllowDiscount>1</AllowDiscount>
      <itemStatus>1</itemStatus>
      <LastUpdateDate />
      <LastUpdateTime />
    </Product>
    <Product>
      <PriceUpdateDate>2019/08/11 11:55</PriceUpdateDate>
      <ItemCode>7290001245750</ItemCode>
      <ItemType>1</ItemType>
      <ItemName>נוזל כלים תפוח 750 מל טאצ</ItemName>
      <ManufactureName>סאסאטק אגשח בעמ</ManufactureName>
      <ManufactureCountry />
      <ManufactureItemDescription />
      <UnitQty>יח`</UnitQty>
      <Quantity>1</Quantity>
      <UnitMeasure />
      <BisWeighted>0</BisWeighted>
      <QtyInPackage>1</QtyInPackage>
      <ItemPrice>5.90</ItemPrice>
      <UnitOfMeasurePrice>5.90</UnitOfMeasurePrice>
      <AllowDiscount>0</AllowDiscount>
      <itemStatus>1</itemStatus>
      <LastUpdateDate />
      <LastUpdateTime />
    </Product>
    <Product>
      <PriceUpdateDate>2019/08/11 11:55</PriceUpdateDate>
      <ItemCode>7290001245804</ItemCode>
      <ItemType>1</ItemType>
      <ItemName>נוזל כלים לבנדר 750 מל טאצ</ItemName>
      <ManufactureName>סאסאטק אגשח בעמ</ManufactureName>
      <ManufactureCountry />
      <ManufactureItemDescription />
      <UnitQty>יח`</UnitQty>
      <Quantity>1</Quantity>
      <UnitMeasure />
      <BisWeighted>0</BisWeighted>
      <QtyInPackage>1</QtyInPackage>
      <ItemPrice>5.90</ItemPrice>
      <UnitOfMeasurePrice>5.90</UnitOfMeasurePrice>
      <AllowDiscount>0</AllowDiscount>
      <itemStatus>1</itemStatus>
      <LastUpdateDate />
      <LastUpdateTime />
    </Product>
    <Product>
      <PriceUpdateDate>2019/08/11 11:55</PriceUpdateDate>
      <ItemCode>7290001245828</ItemCode>
      <ItemType>1</ItemType>
      <ItemName>נוזל כלים קלאסי 1.6 ליטר טאצ</ItemName>
      <ManufactureName>סאסאטק אגשח בעמ</ManufactureName>
      <ManufactureCountry />
      <ManufactureItemDescription />
      <UnitQty>יח`</UnitQty>
      <Quantity>1</Quantity>
      <UnitMeasure />
      <BisWeighted>0</BisWeighted>
      <QtyInPackage>1</QtyInPackage>
      <ItemPrice>9.90</ItemPrice>
      <UnitOfMeasurePrice>9.90</UnitOfMeasurePrice>
      <AllowDiscount>0</AllowDiscount>
      <itemStatus>1</itemStatus>
      <LastUpdateDate />
      <LastUpdateTime />
    </Product>
    <Product>
      <PriceUpdateDate>2019/11/12 08:36</PriceUpdateDate>
      <ItemCode>7290001245835</ItemCode>
      <ItemType>1</ItemType>
      <ItemName>נוזל רצפות אורנים 4 ליטר טאצ</ItemName>
      <ManufactureName>סאסאטק אגשח בעמ</ManufactureName>
      <ManufactureCountry />
      <ManufactureItemDescription />
      <UnitQty>יח`</UnitQty>
      <Quantity>4000</Quantity>
      <UnitMeasure>מ"ל</UnitMeasure>
      <BisWeighted>0</BisWeighted>
      <QtyInPackage>1</QtyInPackage>
      <ItemPrice>13.90</ItemPrice>
      <UnitOfMeasurePrice>0.35</UnitOfMeasurePrice>
      <AllowDiscount>1</AllowDiscount>
      <itemStatus>1</itemStatus>
      <LastUpdateDate />
      <LastUpdateTime />
    </Product>
    <Product>
      <PriceUpdateDate>2019/11/12 08:36</PriceUpdateDate>
      <ItemCode>7290001245842</ItemCode>
      <ItemType>1</ItemType>
      <ItemName>נוזל רצפות מאסק 4 ליטר טאצ</ItemName>
      <ManufactureName>סאסאטק אגשח בעמ</ManufactureName>
      <ManufactureCountry />
      <ManufactureItemDescription />
      <UnitQty>יח`</UnitQty>
      <Quantity>4000</Quantity>
      <UnitMeasure>מ"ל</UnitMeasure>
      <BisWeighted>0</BisWeighted>
      <QtyInPackage>1</QtyInPackage>
      <ItemPrice>13.90</ItemPrice>
      <UnitOfMeasurePrice>0.35</UnitOfMeasurePrice>
      <AllowDiscount>1</AllowDiscount>
      <itemStatus>1</itemStatus>
      <LastUpdateDate />
      <LastUpdateTime />
    </Product>
    <Product>
      <PriceUpdateDate>2019/11/12 08:36</PriceUpdateDate>
      <ItemCode>7290001245897</ItemCode>
      <ItemType>1</ItemType>
      <ItemName>נוזל רצפות יסמין 4 ליטר טאצ`</ItemName>
      <ManufactureName>סאסאטק אגשח בעמ</ManufactureName>
      <ManufactureCountry />
      <ManufactureItemDescription />
      <UnitQty>יח`</UnitQty>
      <Quantity>4000</Quantity>
      <UnitMeasure>מ"ל</UnitMeasure>
      <BisWeighted>0</BisWeighted>
      <QtyInPackage>1</QtyInPackage>
      <ItemPrice>13.90</ItemPrice>
      <UnitOfMeasurePrice>0.35</UnitOfMeasurePrice>
      <AllowDiscount>1</AllowDiscount>
      <itemStatus>1</itemStatus>
      <LastUpdateDate />
      <LastUpdateTime />
    </Product>
    <Product>
      <PriceUpdateDate>2019/08/11 11:55</PriceUpdateDate>
      <ItemCode>7290001245903</ItemCode>
      <ItemType>1</ItemType>
      <ItemName>מרכך כביסה מרוכז 1 ליטר ורוד</ItemName>
      <ManufactureName>סאסאטק אגשח בעמ</ManufactureName>
      <ManufactureCountry />
      <ManufactureItemDescription />
      <UnitQty>יח`</UnitQty>
      <Quantity>1000</Quantity>
      <UnitMeasure>מ"ל</UnitMeasure>
      <BisWeighted>0</BisWeighted>
      <QtyInPackage>1</QtyInPackage>
      <ItemPrice>8.90</ItemPrice>
      <UnitOfMeasurePrice>0.89</UnitOfMeasurePrice>
      <AllowDiscount>0</AllowDiscount>
      <itemStatus>1</itemStatus>
      <LastUpdateDate />
      <LastUpdateTime />
    </Product>
    <Product>
      <PriceUpdateDate>2019/08/11 11:55</PriceUpdateDate>
      <ItemCode>7290001245910</ItemCode>
      <ItemType>1</ItemType>
      <ItemName>מרכך כביסה מרוכז 1 ליטר כחול</ItemName>
      <ManufactureName>סאסאטק אגשח בעמ</ManufactureName>
      <ManufactureCountry />
      <ManufactureItemDescription />
      <UnitQty>יח`</UnitQty>
      <Quantity>1000</Quantity>
      <UnitMeasure>מ"ל</UnitMeasure>
      <BisWeighted>0</BisWeighted>
      <QtyInPackage>1</QtyInPackage>
      <ItemPrice>8.90</ItemPrice>
      <UnitOfMeasurePrice>0.89</UnitOfMeasurePrice>
      <AllowDiscount>0</AllowDiscount>
      <itemStatus>1</itemStatus>
      <LastUpdateDate />
      <LastUpdateTime />
    </Product>
    <Product>
      <PriceUpdateDate>2019/08/11 11:55</PriceUpdateDate>
      <ItemCode>7290001245927</ItemCode>
      <ItemType>1</ItemType>
      <ItemName>מרכך כביסה מרוכז 1 ליטר לבן</ItemName>
      <ManufactureName>סאסאטק אגשח בעמ</ManufactureName>
      <ManufactureCountry />
      <ManufactureItemDescription />
      <UnitQty>יח`</UnitQty>
      <Quantity>1000</Quantity>
      <UnitMeasure>מ"ל</UnitMeasure>
      <BisWeighted>0</BisWeighted>
      <QtyInPackage>1</QtyInPackage>
      <ItemPrice>8.90</ItemPrice>
      <UnitOfMeasurePrice>0.89</UnitOfMeasurePrice>
      <AllowDiscount>0</AllowDiscount>
      <itemStatus>1</itemStatus>
      <LastUpdateDate />
      <LastUpdateTime />
    </Product>
    <Product>
      <PriceUpdateDate>2019/08/11 11:55</PriceUpdateDate>
      <ItemCode>7290001245958</ItemCode>
      <ItemType>1</ItemType>
      <ItemName>מרכך כביסה 4 ליטר ורוד</ItemName>
      <ManufactureName>סאסאטק אגשח בעמ</ManufactureName>
      <ManufactureCountry />
      <ManufactureItemDescription />
      <UnitQty>יח`</UnitQty>
      <Quantity>4000</Quantity>
      <UnitMeasure>מ"ל</UnitMeasure>
      <BisWeighted>0</BisWeighted>
      <QtyInPackage>1</QtyInPackage>
      <ItemPrice>13.90</ItemPrice>
      <UnitOfMeasurePrice>0.35</UnitOfMeasurePrice>
      <AllowDiscount>1</AllowDiscount>
      <itemStatus>1</itemStatus>
      <LastUpdateDate />
      <LastUpdateTime />
    </Product>
    <Product>
      <PriceUpdateDate>2019/08/11 11:55</PriceUpdateDate>
      <ItemCode>7290001245965</ItemCode>
      <ItemType>1</ItemType>
      <ItemName>מרכך כביסה 4 ליטר כחול</ItemName>
      <ManufactureName>סאסאטק אגשח בעמ</ManufactureName>
      <ManufactureCountry />
      <ManufactureItemDescription />
      <UnitQty>יח`</UnitQty>
      <Quantity>4000</Quantity>
      <UnitMeasure>מ"ל</UnitMeasure>
      <BisWeighted>0</BisWeighted>
      <QtyInPackage>1</QtyInPackage>
      <ItemPrice>13.90</ItemPrice>
      <UnitOfMeasurePrice>0.35</UnitOfMeasurePrice>
      <AllowDiscount>1</AllowDiscount>
      <itemStatus>1</itemStatus>
      <LastUpdateDate />
      <LastUpdateTime />
    </Product>
    <Product>
      <PriceUpdateDate>2019/08/11 11:55</PriceUpdateDate>
      <ItemCode>7290001245972</ItemCode>
      <ItemType>1</ItemType>
      <ItemName>מרכך כביסה 4 ליטר לבן</ItemName>
      <ManufactureName>סאסאטק אגשח בעמ</ManufactureName>
      <ManufactureCountry />
      <ManufactureItemDescription />
      <UnitQty>יח`</UnitQty>
      <Quantity>4000</Quantity>
      <UnitMeasure>מ"ל</UnitMeasure>
      <BisWeighted>0</BisWeighted>
      <QtyInPackage>1</QtyInPackage>
      <ItemPrice>13.90</ItemPrice>
      <UnitOfMeasurePrice>0.35</UnitOfMeasurePrice>
      <AllowDiscount>1</AllowDiscount>
      <itemStatus>1</itemStatus>
      <LastUpdateDate />
      <LastUpdateTime />
    </Product>
    <Product>
      <PriceUpdateDate>2019/08/11 11:55</PriceUpdateDate>
      <ItemCode>7290001246054</ItemCode>
      <ItemType>1</ItemType>
      <ItemName>פותח סתימות 1 ליטר טאצ</ItemName>
      <ManufactureName>סאסאטק אגשח בעמ</ManufactureName>
      <ManufactureCountry />
      <ManufactureItemDescription />
      <UnitQty>יח`</UnitQty>
      <Quantity>1000</Quantity>
      <UnitMeasure>מ"ל</UnitMeasure>
      <BisWeighted>0</BisWeighted>
      <QtyInPackage>1</QtyInPackage>
      <ItemPrice>11.90</ItemPrice>
      <UnitOfMeasurePrice>1.19</UnitOfMeasurePrice>
      <AllowDiscount>0</AllowDiscount>
      <itemStatus>1</itemStatus>
      <LastUpdateDate />
      <LastUpdateTime />
    </Product>
    <Product>
      <PriceUpdateDate>2019/08/11 11:55</PriceUpdateDate>
      <ItemCode>7290001246085</ItemCode>
      <ItemType>1</ItemType>
      <ItemName>נוזל לניקוי חלונות 1 ליטר טאצ</ItemName>
      <ManufactureName>סאסאטק אגשח בעמ</ManufactureName>
      <ManufactureCountry />
      <ManufactureItemDescription />
      <UnitQty>יח`</UnitQty>
      <Quantity>1000</Quantity>
      <UnitMeasure>מ"ל</UnitMeasure>
      <BisWeighted>0</BisWeighted>
      <QtyInPackage>1</QtyInPackage>
      <ItemPrice>5.90</ItemPrice>
      <UnitOfMeasurePrice>0.59</UnitOfMeasurePrice>
      <AllowDiscount>0</AllowDiscount>
      <itemStatus>1</itemStatus>
      <LastUpdateDate />
      <LastUpdateTime />
    </Product>
    <Product>
      <PriceUpdateDate>2019/11/13 15:45</PriceUpdateDate>
      <ItemCode>7290001246115</ItemCode>
      <ItemType>1</ItemType>
      <ItemName>תרסיס מסיר עובש 750 מל טא`צ</ItemName>
      <ManufactureName>סאסאטק אגשח בעמ</ManufactureName>
      <ManufactureCountry />
      <ManufactureItemDescription />
      <UnitQty>יח`</UnitQty>
      <Quantity>1</Quantity>
      <UnitMeasure />
      <BisWeighted>0</BisWeighted>
      <QtyInPackage>1</QtyInPackage>
      <ItemPrice>11.90</ItemPrice>
      <UnitOfMeasurePrice>11.90</UnitOfMeasurePrice>
      <AllowDiscount>0</AllowDiscount>
      <itemStatus>1</itemStatus>
      <LastUpdateDate />
      <LastUpdateTime />
    </Product>
    <Product>
      <PriceUpdateDate>2019/11/13 15:45</PriceUpdateDate>
      <ItemCode>7290001246122</ItemCode>
      <ItemType>1</ItemType>
      <ItemName>תרסיס ניקוי כללי 750 מל +אקונומיקה טאצ`</ItemName>
      <ManufactureName>סאסאטק אגשח בעמ</ManufactureName>
      <ManufactureCountry />
      <ManufactureItemDescription />
      <UnitQty>יח`</UnitQty>
      <Quantity>750</Quantity>
      <UnitMeasure>מ"ל</UnitMeasure>
      <BisWeighted>0</BisWeighted>
      <QtyInPackage>1</QtyInPackage>
      <ItemPrice>11.90</ItemPrice>
      <UnitOfMeasurePrice>1.59</UnitOfMeasurePrice>
      <AllowDiscount>0</AllowDiscount>
      <itemStatus>1</itemStatus>
      <LastUpdateDate />
      <LastUpdateTime />
    </Product>
    <Product>
      <PriceUpdateDate>2019/11/13 15:45</PriceUpdateDate>
      <ItemCode>7290001246221</ItemCode>
      <ItemType>1</ItemType>
      <ItemName>תרסיס מטהר אוויר לימון 300 מל טאצ</ItemName>
      <ManufactureName>סאסאטק אגשח בעמ</ManufactureName>
      <ManufactureCountry />
      <ManufactureItemDescription />
      <UnitQty>יח`</UnitQty>
      <Quantity>1</Quantity>
      <UnitMeasure />
      <BisWeighted>0</BisWeighted>
      <QtyInPackage>1</QtyInPackage>
      <ItemPrice>5.90</ItemPrice>
      <UnitOfMeasurePrice>5.90</UnitOfMeasurePrice>
      <AllowDiscount>0</AllowDiscount>
      <itemStatus>1</itemStatus>
      <LastUpdateDate />
      <LastUpdateTime />
    </Product>
    <Product>
      <PriceUpdateDate>2019/11/13 15:45</PriceUpdateDate>
      <ItemCode>7290001246269</ItemCode>
      <ItemType>1</ItemType>
      <ItemName>תרסיס מטהר אוויר לבנדר 300 מל טא`צ</ItemName>
      <ManufactureName>סאסאטק אגשח בעמ</ManufactureName>
      <ManufactureCountry />
      <ManufactureItemDescription />
      <UnitQty>יח`</UnitQty>
      <Quantity>300</Quantity>
      <UnitMeasure>מ"ל</UnitMeasure>
      <BisWeighted>0</BisWeighted>
      <QtyInPackage>1</QtyInPackage>
      <ItemPrice>5.90</ItemPrice>
      <UnitOfMeasurePrice>1.97</UnitOfMeasurePrice>
      <AllowDiscount>0</AllowDiscount>
      <itemStatus>1</itemStatus>
      <LastUpdateDate />
      <LastUpdateTime />
    </Product>
    <Product>
      <PriceUpdateDate>2019/11/13 15:45</PriceUpdateDate>
      <ItemCode>7290001246276</ItemCode>
      <ItemType>1</ItemType>
      <ItemName>תרסיס מטהר אוויר אורנים 300 מל טא`צ</ItemName>
      <ManufactureName>סאסאטק אגשח בעמ</ManufactureName>
      <ManufactureCountry />
      <ManufactureItemDescription />
      <UnitQty>יח`</UnitQty>
      <Quantity>300</Quantity>
      <UnitMeasure>מ"ל</UnitMeasure>
      <BisWeighted>0</BisWeighted>
      <QtyInPackage>1</QtyInPackage>
      <ItemPrice>5.90</ItemPrice>
      <UnitOfMeasurePrice>1.97</UnitOfMeasurePrice>
      <AllowDiscount>0</AllowDiscount>
      <itemStatus>1</itemStatus>
      <LastUpdateDate />
      <LastUpdateTime />
    </Product>
    <Product>
      <PriceUpdateDate>2019/11/13 15:45</PriceUpdateDate>
      <ItemCode>7290001246290</ItemCode>
      <ItemType>1</ItemType>
      <ItemName>תרסיס רסס נגב 750 מל טאצ</ItemName>
      <ManufactureName>סאסאטק אגשח בעמ</ManufactureName>
      <ManufactureCountry />
      <ManufactureItemDescription />
      <UnitQty>יח`</UnitQty>
      <Quantity>1</Quantity>
      <UnitMeasure />
      <BisWeighted>0</BisWeighted>
      <QtyInPackage>1</QtyInPackage>
      <ItemPrice>11.90</ItemPrice>
      <UnitOfMeasurePrice>11.90</UnitOfMeasurePrice>
      <AllowDiscount>0</AllowDiscount>
      <itemStatus>1</itemStatus>
      <LastUpdateDate />
      <LastUpdateTime />
    </Product>
    <Product>
      <PriceUpdateDate>2019/11/13 15:45</PriceUpdateDate>
      <ItemCode>7290001246320</ItemCode>
      <ItemType>1</ItemType>
      <ItemName>ג`ל אסלות לימון 750 מל טא`צ</ItemName>
      <ManufactureName>סאסאטק אגשח בעמ</ManufactureName>
      <ManufactureCountry />
      <ManufactureItemDescription />
      <UnitQty>יח`</UnitQty>
      <Quantity>1</Quantity>
      <UnitMeasure />
      <BisWeighted>0</BisWeighted>
      <QtyInPackage>1</QtyInPackage>
      <ItemPrice>8.90</ItemPrice>
      <UnitOfMeasurePrice>8.90</UnitOfMeasurePrice>
      <AllowDiscount>0</AllowDiscount>
      <itemStatus>1</itemStatus>
      <LastUpdateDate />
      <LastUpdateTime />
    </Product>
    <Product>
      <PriceUpdateDate>2019/11/13 15:45</PriceUpdateDate>
      <ItemCode>7290001246337</ItemCode>
      <ItemType>1</ItemType>
      <ItemName>ג`ל אסלות אורנית 750 מל טא`צ</ItemName>
      <ManufactureName>סאסאטק אגשח בעמ</ManufactureName>
      <ManufactureCountry />
      <ManufactureItemDescription />
      <UnitQty>יח`</UnitQty>
      <Quantity>1</Quantity>
      <UnitMeasure />
      <BisWeighted>0</BisWeighted>
      <QtyInPackage>1</QtyInPackage>
      <ItemPrice>8.90</ItemPrice>
      <UnitOfMeasurePrice>8.90</UnitOfMeasurePrice>
      <AllowDiscount>0</AllowDiscount>
      <itemStatus>1</itemStatus>
      <LastUpdateDate />
      <LastUpdateTime />
    </Product>
    <Product>
      <PriceUpdateDate>2019/11/12 08:36</PriceUpdateDate>
      <ItemCode>7290001246351</ItemCode>
      <ItemType>1</ItemType>
      <ItemName>נוזל רצפות לבנדר 4 ליטר טאצ</ItemName>
      <ManufactureName>סאסאטק אגשח בעמ</ManufactureName>
      <ManufactureCountry />
      <ManufactureItemDescription />
      <UnitQty>יח`</UnitQty>
      <Quantity>4000</Quantity>
      <UnitMeasure>מ"ל</UnitMeasure>
      <BisWeighted>0</BisWeighted>
      <QtyInPackage>1</QtyInPackage>
      <ItemPrice>13.90</ItemPrice>
      <UnitOfMeasurePrice>0.35</UnitOfMeasurePrice>
      <AllowDiscount>1</AllowDiscount>
      <itemStatus>1</itemStatus>
      <LastUpdateDate />
      <LastUpdateTime />
    </Product>
    <Product>
      <PriceUpdateDate>2019/12/22 11:07</PriceUpdateDate>
      <ItemCode>7290001246474</ItemCode>
      <ItemType>1</ItemType>
      <ItemName>תרסיס ניקוי שטיחים 600 מל טא`צ</ItemName>
      <ManufactureName>סאסאטק אגשח בעמ</ManufactureName>
      <ManufactureCountry />
      <ManufactureItemDescription />
      <UnitQty>יח`</UnitQty>
      <Quantity>1</Quantity>
      <UnitMeasure />
      <BisWeighted>0</BisWeighted>
      <QtyInPackage>1</QtyInPackage>
      <ItemPrice>14.90</ItemPrice>
      <UnitOfMeasurePrice>14.90</UnitOfMeasurePrice>
      <AllowDiscount>0</AllowDiscount>
      <itemStatus>1</itemStatus>
      <LastUpdateDate />
      <LastUpdateTime />
    </Product>
    <Product>
      <PriceUpdateDate>2019/12/22 11:07</PriceUpdateDate>
      <ItemCode>7290001246542</ItemCode>
      <ItemType>1</ItemType>
      <ItemName>תרסיס מבריק רהיטים 400 מל טאצ</ItemName>
      <ManufactureName>סאסאטק אגשח בעמ</ManufactureName>
      <ManufactureCountry />
      <ManufactureItemDescription />
      <UnitQty>יח`</UnitQty>
      <Quantity>1</Quantity>
      <UnitMeasure />
      <BisWeighted>0</BisWeighted>
      <QtyInPackage>1</QtyInPackage>
      <ItemPrice>14.90</ItemPrice>
      <UnitOfMeasurePrice>14.90</UnitOfMeasurePrice>
      <AllowDiscount>0</AllowDiscount>
      <itemStatus>1</itemStatus>
      <LastUpdateDate />
      <LastUpdateTime />
    </Product>
    <Product>
      <PriceUpdateDate>2013/10/27 11:57</PriceUpdateDate>
      <ItemCode>7290001247006</ItemCode>
      <ItemType>1</ItemType>
      <ItemName>קריסטל 2 ליטר קולה</ItemName>
      <ManufactureName>יפאורה</ManufactureName>
      <ManufactureCountry />
      <ManufactureItemDescription />
      <UnitQty>יח`</UnitQty>
      <Quantity>2</Quantity>
      <UnitMeasure>1 ליטר</UnitMeasure>
      <BisWeighted>0</BisWeighted>
      <QtyInPackage>1</QtyInPackage>
      <ItemPrice>3.80</ItemPrice>
      <UnitOfMeasurePrice>1.90</UnitOfMeasurePrice>
      <AllowDiscount>0</AllowDiscount>
      <itemStatus>1</itemStatus>
      <LastUpdateDate />
      <LastUpdateTime />
    </Product>
    <Product>
      <PriceUpdateDate>2013/10/27 11:57</PriceUpdateDate>
      <ItemCode>7290001247020</ItemCode>
      <ItemType>1</ItemType>
      <ItemName>משקה  אורנג`קריסטל (2 ליטר)</ItemName>
      <ManufactureName>יפאורה</ManufactureName>
      <ManufactureCountry />
      <ManufactureItemDescription />
      <UnitQty>יח`</UnitQty>
      <Quantity>2</Quantity>
      <UnitMeasure>1 ליטר</UnitMeasure>
      <BisWeighted>0</BisWeighted>
      <QtyInPackage>1</QtyInPackage>
      <ItemPrice>3.80</ItemPrice>
      <UnitOfMeasurePrice>1.90</UnitOfMeasurePrice>
      <AllowDiscount>0</AllowDiscount>
      <itemStatus>1</itemStatus>
      <LastUpdateDate />
      <LastUpdateTime />
    </Product>
    <Product>
      <PriceUpdateDate>2013/10/27 11:57</PriceUpdateDate>
      <ItemCode>7290001247037</ItemCode>
      <ItemType>1</ItemType>
      <ItemName>משקה מנטה קריסטל (2 ליטר)</ItemName>
      <ManufactureName>יפאורה</ManufactureName>
      <ManufactureCountry />
      <ManufactureItemDescription />
      <UnitQty>יח`</UnitQty>
      <Quantity>2</Quantity>
      <UnitMeasure>1 ליטר</UnitMeasure>
      <BisWeighted>0</BisWeighted>
      <QtyInPackage>1</QtyInPackage>
      <ItemPrice>3.80</ItemPrice>
      <UnitOfMeasurePrice>1.90</UnitOfMeasurePrice>
      <AllowDiscount>0</AllowDiscount>
      <itemStatus>1</itemStatus>
      <LastUpdateDate />
      <LastUpdateTime />
    </Product>
    <Product>
      <PriceUpdateDate>2013/10/27 11:57</PriceUpdateDate>
      <ItemCode>7290001247044</ItemCode>
      <ItemType>1</ItemType>
      <ItemName>משקה תות קריסטל (2 ליטר)</ItemName>
      <ManufactureName>יפאורה</ManufactureName>
      <ManufactureCountry />
      <ManufactureItemDescription />
      <UnitQty>יח`</UnitQty>
      <Quantity>2</Quantity>
      <UnitMeasure>1 ליטר</UnitMeasure>
      <BisWeighted>0</BisWeighted>
      <QtyInPackage>1</QtyInPackage>
      <ItemPrice>3.80</ItemPrice>
      <UnitOfMeasurePrice>1.90</UnitOfMeasurePrice>
      <AllowDiscount>0</AllowDiscount>
      <itemStatus>1</itemStatus>
      <LastUpdateDate />
      <LastUpdateTime />
    </Product>
    <Product>
      <PriceUpdateDate>2013/10/27 11:57</PriceUpdateDate>
      <ItemCode>7290001247051</ItemCode>
      <ItemType>1</ItemType>
      <ItemName>קריסטל 2 ליטר למון ליים</ItemName>
      <ManufactureName>יפאורה</ManufactureName>
      <ManufactureCountry />
      <ManufactureItemDescription />
      <UnitQty>יח`</UnitQty>
      <Quantity>2</Quantity>
      <UnitMeasure>1 ליטר</UnitMeasure>
      <BisWeighted>0</BisWeighted>
      <QtyInPackage>1</QtyInPackage>
      <ItemPrice>3.80</ItemPrice>
      <UnitOfMeasurePrice>1.90</UnitOfMeasurePrice>
      <AllowDiscount>0</AllowDiscount>
      <itemStatus>1</itemStatus>
      <LastUpdateDate />
      <LastUpdateTime />
    </Product>
    <Product>
      <PriceUpdateDate>2015/12/01 16:31</PriceUpdateDate>
      <ItemCode>7290001247068</ItemCode>
      <ItemType>1</ItemType>
      <ItemName>נקטר תות בננה ספרינג (1 ליטר)</ItemName>
      <ManufactureName>יפאורה</ManufactureName>
      <ManufactureCountry />
      <ManufactureItemDescription />
      <UnitQty>יח`</UnitQty>
      <Quantity>1000</Quantity>
      <UnitMeasure>מ"ל</UnitMeasure>
      <BisWeighted>0</BisWeighted>
      <QtyInPackage>1</QtyInPackage>
      <ItemPrice>5.50</ItemPrice>
      <UnitOfMeasurePrice>0.55</UnitOfMeasurePrice>
      <AllowDiscount>1</AllowDiscount>
      <itemStatus>1</itemStatus>
      <LastUpdateDate />
      <LastUpdateTime />
    </Product>
    <Product>
      <PriceUpdateDate>2015/12/01 16:31</PriceUpdateDate>
      <ItemCode>7290001247082</ItemCode>
      <ItemType>1</ItemType>
      <ItemName>מיץ עגבניות ספרינג (1 ליטר)</ItemName>
      <ManufactureName>יפאורה</ManufactureName>
      <ManufactureCountry />
      <ManufactureItemDescription />
      <UnitQty>יח`</UnitQty>
      <Quantity>1000</Quantity>
      <UnitMeasure>מ"ל</UnitMeasure>
      <BisWeighted>0</BisWeighted>
      <QtyInPackage>1</QtyInPackage>
      <ItemPrice>5.50</ItemPrice>
      <UnitOfMeasurePrice>0.55</UnitOfMeasurePrice>
      <AllowDiscount>1</AllowDiscount>
      <itemStatus>1</itemStatus>
      <LastUpdateDate />
      <LastUpdateTime />
    </Product>
    <Product>
      <PriceUpdateDate>2015/12/01 16:31</PriceUpdateDate>
      <ItemCode>7290001247099</ItemCode>
      <ItemType>1</ItemType>
      <ItemName>נקטר מנגו ספרינג (1 ליטר)</ItemName>
      <ManufactureName>יפאורה</ManufactureName>
      <ManufactureCountry />
      <ManufactureItemDescription />
      <UnitQty>יח`</UnitQty>
      <Quantity>1000</Quantity>
      <UnitMeasure>מ"ל</UnitMeasure>
      <BisWeighted>0</BisWeighted>
      <QtyInPackage>1</QtyInPackage>
      <ItemPrice>5.50</ItemPrice>
      <UnitOfMeasurePrice>0.55</UnitOfMeasurePrice>
      <AllowDiscount>1</AllowDiscount>
      <itemStatus>1</itemStatus>
      <LastUpdateDate />
      <LastUpdateTime />
    </Product>
    <Product>
      <PriceUpdateDate>2015/12/01 16:31</PriceUpdateDate>
      <ItemCode>7290001247143</ItemCode>
      <ItemType>1</ItemType>
      <ItemName>נקטר תפוחים ספרינג (1 ליטר)</ItemName>
      <ManufactureName>יפאורה</ManufactureName>
      <ManufactureCountry />
      <ManufactureItemDescription />
      <UnitQty>יח`</UnitQty>
      <Quantity>1000</Quantity>
      <UnitMeasure>מ"ל</UnitMeasure>
      <BisWeighted>0</BisWeighted>
      <QtyInPackage>1</QtyInPackage>
      <ItemPrice>5.50</ItemPrice>
      <UnitOfMeasurePrice>0.55</UnitOfMeasurePrice>
      <AllowDiscount>1</AllowDiscount>
      <itemStatus>1</itemStatus>
      <LastUpdateDate />
      <LastUpdateTime />
    </Product>
    <Product>
      <PriceUpdateDate>2013/10/27 11:57</PriceUpdateDate>
      <ItemCode>7290001247211</ItemCode>
      <ItemType>1</ItemType>
      <ItemName>משקה ענבים מוגז קריסטל (2 ליטר)</ItemName>
      <ManufactureName>יפאורה</ManufactureName>
      <ManufactureCountry />
      <ManufactureItemDescription />
      <UnitQty>יח`</UnitQty>
      <Quantity>2</Quantity>
      <UnitMeasure>1 ליטר</UnitMeasure>
      <BisWeighted>0</BisWeighted>
      <QtyInPackage>1</QtyInPackage>
      <ItemPrice>3.80</ItemPrice>
      <UnitOfMeasurePrice>1.90</UnitOfMeasurePrice>
      <AllowDiscount>0</AllowDiscount>
      <itemStatus>1</itemStatus>
      <LastUpdateDate />
      <LastUpdateTime />
    </Product>
    <Product>
      <PriceUpdateDate>2019/03/24 12:39</PriceUpdateDate>
      <ItemCode>7290001247952</ItemCode>
      <ItemType>1</ItemType>
      <ItemName>משקה קל ענבים תפוזינה (1.5 ליטר)</ItemName>
      <ManufactureName>יפאורה</ManufactureName>
      <ManufactureCountry />
      <ManufactureItemDescription />
      <UnitQty>יח`</UnitQty>
      <Quantity>1500</Quantity>
      <UnitMeasure>מ"ל</UnitMeasure>
      <BisWeighted>0</BisWeighted>
      <QtyInPackage>1</QtyInPackage>
      <ItemPrice>6.50</ItemPrice>
      <UnitOfMeasurePrice>0.43</UnitOfMeasurePrice>
      <AllowDiscount>1</AllowDiscount>
      <itemStatus>1</itemStatus>
      <LastUpdateDate />
      <LastUpdateTime />
    </Product>
    <Product>
      <PriceUpdateDate>2014/08/18 18:06</PriceUpdateDate>
      <ItemCode>7290001265116</ItemCode>
      <ItemType>1</ItemType>
      <ItemName>דייסלה -2ב-1 קורנפלור</ItemName>
      <ManufactureName>קבוצת אסם סחר שות. מוגבלת</ManufactureName>
      <ManufactureCountry />
      <ManufactureItemDescription />
      <UnitQty>יח`</UnitQty>
      <Quantity>300</Quantity>
      <UnitMeasure>גרם</UnitMeasure>
      <BisWeighted>0</BisWeighted>
      <QtyInPackage>1</QtyInPackage>
      <ItemPrice>18.90</ItemPrice>
      <UnitOfMeasurePrice>6.30</UnitOfMeasurePrice>
      <AllowDiscount>1</AllowDiscount>
      <itemStatus>1</itemStatus>
      <LastUpdateDate />
      <LastUpdateTime />
    </Product>
    <Product>
      <PriceUpdateDate>2015/12/01 15:20</PriceUpdateDate>
      <ItemCode>7290001265642</ItemCode>
      <ItemType>1</ItemType>
      <ItemName>מזון חתולים רטוב לה קט (400x3 גרם)</ItemName>
      <ManufactureName>דיפלומט היינץ</ManufactureName>
      <ManufactureCountry />
      <ManufactureItemDescription />
      <UnitQty>יח`</UnitQty>
      <Quantity>1.20</Quantity>
      <UnitMeasure>ק"ג</UnitMeasure>
      <BisWeighted>0</BisWeighted>
      <QtyInPackage>1</QtyInPackage>
      <ItemPrice>20.90</ItemPrice>
      <UnitOfMeasurePrice>17.42</UnitOfMeasurePrice>
      <AllowDiscount>0</AllowDiscount>
      <itemStatus>1</itemStatus>
      <LastUpdateDate />
      <LastUpdateTime />
    </Product>
    <Product>
      <PriceUpdateDate>2015/05/01 08:18</PriceUpdateDate>
      <ItemCode>7290001274422</ItemCode>
      <ItemType>1</ItemType>
      <ItemName>מאגדת ציפוי שוקו בננה 8 יח`</ItemName>
      <ManufactureName>פלקו בעמ</ManufactureName>
      <ManufactureCountry />
      <ManufactureItemDescription />
      <UnitQty>יח`</UnitQty>
      <Quantity>1</Quantity>
      <UnitMeasure />
      <BisWeighted>0</BisWeighted>
      <QtyInPackage>1</QtyInPackage>
      <ItemPrice>24.90</ItemPrice>
      <UnitOfMeasurePrice>24.90</UnitOfMeasurePrice>
      <AllowDiscount>0</AllowDiscount>
      <itemStatus>1</itemStatus>
      <LastUpdateDate />
      <LastUpdateTime />
    </Product>
    <Product>
      <PriceUpdateDate>2013/12/31 12:18</PriceUpdateDate>
      <ItemCode>7290001274941</ItemCode>
      <ItemType>1</ItemType>
      <ItemName>מאגדת קרחונים דיאט שמינייה</ItemName>
      <ManufactureName>פלקו בעמ</ManufactureName>
      <ManufactureCountry />
      <ManufactureItemDescription />
      <UnitQty>יח`</UnitQty>
      <Quantity>640</Quantity>
      <UnitMeasure>גרם</UnitMeasure>
      <BisWeighted>0</BisWeighted>
      <QtyInPackage>1</QtyInPackage>
      <ItemPrice>22</ItemPrice>
      <UnitOfMeasurePrice>3.44</UnitOfMeasurePrice>
      <AllowDiscount>0</AllowDiscount>
      <itemStatus>1</itemStatus>
      <LastUpdateDate />
      <LastUpdateTime />
    </Product>
    <Product>
      <PriceUpdateDate>2015/09/08 11:20</PriceUpdateDate>
      <ItemCode>7290001305058</ItemCode>
      <ItemType>1</ItemType>
      <ItemName>פלמוליב ח ודבש 500מל חדש</ItemName>
      <ManufactureName>ש.שסטוביץ בעמ</ManufactureName>
      <ManufactureCountry />
      <ManufactureItemDescription />
      <UnitQty>יח`</UnitQty>
      <Quantity>500</Quantity>
      <UnitMeasure>מ"ל</UnitMeasure>
      <BisWeighted>0</BisWeighted>
      <QtyInPackage>1</QtyInPackage>
      <ItemPrice>19.90</ItemPrice>
      <UnitOfMeasurePrice>3.98</UnitOfMeasurePrice>
      <AllowDiscount>1</AllowDiscount>
      <itemStatus>1</itemStatus>
      <LastUpdateDate />
      <LastUpdateTime />
    </Product>
    <Product>
      <PriceUpdateDate>2020/01/05 11:29</PriceUpdateDate>
      <ItemCode>7290001322352</ItemCode>
      <ItemType>1</ItemType>
      <ItemName>טחון בקר קפוא 1 קג מוצפי</ItemName>
      <ManufactureName>בלדי בעמ</ManufactureName>
      <ManufactureCountry />
      <ManufactureItemDescription />
      <UnitQty>יח`</UnitQty>
      <Quantity>1</Quantity>
      <UnitMeasure>ק"ג</UnitMeasure>
      <BisWeighted>0</BisWeighted>
      <QtyInPackage>1</QtyInPackage>
      <ItemPrice>31.90</ItemPrice>
      <UnitOfMeasurePrice>31.90</UnitOfMeasurePrice>
      <AllowDiscount>0</AllowDiscount>
      <itemStatus>1</itemStatus>
      <LastUpdateDate />
      <LastUpdateTime />
    </Product>
    <Product>
      <PriceUpdateDate>2015/07/05 15:28</PriceUpdateDate>
      <ItemCode>7290001327180</ItemCode>
      <ItemType>1</ItemType>
      <ItemName>שטראוס קרמיסימו</ItemName>
      <ManufactureName>גלידות שטראוס בעמ</ManufactureName>
      <ManufactureCountry />
      <ManufactureItemDescription />
      <UnitQty>יח`</UnitQty>
      <Quantity>1.33</Quantity>
      <UnitMeasure>1 ליטר</UnitMeasure>
      <BisWeighted>0</BisWeighted>
      <QtyInPackage>1</QtyInPackage>
      <ItemPrice>18.90</ItemPrice>
      <UnitOfMeasurePrice>14.21</UnitOfMeasurePrice>
      <AllowDiscount>1</AllowDiscount>
      <itemStatus>1</itemStatus>
      <LastUpdateDate />
      <LastUpdateTime />
    </Product>
    <Product>
      <PriceUpdateDate>2015/07/05 15:28</PriceUpdateDate>
      <ItemCode>7290001327197</ItemCode>
      <ItemType>1</ItemType>
      <ItemName>שטראוס קרמיסימו שוקולד וניל</ItemName>
      <ManufactureName>גלידות שטראוס בעמ</ManufactureName>
      <ManufactureCountry />
      <ManufactureItemDescription />
      <UnitQty>יח`</UnitQty>
      <Quantity>1.33</Quantity>
      <UnitMeasure>1 ליטר</UnitMeasure>
      <BisWeighted>0</BisWeighted>
      <QtyInPackage>1</QtyInPackage>
      <ItemPrice>18.90</ItemPrice>
      <UnitOfMeasurePrice>14.21</UnitOfMeasurePrice>
      <AllowDiscount>1</AllowDiscount>
      <itemStatus>1</itemStatus>
      <LastUpdateDate />
      <LastUpdateTime />
    </Product>
    <Product>
      <PriceUpdateDate>2015/07/05 15:28</PriceUpdateDate>
      <ItemCode>7290001327791</ItemCode>
      <ItemType>1</ItemType>
      <ItemName>שטראוס קרמיסימו</ItemName>
      <ManufactureName>גלידות שטראוס בעמ</ManufactureName>
      <ManufactureCountry />
      <ManufactureItemDescription />
      <UnitQty>יח`</UnitQty>
      <Quantity>1.33</Quantity>
      <UnitMeasure>1 ליטר</UnitMeasure>
      <BisWeighted>0</BisWeighted>
      <QtyInPackage>1</QtyInPackage>
      <ItemPrice>18.90</ItemPrice>
      <UnitOfMeasurePrice>14.21</UnitOfMeasurePrice>
      <AllowDiscount>1</AllowDiscount>
      <itemStatus>1</itemStatus>
      <LastUpdateDate />
      <LastUpdateTime />
    </Product>
    <Product>
      <PriceUpdateDate>2015/06/07 11:35</PriceUpdateDate>
      <ItemCode>7290001343845</ItemCode>
      <ItemType>1</ItemType>
      <ItemName>גרנולה עם תוספות 1 קג</ItemName>
      <ManufactureName>דין שיווק וקליה בעמ</ManufactureName>
      <ManufactureCountry />
      <ManufactureItemDescription />
      <UnitQty>יח`</UnitQty>
      <Quantity>1</Quantity>
      <UnitMeasure>ק"ג</UnitMeasure>
      <BisWeighted>0</BisWeighted>
      <QtyInPackage>1</QtyInPackage>
      <ItemPrice>19.90</ItemPrice>
      <UnitOfMeasurePrice>19.90</UnitOfMeasurePrice>
      <AllowDiscount>1</AllowDiscount>
      <itemStatus>1</itemStatus>
      <LastUpdateDate />
      <LastUpdateTime />
    </Product>
    <Product>
      <PriceUpdateDate>2015/05/28 11:11</PriceUpdateDate>
      <ItemCode>7290001407127</ItemCode>
      <ItemType>1</ItemType>
      <ItemName>חלבה פרוסות קלאסית וניל 400 גר</ItemName>
      <ManufactureName>קבוצת אסם סחר שות. מוגבלת</ManufactureName>
      <ManufactureCountry />
      <ManufactureItemDescription />
      <UnitQty>יח`</UnitQty>
      <Quantity>400</Quantity>
      <UnitMeasure>גרם</UnitMeasure>
      <BisWeighted>0</BisWeighted>
      <QtyInPackage>1</QtyInPackage>
      <ItemPrice>13.90</ItemPrice>
      <UnitOfMeasurePrice>3.48</UnitOfMeasurePrice>
      <AllowDiscount>0</AllowDiscount>
      <itemStatus>1</itemStatus>
      <LastUpdateDate />
      <LastUpdateTime />
    </Product>
    <Product>
      <PriceUpdateDate>2015/05/28 11:11</PriceUpdateDate>
      <ItemCode>7290001407134</ItemCode>
      <ItemType>1</ItemType>
      <ItemName>חלבה פרוסות קלאסית שוקו וניל 400 גר`</ItemName>
      <ManufactureName>קבוצת אסם סחר שות. מוגבלת</ManufactureName>
      <ManufactureCountry />
      <ManufactureItemDescription />
      <UnitQty>יח`</UnitQty>
      <Quantity>400</Quantity>
      <UnitMeasure>גרם</UnitMeasure>
      <BisWeighted>0</BisWeighted>
      <QtyInPackage>1</QtyInPackage>
      <ItemPrice>13.90</ItemPrice>
      <UnitOfMeasurePrice>3.48</UnitOfMeasurePrice>
      <AllowDiscount>0</AllowDiscount>
      <itemStatus>1</itemStatus>
      <LastUpdateDate />
      <LastUpdateTime />
    </Product>
    <Product>
      <PriceUpdateDate>2015/09/03 21:48</PriceUpdateDate>
      <ItemCode>7290001407547</ItemCode>
      <ItemType>1</ItemType>
      <ItemName>טחינה בארכה שומשום מלא פי 6 סידן</ItemName>
      <ManufactureName>קבוצת אסם סחר שות. מוגבלת</ManufactureName>
      <ManufactureCountry />
      <ManufactureItemDescription />
      <UnitQty>יח`</UnitQty>
      <Quantity>500</Quantity>
      <UnitMeasure>גרם</UnitMeasure>
      <BisWeighted>0</BisWeighted>
      <QtyInPackage>1</QtyInPackage>
      <ItemPrice>12.90</ItemPrice>
      <UnitOfMeasurePrice>2.58</UnitOfMeasurePrice>
      <AllowDiscount>0</AllowDiscount>
      <itemStatus>1</itemStatus>
      <LastUpdateDate />
      <LastUpdateTime />
    </Product>
    <Product>
      <PriceUpdateDate>2016/08/24 08:36</PriceUpdateDate>
      <ItemCode>7290001407936</ItemCode>
      <ItemType>1</ItemType>
      <ItemName>בארכה טחינה מעודנת 310 גרם</ItemName>
      <ManufactureName>קבוצת אסם סחר שות. מוגבלת</ManufactureName>
      <ManufactureCountry />
      <ManufactureItemDescription />
      <UnitQty>יח`</UnitQty>
      <Quantity>310</Quantity>
      <UnitMeasure>גרם</UnitMeasure>
      <BisWeighted>0</BisWeighted>
      <QtyInPackage>1</QtyInPackage>
      <ItemPrice>10.90</ItemPrice>
      <UnitOfMeasurePrice>3.52</UnitOfMeasurePrice>
      <AllowDiscount>0</AllowDiscount>
      <itemStatus>1</itemStatus>
      <LastUpdateDate />
      <LastUpdateTime />
    </Product>
    <Product>
      <PriceUpdateDate>2015/10/15 08:18</PriceUpdateDate>
      <ItemCode>7290001419779</ItemCode>
      <ItemType>1</ItemType>
      <ItemName>וופל קלאסי שוקולד 200 גר` עלמה</ItemName>
      <ManufactureName>רזיט שיווק בעמ</ManufactureName>
      <ManufactureCountry />
      <ManufactureItemDescription />
      <UnitQty>יח`</UnitQty>
      <Quantity>200</Quantity>
      <UnitMeasure>גרם</UnitMeasure>
      <BisWeighted>0</BisWeighted>
      <QtyInPackage>1</QtyInPackage>
      <ItemPrice>2.90</ItemPrice>
      <UnitOfMeasurePrice>1.45</UnitOfMeasurePrice>
      <AllowDiscount>1</AllowDiscount>
      <itemStatus>1</itemStatus>
      <LastUpdateDate />
      <LastUpdateTime />
    </Product>
    <Product>
      <PriceUpdateDate>2015/10/15 08:18</PriceUpdateDate>
      <ItemCode>7290001419892</ItemCode>
      <ItemType>1</ItemType>
      <ItemName>וופל קלאסי לימון 200 גר` עלמה</ItemName>
      <ManufactureName>רזיט שיווק בעמ</ManufactureName>
      <ManufactureCountry />
      <ManufactureItemDescription />
      <UnitQty>יח`</UnitQty>
      <Quantity>200</Quantity>
      <UnitMeasure>גרם</UnitMeasure>
      <BisWeighted>0</BisWeighted>
      <QtyInPackage>1</QtyInPackage>
      <ItemPrice>2.90</ItemPrice>
      <UnitOfMeasurePrice>1.45</UnitOfMeasurePrice>
      <AllowDiscount>1</AllowDiscount>
      <itemStatus>1</itemStatus>
      <LastUpdateDate />
      <LastUpdateTime />
    </Product>
    <Product>
      <PriceUpdateDate>2020/01/05 11:29</PriceUpdateDate>
      <ItemCode>7290001436790</ItemCode>
      <ItemType>1</ItemType>
      <ItemName>מרגז מיני אקסטרה 500 גר` 8 יח</ItemName>
      <ManufactureName>בלדי בעמ</ManufactureName>
      <ManufactureCountry />
      <ManufactureItemDescription />
      <UnitQty>יח`</UnitQty>
      <Quantity>500</Quantity>
      <UnitMeasure>גרם</UnitMeasure>
      <BisWeighted>0</BisWeighted>
      <QtyInPackage>1</QtyInPackage>
      <ItemPrice>27.90</ItemPrice>
      <UnitOfMeasurePrice>5.58</UnitOfMeasurePrice>
      <AllowDiscount>1</AllowDiscount>
      <itemStatus>1</itemStatus>
      <LastUpdateDate />
      <LastUpdateTime />
    </Product>
    <Product>
      <PriceUpdateDate>2014/05/07 11:09</PriceUpdateDate>
      <ItemCode>7290001462010</ItemCode>
      <ItemType>1</ItemType>
      <ItemName>אריסה ביתית תבליני ביטון יוחאי (250 גרם)</ItemName>
      <ManufactureName>נטו מלינדה סחר בעמ</ManufactureName>
      <ManufactureCountry />
      <ManufactureItemDescription />
      <UnitQty>יח`</UnitQty>
      <Quantity>250</Quantity>
      <UnitMeasure>גרם</UnitMeasure>
      <BisWeighted>0</BisWeighted>
      <QtyInPackage>1</QtyInPackage>
      <ItemPrice>13.90</ItemPrice>
      <UnitOfMeasurePrice>5.56</UnitOfMeasurePrice>
      <AllowDiscount>0</AllowDiscount>
      <itemStatus>1</itemStatus>
      <LastUpdateDate />
      <LastUpdateTime />
    </Product>
    <Product>
      <PriceUpdateDate>2018/10/10 11:10</PriceUpdateDate>
      <ItemCode>7290001485033</ItemCode>
      <ItemType>1</ItemType>
      <ItemName>גבינת קרם שמנת 5% שום שמיר טרה (200 גרם)</ItemName>
      <ManufactureName>החב` המרכזית - טרה</ManufactureName>
      <ManufactureCountry />
      <ManufactureItemDescription />
      <UnitQty>יח`</UnitQty>
      <Quantity>200</Quantity>
      <UnitMeasure>גרם</UnitMeasure>
      <BisWeighted>0</BisWeighted>
      <QtyInPackage>1</QtyInPackage>
      <ItemPrice>11.30</ItemPrice>
      <UnitOfMeasurePrice>5.65</UnitOfMeasurePrice>
      <AllowDiscount>1</AllowDiscount>
      <itemStatus>1</itemStatus>
      <LastUpdateDate />
      <LastUpdateTime />
    </Product>
    <Product>
      <PriceUpdateDate>2019/02/03 12:24</PriceUpdateDate>
      <ItemCode>7290001491010</ItemCode>
      <ItemType>1</ItemType>
      <ItemName>תה ירוק יסמין ויסוצקי) (25</ItemName>
      <ManufactureName>תה ויסוצקי (ישראל) בעמ</ManufactureName>
      <ManufactureCountry />
      <ManufactureItemDescription />
      <UnitQty>יח`</UnitQty>
      <Quantity>37.50</Quantity>
      <UnitMeasure>גרם</UnitMeasure>
      <BisWeighted>0</BisWeighted>
      <QtyInPackage>1</QtyInPackage>
      <ItemPrice>24.90</ItemPrice>
      <UnitOfMeasurePrice>66.40</UnitOfMeasurePrice>
      <AllowDiscount>0</AllowDiscount>
      <itemStatus>1</itemStatus>
      <LastUpdateDate />
      <LastUpdateTime />
    </Product>
    <Product>
      <PriceUpdateDate>2019/10/23 09:41</PriceUpdateDate>
      <ItemCode>7290001491096</ItemCode>
      <ItemType>1</ItemType>
      <ItemName>תה ירוק לימונית ולואיזה ויסוצקי (50)</ItemName>
      <ManufactureName>תה ויסוצקי (ישראל) בעמ</ManufactureName>
      <ManufactureCountry />
      <ManufactureItemDescription />
      <UnitQty>יח`</UnitQty>
      <Quantity>75</Quantity>
      <UnitMeasure>גרם</UnitMeasure>
      <BisWeighted>0</BisWeighted>
      <QtyInPackage>1</QtyInPackage>
      <ItemPrice>44.90</ItemPrice>
      <UnitOfMeasurePrice>59.87</UnitOfMeasurePrice>
      <AllowDiscount>0</AllowDiscount>
      <itemStatus>1</itemStatus>
      <LastUpdateDate />
      <LastUpdateTime />
    </Product>
    <Product>
      <PriceUpdateDate>2019/11/19 08:40</PriceUpdateDate>
      <ItemCode>7290001552025</ItemCode>
      <ItemType>1</ItemType>
      <ItemName>קוסקוס של אמא (800 גרם)</ItemName>
      <ManufactureName>מטעמי פאר (א.מ.נ) בעמ</ManufactureName>
      <ManufactureCountry />
      <ManufactureItemDescription />
      <UnitQty>יח`</UnitQty>
      <Quantity>800</Quantity>
      <UnitMeasure>גרם</UnitMeasure>
      <BisWeighted>0</BisWeighted>
      <QtyInPackage>1</QtyInPackage>
      <ItemPrice>14.90</ItemPrice>
      <UnitOfMeasurePrice>1.86</UnitOfMeasurePrice>
      <AllowDiscount>0</AllowDiscount>
      <itemStatus>1</itemStatus>
      <LastUpdateDate />
      <LastUpdateTime />
    </Product>
    <Product>
      <PriceUpdateDate>2019/11/19 08:40</PriceUpdateDate>
      <ItemCode>7290001552049</ItemCode>
      <ItemType>1</ItemType>
      <ItemName> קוסקוס- מרוקאי קפוא</ItemName>
      <ManufactureName>מטעמי פאר (א.מ.נ) בעמ</ManufactureName>
      <ManufactureCountry />
      <ManufactureItemDescription />
      <UnitQty>יח`</UnitQty>
      <Quantity>800</Quantity>
      <UnitMeasure>גרם</UnitMeasure>
      <BisWeighted>0</BisWeighted>
      <QtyInPackage>1</QtyInPackage>
      <ItemPrice>14.90</ItemPrice>
      <UnitOfMeasurePrice>1.86</UnitOfMeasurePrice>
      <AllowDiscount>0</AllowDiscount>
      <itemStatus>1</itemStatus>
      <LastUpdateDate />
      <LastUpdateTime />
    </Product>
    <Product>
      <PriceUpdateDate>2017/02/20 08:36</PriceUpdateDate>
      <ItemCode>7290001567555</ItemCode>
      <ItemType>1</ItemType>
      <ItemName>פסטרמה מעודנת על גחלים 300 גר</ItemName>
      <ManufactureName>מעדני יחיעם (1993) בעמ</ManufactureName>
      <ManufactureCountry />
      <ManufactureItemDescription />
      <UnitQty>יח`</UnitQty>
      <Quantity>300</Quantity>
      <UnitMeasure>גרם</UnitMeasure>
      <BisWeighted>0</BisWeighted>
      <QtyInPackage>1</QtyInPackage>
      <ItemPrice>24.90</ItemPrice>
      <UnitOfMeasurePrice>8.30</UnitOfMeasurePrice>
      <AllowDiscount>1</AllowDiscount>
      <itemStatus>1</itemStatus>
      <LastUpdateDate />
      <LastUpdateTime />
    </Product>
    <Product>
      <PriceUpdateDate>2016/05/05 08:44</PriceUpdateDate>
      <ItemCode>7290001567715</ItemCode>
      <ItemType>1</ItemType>
      <ItemName>נקניקיות חריפות 400 גרם</ItemName>
      <ManufactureName>מעדני יחיעם (1993) בעמ</ManufactureName>
      <ManufactureCountry />
      <ManufactureItemDescription />
      <UnitQty>יח`</UnitQty>
      <Quantity>400</Quantity>
      <UnitMeasure>גרם</UnitMeasure>
      <BisWeighted>0</BisWeighted>
      <QtyInPackage>1</QtyInPackage>
      <ItemPrice>12.90</ItemPrice>
      <UnitOfMeasurePrice>3.23</UnitOfMeasurePrice>
      <AllowDiscount>1</AllowDiscount>
      <itemStatus>1</itemStatus>
      <LastUpdateDate />
      <LastUpdateTime />
    </Product>
    <Product>
      <PriceUpdateDate>2016/06/22 13:32</PriceUpdateDate>
      <ItemCode>7290001567760</ItemCode>
      <ItemType>1</ItemType>
      <ItemName>פסטרמה של פעם 300 גרם לחמ</ItemName>
      <ManufactureName>מעדני יחיעם (1993) בעמ</ManufactureName>
      <ManufactureCountry />
      <ManufactureItemDescription />
      <UnitQty>יח`</UnitQty>
      <Quantity>300</Quantity>
      <UnitMeasure>גרם</UnitMeasure>
      <BisWeighted>0</BisWeighted>
      <QtyInPackage>1</QtyInPackage>
      <ItemPrice>26.90</ItemPrice>
      <UnitOfMeasurePrice>8.97</UnitOfMeasurePrice>
      <AllowDiscount>1</AllowDiscount>
      <itemStatus>1</itemStatus>
      <LastUpdateDate />
      <LastUpdateTime />
    </Product>
    <Product>
      <PriceUpdateDate>2016/06/22 13:32</PriceUpdateDate>
      <ItemCode>7290001567791</ItemCode>
      <ItemType>1</ItemType>
      <ItemName>פסטרמה רומנית 250 גרם לחמ</ItemName>
      <ManufactureName>מעדני יחיעם (1993) בעמ</ManufactureName>
      <ManufactureCountry />
      <ManufactureItemDescription />
      <UnitQty>יח`</UnitQty>
      <Quantity>250</Quantity>
      <UnitMeasure>גרם</UnitMeasure>
      <BisWeighted>0</BisWeighted>
      <QtyInPackage>1</QtyInPackage>
      <ItemPrice>26.90</ItemPrice>
      <UnitOfMeasurePrice>10.76</UnitOfMeasurePrice>
      <AllowDiscount>1</AllowDiscount>
      <itemStatus>1</itemStatus>
      <LastUpdateDate />
      <LastUpdateTime />
    </Product>
    <Product>
      <PriceUpdateDate>2016/06/22 13:32</PriceUpdateDate>
      <ItemCode>7290001567807</ItemCode>
      <ItemType>1</ItemType>
      <ItemName>כתף בקר מעושן 250 גרם לחמ</ItemName>
      <ManufactureName>מעדני יחיעם (1993) בעמ</ManufactureName>
      <ManufactureCountry />
      <ManufactureItemDescription />
      <UnitQty>יח`</UnitQty>
      <Quantity>250</Quantity>
      <UnitMeasure>גרם</UnitMeasure>
      <BisWeighted>0</BisWeighted>
      <QtyInPackage>1</QtyInPackage>
      <ItemPrice>29.90</ItemPrice>
      <UnitOfMeasurePrice>11.96</UnitOfMeasurePrice>
      <AllowDiscount>1</AllowDiscount>
      <itemStatus>1</itemStatus>
      <LastUpdateDate />
      <LastUpdateTime />
    </Product>
    <Product>
      <PriceUpdateDate>2016/06/22 13:32</PriceUpdateDate>
      <ItemCode>7290001567814</ItemCode>
      <ItemType>1</ItemType>
      <ItemName>סלמי מעושן בסגנון איטלקי 300 גרם</ItemName>
      <ManufactureName>מעדני יחיעם (1993) בעמ</ManufactureName>
      <ManufactureCountry />
      <ManufactureItemDescription />
      <UnitQty>יח`</UnitQty>
      <Quantity>300</Quantity>
      <UnitMeasure>גרם</UnitMeasure>
      <BisWeighted>0</BisWeighted>
      <QtyInPackage>1</QtyInPackage>
      <ItemPrice>21.90</ItemPrice>
      <UnitOfMeasurePrice>7.30</UnitOfMeasurePrice>
      <AllowDiscount>1</AllowDiscount>
      <itemStatus>1</itemStatus>
      <LastUpdateDate />
      <LastUpdateTime />
    </Product>
    <Product>
      <PriceUpdateDate>2018/12/16 11:33</PriceUpdateDate>
      <ItemCode>7290001588581</ItemCode>
      <ItemType>1</ItemType>
      <ItemName>כרוב לבן אורגני שקיל ארוז</ItemName>
      <ManufactureName>שדות תוצרת מזון אורגנית ש.ק.ד</ManufactureName>
      <ManufactureCountry />
      <ManufactureItemDescription />
      <UnitQty>ק"ג</UnitQty>
      <Quantity>1</Quantity>
      <UnitMeasure />
      <BisWeighted>1</BisWeighted>
      <QtyInPackage>1</QtyInPackage>
      <ItemPrice>12.90</ItemPrice>
      <UnitOfMeasurePrice>12.90</UnitOfMeasurePrice>
      <AllowDiscount>1</AllowDiscount>
      <itemStatus>1</itemStatus>
      <LastUpdateDate />
      <LastUpdateTime />
    </Product>
    <Product>
      <PriceUpdateDate>2014/04/10 09:41</PriceUpdateDate>
      <ItemCode>7290001594155</ItemCode>
      <ItemType>1</ItemType>
      <ItemName>קוקה קולה 500 מל</ItemName>
      <ManufactureName>החברה המרכזית להפצת משקאות בעמ</ManufactureName>
      <ManufactureCountry />
      <ManufactureItemDescription />
      <UnitQty>יח`</UnitQty>
      <Quantity>500</Quantity>
      <UnitMeasure>מ"ל</UnitMeasure>
      <BisWeighted>0</BisWeighted>
      <QtyInPackage>1</QtyInPackage>
      <ItemPrice>5.90</ItemPrice>
      <UnitOfMeasurePrice>1.12</UnitOfMeasurePrice>
      <AllowDiscount>0</AllowDiscount>
      <itemStatus>1</itemStatus>
      <LastUpdateDate />
      <LastUpdateTime />
    </Product>
    <Product>
      <PriceUpdateDate>2014/04/10 09:41</PriceUpdateDate>
      <ItemCode>7290001594179</ItemCode>
      <ItemType>1</ItemType>
      <ItemName>פאנטה  אורנג`500 מל</ItemName>
      <ManufactureName>החברה המרכזית להפצת משקאות בעמ</ManufactureName>
      <ManufactureCountry />
      <ManufactureItemDescription />
      <UnitQty>יח`</UnitQty>
      <Quantity>500</Quantity>
      <UnitMeasure>מ"ל</UnitMeasure>
      <BisWeighted>0</BisWeighted>
      <QtyInPackage>1</QtyInPackage>
      <ItemPrice>5.90</ItemPrice>
      <UnitOfMeasurePrice>1.12</UnitOfMeasurePrice>
      <AllowDiscount>0</AllowDiscount>
      <itemStatus>1</itemStatus>
      <LastUpdateDate />
      <LastUpdateTime />
    </Product>
    <Product>
      <PriceUpdateDate>2015/10/09 09:36</PriceUpdateDate>
      <ItemCode>7290001594575</ItemCode>
      <ItemType>1</ItemType>
      <ItemName>בירה בפחית רד טובורג (500 מל)</ItemName>
      <ManufactureName>החברה המרכזית להפצת משקאות בעמ</ManufactureName>
      <ManufactureCountry />
      <ManufactureItemDescription />
      <UnitQty>יח`</UnitQty>
      <Quantity>500</Quantity>
      <UnitMeasure>מ"ל</UnitMeasure>
      <BisWeighted>0</BisWeighted>
      <QtyInPackage>1</QtyInPackage>
      <ItemPrice>8.90</ItemPrice>
      <UnitOfMeasurePrice>1.72</UnitOfMeasurePrice>
      <AllowDiscount>0</AllowDiscount>
      <itemStatus>1</itemStatus>
      <LastUpdateDate />
      <LastUpdateTime />
    </Product>
    <Product>
      <PriceUpdateDate>2019/03/11 11:42</PriceUpdateDate>
      <ItemCode>7290001670057</ItemCode>
      <ItemType>1</ItemType>
      <ItemName>כפיות לבן 100 יחידות</ItemName>
      <ManufactureName>הנמל אריזות ושיווק (1984) בעמ</ManufactureName>
      <ManufactureCountry />
      <ManufactureItemDescription />
      <UnitQty>יח`</UnitQty>
      <Quantity>1</Quantity>
      <UnitMeasure />
      <BisWeighted>0</BisWeighted>
      <QtyInPackage>1</QtyInPackage>
      <ItemPrice>6.90</ItemPrice>
      <UnitOfMeasurePrice>6.90</UnitOfMeasurePrice>
      <AllowDiscount>1</AllowDiscount>
      <itemStatus>1</itemStatus>
      <LastUpdateDate />
      <LastUpdateTime />
    </Product>
    <Product>
      <PriceUpdateDate>2019/03/11 11:42</PriceUpdateDate>
      <ItemCode>7290001670064</ItemCode>
      <ItemType>1</ItemType>
      <ItemName>סכינים לבן 100 יחידות</ItemName>
      <ManufactureName>הנמל אריזות ושיווק (1984) בעמ</ManufactureName>
      <ManufactureCountry />
      <ManufactureItemDescription />
      <UnitQty>יח`</UnitQty>
      <Quantity>1</Quantity>
      <UnitMeasure />
      <BisWeighted>0</BisWeighted>
      <QtyInPackage>1</QtyInPackage>
      <ItemPrice>7.90</ItemPrice>
      <UnitOfMeasurePrice>7.90</UnitOfMeasurePrice>
      <AllowDiscount>1</AllowDiscount>
      <itemStatus>1</itemStatus>
      <LastUpdateDate />
      <LastUpdateTime />
    </Product>
    <Product>
      <PriceUpdateDate>2019/03/11 11:42</PriceUpdateDate>
      <ItemCode>7290001670071</ItemCode>
      <ItemType>1</ItemType>
      <ItemName>כפות לבן 100 יחידות</ItemName>
      <ManufactureName>הנמל אריזות ושיווק (1984) בעמ</ManufactureName>
      <ManufactureCountry />
      <ManufactureItemDescription />
      <UnitQty>יח`</UnitQty>
      <Quantity>1</Quantity>
      <UnitMeasure />
      <BisWeighted>0</BisWeighted>
      <QtyInPackage>1</QtyInPackage>
      <ItemPrice>7.90</ItemPrice>
      <UnitOfMeasurePrice>7.90</UnitOfMeasurePrice>
      <AllowDiscount>1</AllowDiscount>
      <itemStatus>1</itemStatus>
      <LastUpdateDate />
      <LastUpdateTime />
    </Product>
    <Product>
      <PriceUpdateDate>2015/12/02 10:58</PriceUpdateDate>
      <ItemCode>7290001670224</ItemCode>
      <ItemType>1</ItemType>
      <ItemName>מלית פרג הנמל</ItemName>
      <ManufactureName>הנמל אריזות ושיווק (1984) בעמ</ManufactureName>
      <ManufactureCountry />
      <ManufactureItemDescription />
      <UnitQty>יח`</UnitQty>
      <Quantity>400</Quantity>
      <UnitMeasure>גרם</UnitMeasure>
      <BisWeighted>0</BisWeighted>
      <QtyInPackage>1</QtyInPackage>
      <ItemPrice>13.90</ItemPrice>
      <UnitOfMeasurePrice>3.48</UnitOfMeasurePrice>
      <AllowDiscount>0</AllowDiscount>
      <itemStatus>1</itemStatus>
      <LastUpdateDate />
      <LastUpdateTime />
    </Product>
    <Product>
      <PriceUpdateDate>2019/05/20 16:55</PriceUpdateDate>
      <ItemCode>7290001670255</ItemCode>
      <ItemType>1</ItemType>
      <ItemName>כוסות B8 קרטון 50 יח</ItemName>
      <ManufactureName>הנמל אריזות ושיווק (1984) בעמ</ManufactureName>
      <ManufactureCountry />
      <ManufactureItemDescription />
      <UnitQty>יח`</UnitQty>
      <Quantity>1</Quantity>
      <UnitMeasure />
      <BisWeighted>0</BisWeighted>
      <QtyInPackage>1</QtyInPackage>
      <ItemPrice>5.90</ItemPrice>
      <UnitOfMeasurePrice>5.90</UnitOfMeasurePrice>
      <AllowDiscount>1</AllowDiscount>
      <itemStatus>1</itemStatus>
      <LastUpdateDate />
      <LastUpdateTime />
    </Product>
    <Product>
      <PriceUpdateDate>2015/12/02 10:58</PriceUpdateDate>
      <ItemCode>7290001670514</ItemCode>
      <ItemType>1</ItemType>
      <ItemName>מלית אוכמניות הנמל</ItemName>
      <ManufactureName>הנמל אריזות ושיווק (1984) בעמ</ManufactureName>
      <ManufactureCountry />
      <ManufactureItemDescription />
      <UnitQty>יח`</UnitQty>
      <Quantity>400</Quantity>
      <UnitMeasure>גרם</UnitMeasure>
      <BisWeighted>0</BisWeighted>
      <QtyInPackage>1</QtyInPackage>
      <ItemPrice>13.90</ItemPrice>
      <UnitOfMeasurePrice>3.48</UnitOfMeasurePrice>
      <AllowDiscount>0</AllowDiscount>
      <itemStatus>1</itemStatus>
      <LastUpdateDate />
      <LastUpdateTime />
    </Product>
    <Product>
      <PriceUpdateDate>2015/11/30 12:59</PriceUpdateDate>
      <ItemCode>7290001670651</ItemCode>
      <ItemType>1</ItemType>
      <ItemName>גריל חד פעמי מנגל הנמל</ItemName>
      <ManufactureName>הנמל אריזות ושיווק (1984) בעמ</ManufactureName>
      <ManufactureCountry />
      <ManufactureItemDescription />
      <UnitQty>יח`</UnitQty>
      <Quantity>1</Quantity>
      <UnitMeasure />
      <BisWeighted>0</BisWeighted>
      <QtyInPackage>1</QtyInPackage>
      <ItemPrice>12.90</ItemPrice>
      <UnitOfMeasurePrice>12.90</UnitOfMeasurePrice>
      <AllowDiscount>1</AllowDiscount>
      <itemStatus>1</itemStatus>
      <LastUpdateDate />
      <LastUpdateTime />
    </Product>
    <Product>
      <PriceUpdateDate>2015/12/02 10:58</PriceUpdateDate>
      <ItemCode>7290001670859</ItemCode>
      <ItemType>1</ItemType>
      <ItemName>מלית דובדבנים הנמל</ItemName>
      <ManufactureName>הנמל אריזות ושיווק (1984) בעמ</ManufactureName>
      <ManufactureCountry />
      <ManufactureItemDescription />
      <UnitQty>יח`</UnitQty>
      <Quantity>400</Quantity>
      <UnitMeasure>גרם</UnitMeasure>
      <BisWeighted>0</BisWeighted>
      <QtyInPackage>1</QtyInPackage>
      <ItemPrice>12.90</ItemPrice>
      <UnitOfMeasurePrice>3.23</UnitOfMeasurePrice>
      <AllowDiscount>0</AllowDiscount>
      <itemStatus>1</itemStatus>
      <LastUpdateDate />
      <LastUpdateTime />
    </Product>
    <Product>
      <PriceUpdateDate>2015/04/30 11:15</PriceUpdateDate>
      <ItemCode>7290001670873</ItemCode>
      <ItemType>1</ItemType>
      <ItemName>צלחות גדולות עבות הנמל (66)</ItemName>
      <ManufactureName>הנמל אריזות ושיווק (1984) בעמ</ManufactureName>
      <ManufactureCountry />
      <ManufactureItemDescription />
      <UnitQty>יח`</UnitQty>
      <Quantity>1</Quantity>
      <UnitMeasure />
      <BisWeighted>0</BisWeighted>
      <QtyInPackage>1</QtyInPackage>
      <ItemPrice>25.90</ItemPrice>
      <UnitOfMeasurePrice>25.90</UnitOfMeasurePrice>
      <AllowDiscount>1</AllowDiscount>
      <itemStatus>1</itemStatus>
      <LastUpdateDate />
      <LastUpdateTime />
    </Product>
    <Product>
      <PriceUpdateDate>2019/01/27 11:50</PriceUpdateDate>
      <ItemCode>7290001696507</ItemCode>
      <ItemType>1</ItemType>
      <ItemName>פלאפל פיצוחים 180 גר`</ItemName>
      <ManufactureName>בוטנת בעמ</ManufactureName>
      <ManufactureCountry />
      <ManufactureItemDescription />
      <UnitQty>יח`</UnitQty>
      <Quantity>200</Quantity>
      <UnitMeasure>גרם</UnitMeasure>
      <BisWeighted>0</BisWeighted>
      <QtyInPackage>1</QtyInPackage>
      <ItemPrice>10.90</ItemPrice>
      <UnitOfMeasurePrice>5.45</UnitOfMeasurePrice>
      <AllowDiscount>0</AllowDiscount>
      <itemStatus>1</itemStatus>
      <LastUpdateDate />
      <LastUpdateTime />
    </Product>
    <Product>
      <PriceUpdateDate>2015/05/27 13:12</PriceUpdateDate>
      <ItemCode>7290001696620</ItemCode>
      <ItemType>1</ItemType>
      <ItemName>מיקס פיצוחים פיצוחי חממה (350 גרם)</ItemName>
      <ManufactureName>בוטנת בעמ</ManufactureName>
      <ManufactureCountry />
      <ManufactureItemDescription />
      <UnitQty>יח`</UnitQty>
      <Quantity>350</Quantity>
      <UnitMeasure>גרם</UnitMeasure>
      <BisWeighted>0</BisWeighted>
      <QtyInPackage>1</QtyInPackage>
      <ItemPrice>10.90</ItemPrice>
      <UnitOfMeasurePrice>3.11</UnitOfMeasurePrice>
      <AllowDiscount>0</AllowDiscount>
      <itemStatus>1</itemStatus>
      <LastUpdateDate />
      <LastUpdateTime />
    </Product>
    <Product>
      <PriceUpdateDate>2014/12/24 10:49</PriceUpdateDate>
      <ItemCode>7290001696989</ItemCode>
      <ItemType>1</ItemType>
      <ItemName>גרעיני חמניה ללא מלח</ItemName>
      <ManufactureName>בוטנת בעמ</ManufactureName>
      <ManufactureCountry />
      <ManufactureItemDescription />
      <UnitQty>יח`</UnitQty>
      <Quantity>200</Quantity>
      <UnitMeasure>גרם</UnitMeasure>
      <BisWeighted>0</BisWeighted>
      <QtyInPackage>1</QtyInPackage>
      <ItemPrice>5.90</ItemPrice>
      <UnitOfMeasurePrice>2.95</UnitOfMeasurePrice>
      <AllowDiscount>0</AllowDiscount>
      <itemStatus>1</itemStatus>
      <LastUpdateDate />
      <LastUpdateTime />
    </Product>
    <Product>
      <PriceUpdateDate>2019/05/27 16:10</PriceUpdateDate>
      <ItemCode>7290001713150</ItemCode>
      <ItemType>1</ItemType>
      <ItemName>אקונומיקה קצף ניקוי סנט מוריץ (1 ליטר )</ItemName>
      <ManufactureName>קומפלקס כימיקלים בעמ</ManufactureName>
      <ManufactureCountry />
      <ManufactureItemDescription />
      <UnitQty>יח`</UnitQty>
      <Quantity>1000</Quantity>
      <UnitMeasure>מ"ל</UnitMeasure>
      <BisWeighted>0</BisWeighted>
      <QtyInPackage>1</QtyInPackage>
      <ItemPrice>11.90</ItemPrice>
      <UnitOfMeasurePrice>1.19</UnitOfMeasurePrice>
      <AllowDiscount>1</AllowDiscount>
      <itemStatus>1</itemStatus>
      <LastUpdateDate />
      <LastUpdateTime />
    </Product>
    <Product>
      <PriceUpdateDate>2020/02/16 07:14</PriceUpdateDate>
      <ItemCode>7290001713853</ItemCode>
      <ItemType>1</ItemType>
      <ItemName>אקונומיקה ריחנית 4ליטר</ItemName>
      <ManufactureName>קומפלקס כימיקלים בעמ</ManufactureName>
      <ManufactureCountry />
      <ManufactureItemDescription />
      <UnitQty>יח`</UnitQty>
      <Quantity>4000</Quantity>
      <UnitMeasure>מ"ל</UnitMeasure>
      <BisWeighted>0</BisWeighted>
      <QtyInPackage>1</QtyInPackage>
      <ItemPrice>9.90</ItemPrice>
      <UnitOfMeasurePrice>0.25</UnitOfMeasurePrice>
      <AllowDiscount>0</AllowDiscount>
      <itemStatus>1</itemStatus>
      <LastUpdateDate />
      <LastUpdateTime />
    </Product>
    <Product>
      <PriceUpdateDate>2019/09/04 09:42</PriceUpdateDate>
      <ItemCode>7290001791349</ItemCode>
      <ItemType>1</ItemType>
      <ItemName>אקונומיקה פיסגה ריחנית סנו (4 ליטר)</ItemName>
      <ManufactureName>החברה הדרומית לשיווק בעמ</ManufactureName>
      <ManufactureCountry />
      <ManufactureItemDescription />
      <UnitQty>יח`</UnitQty>
      <Quantity>4</Quantity>
      <UnitMeasure>1 ליטר</UnitMeasure>
      <BisWeighted>0</BisWeighted>
      <QtyInPackage>1</QtyInPackage>
      <ItemPrice>9.90</ItemPrice>
      <UnitOfMeasurePrice>2.48</UnitOfMeasurePrice>
      <AllowDiscount>0</AllowDiscount>
      <itemStatus>1</itemStatus>
      <LastUpdateDate />
      <LastUpdateTime />
    </Product>
    <Product>
      <PriceUpdateDate>2017/10/30 10:21</PriceUpdateDate>
      <ItemCode>7290001791363</ItemCode>
      <ItemType>1</ItemType>
      <ItemName>פרש מטהר אויר וניל מילוי סנו (250 מל)</ItemName>
      <ManufactureName>החברה הדרומית לשיווק בעמ</ManufactureName>
      <ManufactureCountry />
      <ManufactureItemDescription />
      <UnitQty>יח`</UnitQty>
      <Quantity>165</Quantity>
      <UnitMeasure>גרם</UnitMeasure>
      <BisWeighted>0</BisWeighted>
      <QtyInPackage>1</QtyInPackage>
      <ItemPrice>13.90</ItemPrice>
      <UnitOfMeasurePrice>8.42</UnitOfMeasurePrice>
      <AllowDiscount>0</AllowDiscount>
      <itemStatus>1</itemStatus>
      <LastUpdateDate />
      <LastUpdateTime />
    </Product>
    <Product>
      <PriceUpdateDate>2015/01/29 11:52</PriceUpdateDate>
      <ItemCode>7290001813881</ItemCode>
      <ItemType>1</ItemType>
      <ItemName>ביסקוויט פתי בר בטעם חמאה עלית (500 גרם)</ItemName>
      <ManufactureName>שטראוס גרופ בעמ</ManufactureName>
      <ManufactureCountry />
      <ManufactureItemDescription />
      <UnitQty>יח`</UnitQty>
      <Quantity>500</Quantity>
      <UnitMeasure>גרם</UnitMeasure>
      <BisWeighted>0</BisWeighted>
      <QtyInPackage>1</QtyInPackage>
      <ItemPrice>10.90</ItemPrice>
      <UnitOfMeasurePrice>2.18</UnitOfMeasurePrice>
      <AllowDiscount>1</AllowDiscount>
      <itemStatus>1</itemStatus>
      <LastUpdateDate />
      <LastUpdateTime />
    </Product>
    <Product>
      <PriceUpdateDate>2014/08/31 10:04</PriceUpdateDate>
      <ItemCode>7290001814147</ItemCode>
      <ItemType>1</ItemType>
      <ItemName>ממרח בטעם שוקולד פרה עלית (500 גרם)</ItemName>
      <ManufactureName>שטראוס גרופ בעמ</ManufactureName>
      <ManufactureCountry />
      <ManufactureItemDescription />
      <UnitQty>יח`</UnitQty>
      <Quantity>500</Quantity>
      <UnitMeasure>גרם</UnitMeasure>
      <BisWeighted>0</BisWeighted>
      <QtyInPackage>1</QtyInPackage>
      <ItemPrice>11.90</ItemPrice>
      <UnitOfMeasurePrice>2.38</UnitOfMeasurePrice>
      <AllowDiscount>0</AllowDiscount>
      <itemStatus>1</itemStatus>
      <LastUpdateDate />
      <LastUpdateTime />
    </Product>
    <Product>
      <PriceUpdateDate>2019/02/03 12:22</PriceUpdateDate>
      <ItemCode>7290001817063</ItemCode>
      <ItemType>1</ItemType>
      <ItemName>טופי מזל וברכות 850 גר`</ItemName>
      <ManufactureName>שטראוס גרופ בעמ</ManufactureName>
      <ManufactureCountry />
      <ManufactureItemDescription />
      <UnitQty>יח`</UnitQty>
      <Quantity>850</Quantity>
      <UnitMeasure>גרם</UnitMeasure>
      <BisWeighted>0</BisWeighted>
      <QtyInPackage>1</QtyInPackage>
      <ItemPrice>15.50</ItemPrice>
      <UnitOfMeasurePrice>1.82</UnitOfMeasurePrice>
      <AllowDiscount>0</AllowDiscount>
      <itemStatus>1</itemStatus>
      <LastUpdateDate />
      <LastUpdateTime />
    </Product>
    <Product>
      <PriceUpdateDate>2015/12/01 09:25</PriceUpdateDate>
      <ItemCode>7290001817377</ItemCode>
      <ItemType>1</ItemType>
      <ItemName>ציטוס איקס עיגול 60 גר</ItemName>
      <ManufactureName>שטראוס פריטו ליי בעמ</ManufactureName>
      <ManufactureCountry />
      <ManufactureItemDescription />
      <UnitQty>יח`</UnitQty>
      <Quantity>60</Quantity>
      <UnitMeasure>גרם</UnitMeasure>
      <BisWeighted>0</BisWeighted>
      <QtyInPackage>1</QtyInPackage>
      <ItemPrice>3.50</ItemPrice>
      <UnitOfMeasurePrice>5.83</UnitOfMeasurePrice>
      <AllowDiscount>1</AllowDiscount>
      <itemStatus>1</itemStatus>
      <LastUpdateDate />
      <LastUpdateTime />
    </Product>
    <Product>
      <PriceUpdateDate>2015/12/01 09:25</PriceUpdateDate>
      <ItemCode>7290001817728</ItemCode>
      <ItemType>1</ItemType>
      <ItemName>צ יטוס כאפה 55 גר</ItemName>
      <ManufactureName>שטראוס פריטו ליי בעמ</ManufactureName>
      <ManufactureCountry />
      <ManufactureItemDescription />
      <UnitQty>יח`</UnitQty>
      <Quantity>55</Quantity>
      <UnitMeasure>גרם</UnitMeasure>
      <BisWeighted>0</BisWeighted>
      <QtyInPackage>1</QtyInPackage>
      <ItemPrice>3.50</ItemPrice>
      <UnitOfMeasurePrice>6.36</UnitOfMeasurePrice>
      <AllowDiscount>1</AllowDiscount>
      <itemStatus>1</itemStatus>
      <LastUpdateDate />
      <LastUpdateTime />
    </Product>
    <Product>
      <PriceUpdateDate>2020/02/19 07:11</PriceUpdateDate>
      <ItemCode>7290001873458</ItemCode>
      <ItemType>1</ItemType>
      <ItemName>סטייק בורגר 320  גר`בלאק אנגוס מוכשר אר</ItemName>
      <ManufactureName>נטו מלינדה סחר בעמ</ManufactureName>
      <ManufactureCountry />
      <ManufactureItemDescription />
      <UnitQty>יח`</UnitQty>
      <Quantity>400</Quantity>
      <UnitMeasure>גרם</UnitMeasure>
      <BisWeighted>0</BisWeighted>
      <QtyInPackage>1</QtyInPackage>
      <ItemPrice>24.90</ItemPrice>
      <UnitOfMeasurePrice>6.23</UnitOfMeasurePrice>
      <AllowDiscount>0</AllowDiscount>
      <itemStatus>1</itemStatus>
      <LastUpdateDate />
      <LastUpdateTime />
    </Product>
    <Product>
      <PriceUpdateDate>2019/01/07 12:14</PriceUpdateDate>
      <ItemCode>7290001917091</ItemCode>
      <ItemType>1</ItemType>
      <ItemName>אדג ג`ל גילוח זוג כתום+לבן</ItemName>
      <ManufactureName>דנשר (1963) בעמ</ManufactureName>
      <ManufactureCountry />
      <ManufactureItemDescription />
      <UnitQty>יח`</UnitQty>
      <Quantity>450</Quantity>
      <UnitMeasure>מ"ל</UnitMeasure>
      <BisWeighted>0</BisWeighted>
      <QtyInPackage>1</QtyInPackage>
      <ItemPrice>31.90</ItemPrice>
      <UnitOfMeasurePrice>7.09</UnitOfMeasurePrice>
      <AllowDiscount>0</AllowDiscount>
      <itemStatus>1</itemStatus>
      <LastUpdateDate />
      <LastUpdateTime />
    </Product>
    <Product>
      <PriceUpdateDate>2014/05/14 10:07</PriceUpdateDate>
      <ItemCode>7290001946121</ItemCode>
      <ItemType>1</ItemType>
      <ItemName>פפריקה מתוקה 400 גר</ItemName>
      <ManufactureName>דין שיווק וקליה בעמ</ManufactureName>
      <ManufactureCountry />
      <ManufactureItemDescription />
      <UnitQty>יח`</UnitQty>
      <Quantity>400</Quantity>
      <UnitMeasure>גרם</UnitMeasure>
      <BisWeighted>0</BisWeighted>
      <QtyInPackage>1</QtyInPackage>
      <ItemPrice>17.90</ItemPrice>
      <UnitOfMeasurePrice>4.48</UnitOfMeasurePrice>
      <AllowDiscount>0</AllowDiscount>
      <itemStatus>1</itemStatus>
      <LastUpdateDate />
      <LastUpdateTime />
    </Product>
    <Product>
      <PriceUpdateDate>2015/01/18 12:37</PriceUpdateDate>
      <ItemCode>7290001946404</ItemCode>
      <ItemType>1</ItemType>
      <ItemName>סלט שום כתוש תבליני ביטון יוחאי (250 גרם</ItemName>
      <ManufactureName>נטו מלינדה סחר בעמ</ManufactureName>
      <ManufactureCountry />
      <ManufactureItemDescription />
      <UnitQty>יח`</UnitQty>
      <Quantity>250</Quantity>
      <UnitMeasure>גרם</UnitMeasure>
      <BisWeighted>0</BisWeighted>
      <QtyInPackage>1</QtyInPackage>
      <ItemPrice>13.90</ItemPrice>
      <UnitOfMeasurePrice>5.56</UnitOfMeasurePrice>
      <AllowDiscount>0</AllowDiscount>
      <itemStatus>1</itemStatus>
      <LastUpdateDate />
      <LastUpdateTime />
    </Product>
    <Product>
      <PriceUpdateDate>2019/02/17 11:37</PriceUpdateDate>
      <ItemCode>7290001973233</ItemCode>
      <ItemType>1</ItemType>
      <ItemName>מגבונים קמיל בלו מילוי+דיספנסר 120 יח</ItemName>
      <ManufactureName>פישר תעשיות פרמצבטיות בעמ</ManufactureName>
      <ManufactureCountry />
      <ManufactureItemDescription />
      <UnitQty>יח`</UnitQty>
      <Quantity>120</Quantity>
      <UnitMeasure>יח`</UnitMeasure>
      <BisWeighted>0</BisWeighted>
      <QtyInPackage>1</QtyInPackage>
      <ItemPrice>10.90</ItemPrice>
      <UnitOfMeasurePrice>0.09</UnitOfMeasurePrice>
      <AllowDiscount>0</AllowDiscount>
      <itemStatus>1</itemStatus>
      <LastUpdateDate />
      <LastUpdateTime />
    </Product>
    <Product>
      <PriceUpdateDate>2015/12/14 13:16</PriceUpdateDate>
      <ItemCode>7290002000143</ItemCode>
      <ItemType>1</ItemType>
      <ItemName>קרם ידיים פנג`ל (80 מל)</ItemName>
      <ManufactureName>דנשר (1963) בעמ</ManufactureName>
      <ManufactureCountry />
      <ManufactureItemDescription />
      <UnitQty>יח`</UnitQty>
      <Quantity>100</Quantity>
      <UnitMeasure>מ"ל</UnitMeasure>
      <BisWeighted>0</BisWeighted>
      <QtyInPackage>1</QtyInPackage>
      <ItemPrice>9.90</ItemPrice>
      <UnitOfMeasurePrice>9.90</UnitOfMeasurePrice>
      <AllowDiscount>1</AllowDiscount>
      <itemStatus>1</itemStatus>
      <LastUpdateDate />
      <LastUpdateTime />
    </Product>
    <Product>
      <PriceUpdateDate>2015/11/30 12:59</PriceUpdateDate>
      <ItemCode>7290002007296</ItemCode>
      <ItemType>1</ItemType>
      <ItemName>צמר פלדה 350 גר` הנמל</ItemName>
      <ManufactureName>הנמל אריזות ושיווק (1984) בעמ</ManufactureName>
      <ManufactureCountry />
      <ManufactureItemDescription />
      <UnitQty>יח`</UnitQty>
      <Quantity>350</Quantity>
      <UnitMeasure>גרם</UnitMeasure>
      <BisWeighted>0</BisWeighted>
      <QtyInPackage>1</QtyInPackage>
      <ItemPrice>9.90</ItemPrice>
      <UnitOfMeasurePrice>2.83</UnitOfMeasurePrice>
      <AllowDiscount>1</AllowDiscount>
      <itemStatus>1</itemStatus>
      <LastUpdateDate />
      <LastUpdateTime />
    </Product>
    <Product>
      <PriceUpdateDate>2017/02/15 08:39</PriceUpdateDate>
      <ItemCode>7290002007371</ItemCode>
      <ItemType>1</ItemType>
      <ItemName>פירורי לחם הנמל (500 גרם)</ItemName>
      <ManufactureName>הנמל אריזות ושיווק (1984) בעמ</ManufactureName>
      <ManufactureCountry />
      <ManufactureItemDescription />
      <UnitQty>יח`</UnitQty>
      <Quantity>500</Quantity>
      <UnitMeasure>גרם</UnitMeasure>
      <BisWeighted>0</BisWeighted>
      <QtyInPackage>1</QtyInPackage>
      <ItemPrice>5.90</ItemPrice>
      <UnitOfMeasurePrice>1.18</UnitOfMeasurePrice>
      <AllowDiscount>1</AllowDiscount>
      <itemStatus>1</itemStatus>
      <LastUpdateDate />
      <LastUpdateTime />
    </Product>
    <Product>
      <PriceUpdateDate>2015/11/30 12:59</PriceUpdateDate>
      <ItemCode>7290002007401</ItemCode>
      <ItemType>1</ItemType>
      <ItemName>קליפות הדרים הנמל</ItemName>
      <ManufactureName>הנמל אריזות ושיווק (1984) בעמ</ManufactureName>
      <ManufactureCountry />
      <ManufactureItemDescription />
      <UnitQty>יח`</UnitQty>
      <Quantity>100</Quantity>
      <UnitMeasure>גרם</UnitMeasure>
      <BisWeighted>0</BisWeighted>
      <QtyInPackage>1</QtyInPackage>
      <ItemPrice>5.90</ItemPrice>
      <UnitOfMeasurePrice>5.90</UnitOfMeasurePrice>
      <AllowDiscount>0</AllowDiscount>
      <itemStatus>1</itemStatus>
      <LastUpdateDate />
      <LastUpdateTime />
    </Product>
    <Product>
      <PriceUpdateDate>2019/03/11 11:42</PriceUpdateDate>
      <ItemCode>7290002007623</ItemCode>
      <ItemType>1</ItemType>
      <ItemName>כוסות ליין 50 יחידות</ItemName>
      <ManufactureName>הנמל אריזות ושיווק (1984) בעמ</ManufactureName>
      <ManufactureCountry />
      <ManufactureItemDescription />
      <UnitQty>יח`</UnitQty>
      <Quantity>1</Quantity>
      <UnitMeasure />
      <BisWeighted>0</BisWeighted>
      <QtyInPackage>1</QtyInPackage>
      <ItemPrice>2.50</ItemPrice>
      <UnitOfMeasurePrice>2.50</UnitOfMeasurePrice>
      <AllowDiscount>0</AllowDiscount>
      <itemStatus>1</itemStatus>
      <LastUpdateDate />
      <LastUpdateTime />
    </Product>
    <Product>
      <PriceUpdateDate>2019/11/05 11:35</PriceUpdateDate>
      <ItemCode>7290002007890</ItemCode>
      <ItemType>1</ItemType>
      <ItemName>כוסות 100 יח` 200 PP מל`</ItemName>
      <ManufactureName>הנמל אריזות ושיווק (1984) בעמ</ManufactureName>
      <ManufactureCountry />
      <ManufactureItemDescription />
      <UnitQty>יח`</UnitQty>
      <Quantity>100</Quantity>
      <UnitMeasure>יח`</UnitMeasure>
      <BisWeighted>0</BisWeighted>
      <QtyInPackage>1</QtyInPackage>
      <ItemPrice>5.90</ItemPrice>
      <UnitOfMeasurePrice>0.06</UnitOfMeasurePrice>
      <AllowDiscount>1</AllowDiscount>
      <itemStatus>1</itemStatus>
      <LastUpdateDate />
      <LastUpdateTime />
    </Product>
    <Product>
      <PriceUpdateDate>2019/03/11 11:42</PriceUpdateDate>
      <ItemCode>7290002007975</ItemCode>
      <ItemType>1</ItemType>
      <ItemName>צלחות קטן 50 יחידות</ItemName>
      <ManufactureName>הנמל אריזות ושיווק (1984) בעמ</ManufactureName>
      <ManufactureCountry />
      <ManufactureItemDescription />
      <UnitQty>יח`</UnitQty>
      <Quantity>50</Quantity>
      <UnitMeasure>יח`</UnitMeasure>
      <BisWeighted>0</BisWeighted>
      <QtyInPackage>1</QtyInPackage>
      <ItemPrice>4.90</ItemPrice>
      <UnitOfMeasurePrice>0.10</UnitOfMeasurePrice>
      <AllowDiscount>1</AllowDiscount>
      <itemStatus>1</itemStatus>
      <LastUpdateDate />
      <LastUpdateTime />
    </Product>
    <Product>
      <PriceUpdateDate>2019/03/11 11:42</PriceUpdateDate>
      <ItemCode>7290002007982</ItemCode>
      <ItemType>1</ItemType>
      <ItemName>מזלגות לבן 100 יחידות</ItemName>
      <ManufactureName>הנמל אריזות ושיווק (1984) בעמ</ManufactureName>
      <ManufactureCountry />
      <ManufactureItemDescription />
      <UnitQty>יח`</UnitQty>
      <Quantity>100</Quantity>
      <UnitMeasure>יח`</UnitMeasure>
      <BisWeighted>0</BisWeighted>
      <QtyInPackage>1</QtyInPackage>
      <ItemPrice>6.90</ItemPrice>
      <UnitOfMeasurePrice>0.07</UnitOfMeasurePrice>
      <AllowDiscount>1</AllowDiscount>
      <itemStatus>1</itemStatus>
      <LastUpdateDate />
      <LastUpdateTime />
    </Product>
    <Product>
      <PriceUpdateDate>2019/03/11 11:42</PriceUpdateDate>
      <ItemCode>7290002007999</ItemCode>
      <ItemType>1</ItemType>
      <ItemName>צלחות גדול 50 יחידות</ItemName>
      <ManufactureName>הנמל אריזות ושיווק (1984) בעמ</ManufactureName>
      <ManufactureCountry />
      <ManufactureItemDescription />
      <UnitQty>יח`</UnitQty>
      <Quantity>1</Quantity>
      <UnitMeasure />
      <BisWeighted>0</BisWeighted>
      <QtyInPackage>1</QtyInPackage>
      <ItemPrice>5.90</ItemPrice>
      <UnitOfMeasurePrice>5.90</UnitOfMeasurePrice>
      <AllowDiscount>1</AllowDiscount>
      <itemStatus>1</itemStatus>
      <LastUpdateDate />
      <LastUpdateTime />
    </Product>
    <Product>
      <PriceUpdateDate>2015/09/07 08:50</PriceUpdateDate>
      <ItemCode>7290002008040</ItemCode>
      <ItemType>1</ItemType>
      <ItemName>שיפודים 30 סמ הנמל</ItemName>
      <ManufactureName>הנמל אריזות ושיווק (1984) בעמ</ManufactureName>
      <ManufactureCountry />
      <ManufactureItemDescription />
      <UnitQty>יח`</UnitQty>
      <Quantity>1</Quantity>
      <UnitMeasure />
      <BisWeighted>0</BisWeighted>
      <QtyInPackage>1</QtyInPackage>
      <ItemPrice>2.90</ItemPrice>
      <UnitOfMeasurePrice>2.90</UnitOfMeasurePrice>
      <AllowDiscount>0</AllowDiscount>
      <itemStatus>1</itemStatus>
      <LastUpdateDate />
      <LastUpdateTime />
    </Product>
    <Product>
      <PriceUpdateDate>2015/08/11 17:17</PriceUpdateDate>
      <ItemCode>7290002008149</ItemCode>
      <ItemType>1</ItemType>
      <ItemName>מדליק פחם מוצק מנגל (40)</ItemName>
      <ManufactureName>הנמל אריזות ושיווק (1984) בעמ</ManufactureName>
      <ManufactureCountry />
      <ManufactureItemDescription />
      <UnitQty>יח`</UnitQty>
      <Quantity>1</Quantity>
      <UnitMeasure />
      <BisWeighted>0</BisWeighted>
      <QtyInPackage>1</QtyInPackage>
      <ItemPrice>6.90</ItemPrice>
      <UnitOfMeasurePrice>6.90</UnitOfMeasurePrice>
      <AllowDiscount>1</AllowDiscount>
      <itemStatus>1</itemStatus>
      <LastUpdateDate />
      <LastUpdateTime />
    </Product>
    <Product>
      <PriceUpdateDate>2015/11/30 12:59</PriceUpdateDate>
      <ItemCode>7290002008156</ItemCode>
      <ItemType>1</ItemType>
      <ItemName>עטרות נייר הנמל</ItemName>
      <ManufactureName>הנמל אריזות ושיווק (1984) בעמ</ManufactureName>
      <ManufactureCountry />
      <ManufactureItemDescription />
      <UnitQty>יח`</UnitQty>
      <Quantity>1</Quantity>
      <UnitMeasure />
      <BisWeighted>0</BisWeighted>
      <QtyInPackage>1</QtyInPackage>
      <ItemPrice>7.90</ItemPrice>
      <UnitOfMeasurePrice>7.90</UnitOfMeasurePrice>
      <AllowDiscount>0</AllowDiscount>
      <itemStatus>1</itemStatus>
      <LastUpdateDate />
      <LastUpdateTime />
    </Product>
    <Product>
      <PriceUpdateDate>2013/12/31 12:18</PriceUpdateDate>
      <ItemCode>7290002008309</ItemCode>
      <ItemType>1</ItemType>
      <ItemName>עטרות נייר הנמל</ItemName>
      <ManufactureName>הנמל אריזות ושיווק (1984) בעמ</ManufactureName>
      <ManufactureCountry />
      <ManufactureItemDescription />
      <UnitQty>יח`</UnitQty>
      <Quantity>1</Quantity>
      <UnitMeasure />
      <BisWeighted>0</BisWeighted>
      <QtyInPackage>1</QtyInPackage>
      <ItemPrice>6.90</ItemPrice>
      <UnitOfMeasurePrice>6.90</UnitOfMeasurePrice>
      <AllowDiscount>0</AllowDiscount>
      <itemStatus>1</itemStatus>
      <LastUpdateDate />
      <LastUpdateTime />
    </Product>
    <Product>
      <PriceUpdateDate>2015/12/02 10:58</PriceUpdateDate>
      <ItemCode>7290002008507</ItemCode>
      <ItemType>1</ItemType>
      <ItemName>נייר אפיה הנמל 50 יח`</ItemName>
      <ManufactureName>הנמל אריזות ושיווק (1984) בעמ</ManufactureName>
      <ManufactureCountry />
      <ManufactureItemDescription />
      <UnitQty>יח`</UnitQty>
      <Quantity>1</Quantity>
      <UnitMeasure />
      <BisWeighted>0</BisWeighted>
      <QtyInPackage>1</QtyInPackage>
      <ItemPrice>11.90</ItemPrice>
      <UnitOfMeasurePrice>11.90</UnitOfMeasurePrice>
      <AllowDiscount>1</AllowDiscount>
      <itemStatus>1</itemStatus>
      <LastUpdateDate />
      <LastUpdateTime />
    </Product>
    <Product>
      <PriceUpdateDate>2018/02/05 11:55</PriceUpdateDate>
      <ItemCode>7290002008651</ItemCode>
      <ItemType>1</ItemType>
      <ItemName>קמח תפוא 500 גר` הנמל</ItemName>
      <ManufactureName>הנמל אריזות ושיווק (1984) בעמ</ManufactureName>
      <ManufactureCountry />
      <ManufactureItemDescription />
      <UnitQty>יח`</UnitQty>
      <Quantity>500</Quantity>
      <UnitMeasure>גרם</UnitMeasure>
      <BisWeighted>0</BisWeighted>
      <QtyInPackage>1</QtyInPackage>
      <ItemPrice>6.90</ItemPrice>
      <UnitOfMeasurePrice>1.38</UnitOfMeasurePrice>
      <AllowDiscount>1</AllowDiscount>
      <itemStatus>1</itemStatus>
      <LastUpdateDate />
      <LastUpdateTime />
    </Product>
    <Product>
      <PriceUpdateDate>2013/11/27 08:38</PriceUpdateDate>
      <ItemCode>7290002008989</ItemCode>
      <ItemType>1</ItemType>
      <ItemName>קישקשים קשים לשתיה הנמל) (225</ItemName>
      <ManufactureName>הנמל אריזות ושיווק (1984) בעמ</ManufactureName>
      <ManufactureCountry />
      <ManufactureItemDescription />
      <UnitQty>יח`</UnitQty>
      <Quantity>1</Quantity>
      <UnitMeasure />
      <BisWeighted>0</BisWeighted>
      <QtyInPackage>1</QtyInPackage>
      <ItemPrice>6.90</ItemPrice>
      <UnitOfMeasurePrice>6.90</UnitOfMeasurePrice>
      <AllowDiscount>0</AllowDiscount>
      <itemStatus>1</itemStatus>
      <LastUpdateDate />
      <LastUpdateTime />
    </Product>
    <Product>
      <PriceUpdateDate>2014/06/02 15:47</PriceUpdateDate>
      <ItemCode>7290002019114</ItemCode>
      <ItemType>1</ItemType>
      <ItemName>רסק עגבניות פתח קל 580 גר` פריניר</ItemName>
      <ManufactureName>אבאל יזמות בעמ</ManufactureName>
      <ManufactureCountry />
      <ManufactureItemDescription />
      <UnitQty>יח`</UnitQty>
      <Quantity>580</Quantity>
      <UnitMeasure>גרם</UnitMeasure>
      <BisWeighted>0</BisWeighted>
      <QtyInPackage>1</QtyInPackage>
      <ItemPrice>6.90</ItemPrice>
      <UnitOfMeasurePrice>1.19</UnitOfMeasurePrice>
      <AllowDiscount>1</AllowDiscount>
      <itemStatus>1</itemStatus>
      <LastUpdateDate />
      <LastUpdateTime />
    </Product>
    <Product>
      <PriceUpdateDate>2014/05/07 11:09</PriceUpdateDate>
      <ItemCode>7290002019763</ItemCode>
      <ItemType>1</ItemType>
      <ItemName>עגבניות מרוסקות 800 גר` פרי ניר</ItemName>
      <ManufactureName>אבאל יזמות בעמ</ManufactureName>
      <ManufactureCountry />
      <ManufactureItemDescription />
      <UnitQty>יח`</UnitQty>
      <Quantity>800</Quantity>
      <UnitMeasure>גרם</UnitMeasure>
      <BisWeighted>0</BisWeighted>
      <QtyInPackage>1</QtyInPackage>
      <ItemPrice>6.90</ItemPrice>
      <UnitOfMeasurePrice>0.86</UnitOfMeasurePrice>
      <AllowDiscount>1</AllowDiscount>
      <itemStatus>1</itemStatus>
      <LastUpdateDate />
      <LastUpdateTime />
    </Product>
    <Product>
      <PriceUpdateDate>2017/02/23 09:29</PriceUpdateDate>
      <ItemCode>7290002019787</ItemCode>
      <ItemType>1</ItemType>
      <ItemName>רסק עגבניות 260 גר` פריניר</ItemName>
      <ManufactureName>אבאל יזמות בעמ</ManufactureName>
      <ManufactureCountry />
      <ManufactureItemDescription />
      <UnitQty>יח`</UnitQty>
      <Quantity>260</Quantity>
      <UnitMeasure>גרם</UnitMeasure>
      <BisWeighted>0</BisWeighted>
      <QtyInPackage>1</QtyInPackage>
      <ItemPrice>3.50</ItemPrice>
      <UnitOfMeasurePrice>1.35</UnitOfMeasurePrice>
      <AllowDiscount>1</AllowDiscount>
      <itemStatus>1</itemStatus>
      <LastUpdateDate />
      <LastUpdateTime />
    </Product>
    <Product>
      <PriceUpdateDate>2017/02/23 09:29</PriceUpdateDate>
      <ItemCode>7290002019794</ItemCode>
      <ItemType>1</ItemType>
      <ItemName>רסק עגבניות 100 גר` פריניר</ItemName>
      <ManufactureName>אבאל יזמות בעמ</ManufactureName>
      <ManufactureCountry />
      <ManufactureItemDescription />
      <UnitQty>יח`</UnitQty>
      <Quantity>100</Quantity>
      <UnitMeasure>גרם</UnitMeasure>
      <BisWeighted>0</BisWeighted>
      <QtyInPackage>1</QtyInPackage>
      <ItemPrice>1.50</ItemPrice>
      <UnitOfMeasurePrice>1.50</UnitOfMeasurePrice>
      <AllowDiscount>1</AllowDiscount>
      <itemStatus>1</itemStatus>
      <LastUpdateDate />
      <LastUpdateTime />
    </Product>
    <Product>
      <PriceUpdateDate>2018/02/05 11:46</PriceUpdateDate>
      <ItemCode>7290002037309</ItemCode>
      <ItemType>1</ItemType>
      <ItemName>לחמניות המבורגר מאפיית ודש 8)</ItemName>
      <ManufactureName>י.את א. ברמן בעמ</ManufactureName>
      <ManufactureCountry />
      <ManufactureItemDescription />
      <UnitQty>יח`</UnitQty>
      <Quantity>400</Quantity>
      <UnitMeasure>גרם</UnitMeasure>
      <BisWeighted>0</BisWeighted>
      <QtyInPackage>1</QtyInPackage>
      <ItemPrice>11.90</ItemPrice>
      <UnitOfMeasurePrice>2.98</UnitOfMeasurePrice>
      <AllowDiscount>0</AllowDiscount>
      <itemStatus>1</itemStatus>
      <LastUpdateDate />
      <LastUpdateTime />
    </Product>
    <Product>
      <PriceUpdateDate>2018/02/05 11:46</PriceUpdateDate>
      <ItemCode>7290002037637</ItemCode>
      <ItemType>1</ItemType>
      <ItemName>לחמניות הבית מתוקות מאפיית ודש) (4</ItemName>
      <ManufactureName>י.את א. ברמן בעמ</ManufactureName>
      <ManufactureCountry />
      <ManufactureItemDescription />
      <UnitQty>יח`</UnitQty>
      <Quantity>400</Quantity>
      <UnitMeasure>גרם</UnitMeasure>
      <BisWeighted>0</BisWeighted>
      <QtyInPackage>1</QtyInPackage>
      <ItemPrice>10.90</ItemPrice>
      <UnitOfMeasurePrice>2.73</UnitOfMeasurePrice>
      <AllowDiscount>0</AllowDiscount>
      <itemStatus>1</itemStatus>
      <LastUpdateDate />
      <LastUpdateTime />
    </Product>
    <Product>
      <PriceUpdateDate>2018/02/05 11:55</PriceUpdateDate>
      <ItemCode>7290002040019</ItemCode>
      <ItemType>1</ItemType>
      <ItemName>קוסקוס רגיל מזון קוסקוס (350 גרם)</ItemName>
      <ManufactureName>הנמל אריזות ושיווק (1984) בעמ</ManufactureName>
      <ManufactureCountry />
      <ManufactureItemDescription />
      <UnitQty>יח`</UnitQty>
      <Quantity>350</Quantity>
      <UnitMeasure>גרם</UnitMeasure>
      <BisWeighted>0</BisWeighted>
      <QtyInPackage>1</QtyInPackage>
      <ItemPrice>5.90</ItemPrice>
      <UnitOfMeasurePrice>1.69</UnitOfMeasurePrice>
      <AllowDiscount>0</AllowDiscount>
      <itemStatus>1</itemStatus>
      <LastUpdateDate />
      <LastUpdateTime />
    </Product>
    <Product>
      <PriceUpdateDate>2018/02/05 11:55</PriceUpdateDate>
      <ItemCode>7290002040064</ItemCode>
      <ItemType>1</ItemType>
      <ItemName>קוסקוס דק מזון קוסקוס (350 גרם)</ItemName>
      <ManufactureName>הנמל אריזות ושיווק (1984) בעמ</ManufactureName>
      <ManufactureCountry />
      <ManufactureItemDescription />
      <UnitQty>יח`</UnitQty>
      <Quantity>350</Quantity>
      <UnitMeasure>גרם</UnitMeasure>
      <BisWeighted>0</BisWeighted>
      <QtyInPackage>1</QtyInPackage>
      <ItemPrice>5.90</ItemPrice>
      <UnitOfMeasurePrice>1.69</UnitOfMeasurePrice>
      <AllowDiscount>0</AllowDiscount>
      <itemStatus>1</itemStatus>
      <LastUpdateDate />
      <LastUpdateTime />
    </Product>
    <Product>
      <PriceUpdateDate>2018/02/05 11:55</PriceUpdateDate>
      <ItemCode>7290002040071</ItemCode>
      <ItemType>1</ItemType>
      <ItemName>קוסקוס עבה מזון קוסקוס (350 גרם)</ItemName>
      <ManufactureName>הנמל אריזות ושיווק (1984) בעמ</ManufactureName>
      <ManufactureCountry />
      <ManufactureItemDescription />
      <UnitQty>יח`</UnitQty>
      <Quantity>350</Quantity>
      <UnitMeasure>גרם</UnitMeasure>
      <BisWeighted>0</BisWeighted>
      <QtyInPackage>1</QtyInPackage>
      <ItemPrice>5.90</ItemPrice>
      <UnitOfMeasurePrice>1.69</UnitOfMeasurePrice>
      <AllowDiscount>0</AllowDiscount>
      <itemStatus>1</itemStatus>
      <LastUpdateDate />
      <LastUpdateTime />
    </Product>
    <Product>
      <PriceUpdateDate>2014/07/24 10:51</PriceUpdateDate>
      <ItemCode>7290002040088</ItemCode>
      <ItemType>1</ItemType>
      <ItemName>קוסקוס מלא מזון קוסקוס (350 גרם)</ItemName>
      <ManufactureName>הנמל אריזות ושיווק (1984) בעמ</ManufactureName>
      <ManufactureCountry />
      <ManufactureItemDescription />
      <UnitQty>יח`</UnitQty>
      <Quantity>350</Quantity>
      <UnitMeasure>גרם</UnitMeasure>
      <BisWeighted>0</BisWeighted>
      <QtyInPackage>1</QtyInPackage>
      <ItemPrice>6.90</ItemPrice>
      <UnitOfMeasurePrice>1.97</UnitOfMeasurePrice>
      <AllowDiscount>0</AllowDiscount>
      <itemStatus>1</itemStatus>
      <LastUpdateDate />
      <LastUpdateTime />
    </Product>
    <Product>
      <PriceUpdateDate>2018/02/06 10:11</PriceUpdateDate>
      <ItemCode>7290002057017</ItemCode>
      <ItemType>1</ItemType>
      <ItemName>זיתים ירוקים נובו קבוצת יבנה (540 גרם)</ItemName>
      <ManufactureName>קבוצת יבנה מוצרי מזון אגודה שי</ManufactureName>
      <ManufactureCountry />
      <ManufactureItemDescription />
      <UnitQty>יח`</UnitQty>
      <Quantity>560</Quantity>
      <UnitMeasure>גרם</UnitMeasure>
      <BisWeighted>0</BisWeighted>
      <QtyInPackage>1</QtyInPackage>
      <ItemPrice>9.90</ItemPrice>
      <UnitOfMeasurePrice>1.77</UnitOfMeasurePrice>
      <AllowDiscount>1</AllowDiscount>
      <itemStatus>1</itemStatus>
      <LastUpdateDate />
      <LastUpdateTime />
    </Product>
    <Product>
      <PriceUpdateDate>2018/02/06 10:11</PriceUpdateDate>
      <ItemCode>7290002057031</ItemCode>
      <ItemType>1</ItemType>
      <ItemName>זיתים מבוקעים</ItemName>
      <ManufactureName>קבוצת יבנה מוצרי מזון אגודה שי</ManufactureName>
      <ManufactureCountry />
      <ManufactureItemDescription />
      <UnitQty>יח`</UnitQty>
      <Quantity>560</Quantity>
      <UnitMeasure>גרם</UnitMeasure>
      <BisWeighted>0</BisWeighted>
      <QtyInPackage>1</QtyInPackage>
      <ItemPrice>9.90</ItemPrice>
      <UnitOfMeasurePrice>1.77</UnitOfMeasurePrice>
      <AllowDiscount>0</AllowDiscount>
      <itemStatus>1</itemStatus>
      <LastUpdateDate />
      <LastUpdateTime />
    </Product>
    <Product>
      <PriceUpdateDate>2018/02/06 10:11</PriceUpdateDate>
      <ItemCode>7290002057048</ItemCode>
      <ItemType>1</ItemType>
      <ItemName>זיתים סורי מבוקע</ItemName>
      <ManufactureName>קבוצת יבנה מוצרי מזון אגודה שי</ManufactureName>
      <ManufactureCountry />
      <ManufactureItemDescription />
      <UnitQty>יח`</UnitQty>
      <Quantity>560</Quantity>
      <UnitMeasure>גרם</UnitMeasure>
      <BisWeighted>0</BisWeighted>
      <QtyInPackage>1</QtyInPackage>
      <ItemPrice>11.90</ItemPrice>
      <UnitOfMeasurePrice>2.13</UnitOfMeasurePrice>
      <AllowDiscount>0</AllowDiscount>
      <itemStatus>1</itemStatus>
      <LastUpdateDate />
      <LastUpdateTime />
    </Product>
    <Product>
      <PriceUpdateDate>2018/02/06 10:11</PriceUpdateDate>
      <ItemCode>7290002057062</ItemCode>
      <ItemType>1</ItemType>
      <ItemName>זיתים מנזלינו ירוק A2</ItemName>
      <ManufactureName>קבוצת יבנה מוצרי מזון אגודה שי</ManufactureName>
      <ManufactureCountry />
      <ManufactureItemDescription />
      <UnitQty>יח`</UnitQty>
      <Quantity>560</Quantity>
      <UnitMeasure>גרם</UnitMeasure>
      <BisWeighted>0</BisWeighted>
      <QtyInPackage>1</QtyInPackage>
      <ItemPrice>6.90</ItemPrice>
      <UnitOfMeasurePrice>1.23</UnitOfMeasurePrice>
      <AllowDiscount>0</AllowDiscount>
      <itemStatus>1</itemStatus>
      <LastUpdateDate />
      <LastUpdateTime />
    </Product>
    <Product>
      <PriceUpdateDate>2018/02/06 10:11</PriceUpdateDate>
      <ItemCode>7290002057086</ItemCode>
      <ItemType>1</ItemType>
      <ItemName>זיתים מנזלינו גדול</ItemName>
      <ManufactureName>קבוצת יבנה מוצרי מזון אגודה שי</ManufactureName>
      <ManufactureCountry />
      <ManufactureItemDescription />
      <UnitQty>יח`</UnitQty>
      <Quantity>560</Quantity>
      <UnitMeasure>גרם</UnitMeasure>
      <BisWeighted>0</BisWeighted>
      <QtyInPackage>1</QtyInPackage>
      <ItemPrice>17.90</ItemPrice>
      <UnitOfMeasurePrice>3.20</UnitOfMeasurePrice>
      <AllowDiscount>0</AllowDiscount>
      <itemStatus>1</itemStatus>
      <LastUpdateDate />
      <LastUpdateTime />
    </Product>
    <Product>
      <PriceUpdateDate>2018/02/06 10:11</PriceUpdateDate>
      <ItemCode>7290002057093</ItemCode>
      <ItemType>1</ItemType>
      <ItemName>זיתים מנזלינו גדול</ItemName>
      <ManufactureName>קבוצת יבנה מוצרי מזון אגודה שי</ManufactureName>
      <ManufactureCountry />
      <ManufactureItemDescription />
      <UnitQty>יח`</UnitQty>
      <Quantity>600</Quantity>
      <UnitMeasure>גרם</UnitMeasure>
      <BisWeighted>0</BisWeighted>
      <QtyInPackage>1</QtyInPackage>
      <ItemPrice>8.90</ItemPrice>
      <UnitOfMeasurePrice>1.48</UnitOfMeasurePrice>
      <AllowDiscount>0</AllowDiscount>
      <itemStatus>1</itemStatus>
      <LastUpdateDate />
      <LastUpdateTime />
    </Product>
    <Product>
      <PriceUpdateDate>2018/02/06 10:11</PriceUpdateDate>
      <ItemCode>7290002057109</ItemCode>
      <ItemType>1</ItemType>
      <ItemName>זיתים מנזולינו גדול מאוד</ItemName>
      <ManufactureName>קבוצת יבנה מוצרי מזון אגודה שי</ManufactureName>
      <ManufactureCountry />
      <ManufactureItemDescription />
      <UnitQty>יח`</UnitQty>
      <Quantity>560</Quantity>
      <UnitMeasure>גרם</UnitMeasure>
      <BisWeighted>0</BisWeighted>
      <QtyInPackage>1</QtyInPackage>
      <ItemPrice>9.90</ItemPrice>
      <UnitOfMeasurePrice>1.77</UnitOfMeasurePrice>
      <AllowDiscount>0</AllowDiscount>
      <itemStatus>1</itemStatus>
      <LastUpdateDate />
      <LastUpdateTime />
    </Product>
    <Product>
      <PriceUpdateDate>2018/02/06 10:11</PriceUpdateDate>
      <ItemCode>7290002057123</ItemCode>
      <ItemType>1</ItemType>
      <ItemName>זיתים חרוזית A2</ItemName>
      <ManufactureName>קבוצת יבנה מוצרי מזון אגודה שי</ManufactureName>
      <ManufactureCountry />
      <ManufactureItemDescription />
      <UnitQty>יח`</UnitQty>
      <Quantity>560</Quantity>
      <UnitMeasure>גרם</UnitMeasure>
      <BisWeighted>0</BisWeighted>
      <QtyInPackage>1</QtyInPackage>
      <ItemPrice>9.90</ItemPrice>
      <UnitOfMeasurePrice>1.77</UnitOfMeasurePrice>
      <AllowDiscount>0</AllowDiscount>
      <itemStatus>1</itemStatus>
      <LastUpdateDate />
      <LastUpdateTime />
    </Product>
    <Product>
      <PriceUpdateDate>2018/02/06 10:11</PriceUpdateDate>
      <ItemCode>7290002057130</ItemCode>
      <ItemType>1</ItemType>
      <ItemName>זיתים ירוק חרוז Z43</ItemName>
      <ManufactureName>קבוצת יבנה מוצרי מזון אגודה שי</ManufactureName>
      <ManufactureCountry />
      <ManufactureItemDescription />
      <UnitQty>יח`</UnitQty>
      <Quantity>720</Quantity>
      <UnitMeasure>גרם</UnitMeasure>
      <BisWeighted>0</BisWeighted>
      <QtyInPackage>1</QtyInPackage>
      <ItemPrice>19.90</ItemPrice>
      <UnitOfMeasurePrice>2.76</UnitOfMeasurePrice>
      <AllowDiscount>0</AllowDiscount>
      <itemStatus>1</itemStatus>
      <LastUpdateDate />
      <LastUpdateTime />
    </Product>
    <Product>
      <PriceUpdateDate>2015/02/15 11:02</PriceUpdateDate>
      <ItemCode>7290002057161</ItemCode>
      <ItemType>1</ItemType>
      <ItemName>זיתים מירנט חתוך ביין</ItemName>
      <ManufactureName>קבוצת יבנה מוצרי מזון אגודה שי</ManufactureName>
      <ManufactureCountry />
      <ManufactureItemDescription />
      <UnitQty>יח`</UnitQty>
      <Quantity>560</Quantity>
      <UnitMeasure>גרם</UnitMeasure>
      <BisWeighted>0</BisWeighted>
      <QtyInPackage>1</QtyInPackage>
      <ItemPrice>9.90</ItemPrice>
      <UnitOfMeasurePrice>1.77</UnitOfMeasurePrice>
      <AllowDiscount>0</AllowDiscount>
      <itemStatus>1</itemStatus>
      <LastUpdateDate />
      <LastUpdateTime />
    </Product>
    <Product>
      <PriceUpdateDate>2018/02/06 10:11</PriceUpdateDate>
      <ItemCode>7290002057185</ItemCode>
      <ItemType>1</ItemType>
      <ItemName>טבעות זיתים ירוק A2</ItemName>
      <ManufactureName>קבוצת יבנה מוצרי מזון אגודה שי</ManufactureName>
      <ManufactureCountry />
      <ManufactureItemDescription />
      <UnitQty>יח`</UnitQty>
      <Quantity>560</Quantity>
      <UnitMeasure>גרם</UnitMeasure>
      <BisWeighted>0</BisWeighted>
      <QtyInPackage>1</QtyInPackage>
      <ItemPrice>9.90</ItemPrice>
      <UnitOfMeasurePrice>1.77</UnitOfMeasurePrice>
      <AllowDiscount>1</AllowDiscount>
      <itemStatus>1</itemStatus>
      <LastUpdateDate />
      <LastUpdateTime />
    </Product>
    <Product>
      <PriceUpdateDate>2017/08/14 13:21</PriceUpdateDate>
      <ItemCode>7290002057314</ItemCode>
      <ItemType>1</ItemType>
      <ItemName>מלפפון במלח 15-20 Z43</ItemName>
      <ManufactureName>קבוצת יבנה מוצרי מזון אגודה שי</ManufactureName>
      <ManufactureCountry />
      <ManufactureItemDescription />
      <UnitQty>יח`</UnitQty>
      <Quantity>560</Quantity>
      <UnitMeasure>גרם</UnitMeasure>
      <BisWeighted>0</BisWeighted>
      <QtyInPackage>1</QtyInPackage>
      <ItemPrice>13.90</ItemPrice>
      <UnitOfMeasurePrice>2.48</UnitOfMeasurePrice>
      <AllowDiscount>0</AllowDiscount>
      <itemStatus>1</itemStatus>
      <LastUpdateDate />
      <LastUpdateTime />
    </Product>
    <Product>
      <PriceUpdateDate>2018/02/06 10:11</PriceUpdateDate>
      <ItemCode>7290002057352</ItemCode>
      <ItemType>1</ItemType>
      <ItemName>מלפפון במלח 7-9 יבנה</ItemName>
      <ManufactureName>קבוצת יבנה מוצרי מזון אגודה שי</ManufactureName>
      <ManufactureCountry />
      <ManufactureItemDescription />
      <UnitQty>יח`</UnitQty>
      <Quantity>600</Quantity>
      <UnitMeasure>גרם</UnitMeasure>
      <BisWeighted>0</BisWeighted>
      <QtyInPackage>1</QtyInPackage>
      <ItemPrice>6.90</ItemPrice>
      <UnitOfMeasurePrice>1.15</UnitOfMeasurePrice>
      <AllowDiscount>0</AllowDiscount>
      <itemStatus>1</itemStatus>
      <LastUpdateDate />
      <LastUpdateTime />
    </Product>
    <Product>
      <PriceUpdateDate>2018/02/06 10:11</PriceUpdateDate>
      <ItemCode>7290002057369</ItemCode>
      <ItemType>1</ItemType>
      <ItemName>מלפפון במלח 10-12</ItemName>
      <ManufactureName>קבוצת יבנה מוצרי מזון אגודה שי</ManufactureName>
      <ManufactureCountry />
      <ManufactureItemDescription />
      <UnitQty>יח`</UnitQty>
      <Quantity>600</Quantity>
      <UnitMeasure>גרם</UnitMeasure>
      <BisWeighted>0</BisWeighted>
      <QtyInPackage>1</QtyInPackage>
      <ItemPrice>7.90</ItemPrice>
      <UnitOfMeasurePrice>1.32</UnitOfMeasurePrice>
      <AllowDiscount>0</AllowDiscount>
      <itemStatus>1</itemStatus>
      <LastUpdateDate />
      <LastUpdateTime />
    </Product>
    <Product>
      <PriceUpdateDate>2018/02/06 10:11</PriceUpdateDate>
      <ItemCode>7290002057376</ItemCode>
      <ItemType>1</ItemType>
      <ItemName>מלפפון במלח 13-17</ItemName>
      <ManufactureName>קבוצת יבנה מוצרי מזון אגודה שי</ManufactureName>
      <ManufactureCountry />
      <ManufactureItemDescription />
      <UnitQty>יח`</UnitQty>
      <Quantity>600</Quantity>
      <UnitMeasure>גרם</UnitMeasure>
      <BisWeighted>0</BisWeighted>
      <QtyInPackage>1</QtyInPackage>
      <ItemPrice>10.90</ItemPrice>
      <UnitOfMeasurePrice>1.82</UnitOfMeasurePrice>
      <AllowDiscount>0</AllowDiscount>
      <itemStatus>1</itemStatus>
      <LastUpdateDate />
      <LastUpdateTime />
    </Product>
    <Product>
      <PriceUpdateDate>2017/07/13 14:34</PriceUpdateDate>
      <ItemCode>7290002057383</ItemCode>
      <ItemType>1</ItemType>
      <ItemName>מלפפון במלח 18-25</ItemName>
      <ManufactureName>קבוצת יבנה מוצרי מזון אגודה שי</ManufactureName>
      <ManufactureCountry />
      <ManufactureItemDescription />
      <UnitQty>יח`</UnitQty>
      <Quantity>600</Quantity>
      <UnitMeasure>גרם</UnitMeasure>
      <BisWeighted>0</BisWeighted>
      <QtyInPackage>1</QtyInPackage>
      <ItemPrice>12.90</ItemPrice>
      <UnitOfMeasurePrice>2.15</UnitOfMeasurePrice>
      <AllowDiscount>0</AllowDiscount>
      <itemStatus>1</itemStatus>
      <LastUpdateDate />
      <LastUpdateTime />
    </Product>
    <Product>
      <PriceUpdateDate>2017/08/14 13:21</PriceUpdateDate>
      <ItemCode>7290002057413</ItemCode>
      <ItemType>1</ItemType>
      <ItemName>מלפפון 15-20 בחומץ</ItemName>
      <ManufactureName>קבוצת יבנה מוצרי מזון אגודה שי</ManufactureName>
      <ManufactureCountry />
      <ManufactureItemDescription />
      <UnitQty>יח`</UnitQty>
      <Quantity>600</Quantity>
      <UnitMeasure>גרם</UnitMeasure>
      <BisWeighted>0</BisWeighted>
      <QtyInPackage>1</QtyInPackage>
      <ItemPrice>13.90</ItemPrice>
      <UnitOfMeasurePrice>2.32</UnitOfMeasurePrice>
      <AllowDiscount>0</AllowDiscount>
      <itemStatus>1</itemStatus>
      <LastUpdateDate />
      <LastUpdateTime />
    </Product>
    <Product>
      <PriceUpdateDate>2018/02/06 10:11</PriceUpdateDate>
      <ItemCode>7290002057451</ItemCode>
      <ItemType>1</ItemType>
      <ItemName>מלפפון בחומץ 7-9</ItemName>
      <ManufactureName>קבוצת יבנה מוצרי מזון אגודה שי</ManufactureName>
      <ManufactureCountry />
      <ManufactureItemDescription />
      <UnitQty>יח`</UnitQty>
      <Quantity>600</Quantity>
      <UnitMeasure>גרם</UnitMeasure>
      <BisWeighted>0</BisWeighted>
      <QtyInPackage>1</QtyInPackage>
      <ItemPrice>6.90</ItemPrice>
      <UnitOfMeasurePrice>1.15</UnitOfMeasurePrice>
      <AllowDiscount>0</AllowDiscount>
      <itemStatus>1</itemStatus>
      <LastUpdateDate />
      <LastUpdateTime />
    </Product>
    <Product>
      <PriceUpdateDate>2018/02/06 10:11</PriceUpdateDate>
      <ItemCode>7290002057468</ItemCode>
      <ItemType>1</ItemType>
      <ItemName>מלפפון בחומץ 10-12</ItemName>
      <ManufactureName>קבוצת יבנה מוצרי מזון אגודה שי</ManufactureName>
      <ManufactureCountry />
      <ManufactureItemDescription />
      <UnitQty>יח`</UnitQty>
      <Quantity>600</Quantity>
      <UnitMeasure>גרם</UnitMeasure>
      <BisWeighted>0</BisWeighted>
      <QtyInPackage>1</QtyInPackage>
      <ItemPrice>7.90</ItemPrice>
      <UnitOfMeasurePrice>1.32</UnitOfMeasurePrice>
      <AllowDiscount>0</AllowDiscount>
      <itemStatus>1</itemStatus>
      <LastUpdateDate />
      <LastUpdateTime />
    </Product>
    <Product>
      <PriceUpdateDate>2018/02/06 10:11</PriceUpdateDate>
      <ItemCode>7290002057475</ItemCode>
      <ItemType>1</ItemType>
      <ItemName>מלפפון בחומץ 13-17</ItemName>
      <ManufactureName>קבוצת יבנה מוצרי מזון אגודה שי</ManufactureName>
      <ManufactureCountry />
      <ManufactureItemDescription />
      <UnitQty>יח`</UnitQty>
      <Quantity>600</Quantity>
      <UnitMeasure>גרם</UnitMeasure>
      <BisWeighted>0</BisWeighted>
      <QtyInPackage>1</QtyInPackage>
      <ItemPrice>10.90</ItemPrice>
      <UnitOfMeasurePrice>1.82</UnitOfMeasurePrice>
      <AllowDiscount>0</AllowDiscount>
      <itemStatus>1</itemStatus>
      <LastUpdateDate />
      <LastUpdateTime />
    </Product>
    <Product>
      <PriceUpdateDate>2017/07/13 14:34</PriceUpdateDate>
      <ItemCode>7290002057482</ItemCode>
      <ItemType>1</ItemType>
      <ItemName>מלפפון בחומץ 18-25</ItemName>
      <ManufactureName>קבוצת יבנה מוצרי מזון אגודה שי</ManufactureName>
      <ManufactureCountry />
      <ManufactureItemDescription />
      <UnitQty>יח`</UnitQty>
      <Quantity>560</Quantity>
      <UnitMeasure>גרם</UnitMeasure>
      <BisWeighted>0</BisWeighted>
      <QtyInPackage>1</QtyInPackage>
      <ItemPrice>12.90</ItemPrice>
      <UnitOfMeasurePrice>2.30</UnitOfMeasurePrice>
      <AllowDiscount>0</AllowDiscount>
      <itemStatus>1</itemStatus>
      <LastUpdateDate />
      <LastUpdateTime />
    </Product>
    <Product>
      <PriceUpdateDate>2017/07/13 14:34</PriceUpdateDate>
      <ItemCode>7290002057604</ItemCode>
      <ItemType>1</ItemType>
      <ItemName>פלפל חריף שיפקה קבוצת יבנה (540 גרם)</ItemName>
      <ManufactureName>קבוצת יבנה מוצרי מזון אגודה שי</ManufactureName>
      <ManufactureCountry />
      <ManufactureItemDescription />
      <UnitQty>יח`</UnitQty>
      <Quantity>560</Quantity>
      <UnitMeasure>גרם</UnitMeasure>
      <BisWeighted>0</BisWeighted>
      <QtyInPackage>1</QtyInPackage>
      <ItemPrice>5.90</ItemPrice>
      <UnitOfMeasurePrice>1.05</UnitOfMeasurePrice>
      <AllowDiscount>1</AllowDiscount>
      <itemStatus>1</itemStatus>
      <LastUpdateDate />
      <LastUpdateTime />
    </Product>
    <Product>
      <PriceUpdateDate>2018/02/06 10:11</PriceUpdateDate>
      <ItemCode>7290002057628</ItemCode>
      <ItemType>1</ItemType>
      <ItemName>זיתים מושחרים טבעות קבוצת יבנה (540 גרם)</ItemName>
      <ManufactureName>קבוצת יבנה מוצרי מזון אגודה שי</ManufactureName>
      <ManufactureCountry />
      <ManufactureItemDescription />
      <UnitQty>יח`</UnitQty>
      <Quantity>540</Quantity>
      <UnitMeasure>גרם</UnitMeasure>
      <BisWeighted>0</BisWeighted>
      <QtyInPackage>1</QtyInPackage>
      <ItemPrice>9.90</ItemPrice>
      <UnitOfMeasurePrice>1.83</UnitOfMeasurePrice>
      <AllowDiscount>0</AllowDiscount>
      <itemStatus>1</itemStatus>
      <LastUpdateDate />
      <LastUpdateTime />
    </Product>
    <Product>
      <PriceUpdateDate>2018/02/06 10:11</PriceUpdateDate>
      <ItemCode>7290002057734</ItemCode>
      <ItemType>1</ItemType>
      <ItemName>זיתים גדול 540 גר`</ItemName>
      <ManufactureName>קבוצת יבנה מוצרי מזון אגודה שי</ManufactureName>
      <ManufactureCountry />
      <ManufactureItemDescription />
      <UnitQty>יח`</UnitQty>
      <Quantity>540</Quantity>
      <UnitMeasure>גרם</UnitMeasure>
      <BisWeighted>0</BisWeighted>
      <QtyInPackage>1</QtyInPackage>
      <ItemPrice>9.90</ItemPrice>
      <UnitOfMeasurePrice>1.83</UnitOfMeasurePrice>
      <AllowDiscount>0</AllowDiscount>
      <itemStatus>1</itemStatus>
      <LastUpdateDate />
      <LastUpdateTime />
    </Product>
    <Product>
      <PriceUpdateDate>2017/03/01 08:11</PriceUpdateDate>
      <ItemCode>7290002065555</ItemCode>
      <ItemType>1</ItemType>
      <ItemName>לחמניות אנג`ל) (6</ItemName>
      <ManufactureName>שלמה א. אנג`ל בעמ</ManufactureName>
      <ManufactureCountry />
      <ManufactureItemDescription />
      <UnitQty>יח`</UnitQty>
      <Quantity>450</Quantity>
      <UnitMeasure>גרם</UnitMeasure>
      <BisWeighted>0</BisWeighted>
      <QtyInPackage>1</QtyInPackage>
      <ItemPrice>10</ItemPrice>
      <UnitOfMeasurePrice>2.22</UnitOfMeasurePrice>
      <AllowDiscount>0</AllowDiscount>
      <itemStatus>1</itemStatus>
      <LastUpdateDate />
      <LastUpdateTime />
    </Product>
    <Product>
      <PriceUpdateDate>2017/11/09 11:19</PriceUpdateDate>
      <ItemCode>7290002065616</ItemCode>
      <ItemType>1</ItemType>
      <ItemName>לחם שיפון גרעינים פרוס אחדות (750 גרם)</ItemName>
      <ManufactureName>שלמה א. אנג`ל בעמ</ManufactureName>
      <ManufactureCountry />
      <ManufactureItemDescription />
      <UnitQty>יח`</UnitQty>
      <Quantity>750</Quantity>
      <UnitMeasure>גרם</UnitMeasure>
      <BisWeighted>0</BisWeighted>
      <QtyInPackage>1</QtyInPackage>
      <ItemPrice>11.90</ItemPrice>
      <UnitOfMeasurePrice>1.59</UnitOfMeasurePrice>
      <AllowDiscount>0</AllowDiscount>
      <itemStatus>1</itemStatus>
      <LastUpdateDate />
      <LastUpdateTime />
    </Product>
    <Product>
      <PriceUpdateDate>2017/11/09 11:19</PriceUpdateDate>
      <ItemCode>7290002065623</ItemCode>
      <ItemType>1</ItemType>
      <ItemName>לחם שיפון פרוס כפרי אחדות (750 גרם)</ItemName>
      <ManufactureName>שלמה א. אנג`ל בעמ</ManufactureName>
      <ManufactureCountry />
      <ManufactureItemDescription />
      <UnitQty>יח`</UnitQty>
      <Quantity>750</Quantity>
      <UnitMeasure>גרם</UnitMeasure>
      <BisWeighted>0</BisWeighted>
      <QtyInPackage>1</QtyInPackage>
      <ItemPrice>11.90</ItemPrice>
      <UnitOfMeasurePrice>1.59</UnitOfMeasurePrice>
      <AllowDiscount>0</AllowDiscount>
      <itemStatus>1</itemStatus>
      <LastUpdateDate />
      <LastUpdateTime />
    </Product>
    <Product>
      <PriceUpdateDate>2017/08/11 09:10</PriceUpdateDate>
      <ItemCode>7290002077725</ItemCode>
      <ItemType>1</ItemType>
      <ItemName>סלמון מעושן דלידג (100 גרם)</ItemName>
      <ManufactureName>נטו מלינדה סחר בעמ</ManufactureName>
      <ManufactureCountry />
      <ManufactureItemDescription />
      <UnitQty>יח`</UnitQty>
      <Quantity>100</Quantity>
      <UnitMeasure>גרם</UnitMeasure>
      <BisWeighted>0</BisWeighted>
      <QtyInPackage>1</QtyInPackage>
      <ItemPrice>15.90</ItemPrice>
      <UnitOfMeasurePrice>15.90</UnitOfMeasurePrice>
      <AllowDiscount>1</AllowDiscount>
      <itemStatus>1</itemStatus>
      <LastUpdateDate />
      <LastUpdateTime />
    </Product>
    <Product>
      <PriceUpdateDate>2015/01/25 12:27</PriceUpdateDate>
      <ItemCode>7290002105565</ItemCode>
      <ItemType>1</ItemType>
      <ItemName>טחון הודו 500 מחפוד</ItemName>
      <ManufactureName>עוף ירושלים שיווק בעמ</ManufactureName>
      <ManufactureCountry />
      <ManufactureItemDescription />
      <UnitQty>יח`</UnitQty>
      <Quantity>500</Quantity>
      <UnitMeasure>גרם</UnitMeasure>
      <BisWeighted>0</BisWeighted>
      <QtyInPackage>1</QtyInPackage>
      <ItemPrice>14.90</ItemPrice>
      <UnitOfMeasurePrice>2.98</UnitOfMeasurePrice>
      <AllowDiscount>1</AllowDiscount>
      <itemStatus>1</itemStatus>
      <LastUpdateDate />
      <LastUpdateTime />
    </Product>
    <Product>
      <PriceUpdateDate>2015/01/25 12:27</PriceUpdateDate>
      <ItemCode>7290002105671</ItemCode>
      <ItemType>1</ItemType>
      <ItemName>טחון עוף מחפוד 500 גר`</ItemName>
      <ManufactureName>עוף ירושלים שיווק בעמ</ManufactureName>
      <ManufactureCountry />
      <ManufactureItemDescription />
      <UnitQty>יח`</UnitQty>
      <Quantity>500</Quantity>
      <UnitMeasure>גרם</UnitMeasure>
      <BisWeighted>0</BisWeighted>
      <QtyInPackage>1</QtyInPackage>
      <ItemPrice>14.90</ItemPrice>
      <UnitOfMeasurePrice>2.98</UnitOfMeasurePrice>
      <AllowDiscount>1</AllowDiscount>
      <itemStatus>1</itemStatus>
      <LastUpdateDate />
      <LastUpdateTime />
    </Product>
    <Product>
      <PriceUpdateDate>2019/05/05 12:35</PriceUpdateDate>
      <ItemCode>7290002105756</ItemCode>
      <ItemType>1</ItemType>
      <ItemName>טחון בקר 1 קג מחפוד</ItemName>
      <ManufactureName>עוף ירושלים שיווק בעמ</ManufactureName>
      <ManufactureCountry />
      <ManufactureItemDescription />
      <UnitQty>יח`</UnitQty>
      <Quantity>1</Quantity>
      <UnitMeasure>ק"ג</UnitMeasure>
      <BisWeighted>0</BisWeighted>
      <QtyInPackage>1</QtyInPackage>
      <ItemPrice>37.90</ItemPrice>
      <UnitOfMeasurePrice>37.90</UnitOfMeasurePrice>
      <AllowDiscount>1</AllowDiscount>
      <itemStatus>1</itemStatus>
      <LastUpdateDate />
      <LastUpdateTime />
    </Product>
    <Product>
      <PriceUpdateDate>2018/10/10 11:10</PriceUpdateDate>
      <ItemCode>7290002107019</ItemCode>
      <ItemType>1</ItemType>
      <ItemName>צפתית מעודנת 5% בגביע צוריאל</ItemName>
      <ManufactureName>החב` המרכזית - טרה</ManufactureName>
      <ManufactureCountry />
      <ManufactureItemDescription />
      <UnitQty>יח`</UnitQty>
      <Quantity>250</Quantity>
      <UnitMeasure>גרם</UnitMeasure>
      <BisWeighted>0</BisWeighted>
      <QtyInPackage>1</QtyInPackage>
      <ItemPrice>18.20</ItemPrice>
      <UnitOfMeasurePrice>7.28</UnitOfMeasurePrice>
      <AllowDiscount>1</AllowDiscount>
      <itemStatus>1</itemStatus>
      <LastUpdateDate />
      <LastUpdateTime />
    </Product>
    <Product>
      <PriceUpdateDate>2015/03/03 16:32</PriceUpdateDate>
      <ItemCode>7290002109372</ItemCode>
      <ItemType>1</ItemType>
      <ItemName>בורקס פילו אצבעות בולגרית 700 גר`</ItemName>
      <ManufactureName>נטו מלינדה סחר בעמ</ManufactureName>
      <ManufactureCountry />
      <ManufactureItemDescription />
      <UnitQty>יח`</UnitQty>
      <Quantity>700</Quantity>
      <UnitMeasure>גרם</UnitMeasure>
      <BisWeighted>0</BisWeighted>
      <QtyInPackage>1</QtyInPackage>
      <ItemPrice>18.90</ItemPrice>
      <UnitOfMeasurePrice>2.70</UnitOfMeasurePrice>
      <AllowDiscount>1</AllowDiscount>
      <itemStatus>1</itemStatus>
      <LastUpdateDate />
      <LastUpdateTime />
    </Product>
    <Product>
      <PriceUpdateDate>2020/04/28 06:56</PriceUpdateDate>
      <ItemCode>7290002111122</ItemCode>
      <ItemType>1</ItemType>
      <ItemName>A2 רסק תפוע מתו</ItemName>
      <ManufactureName>זנלכל בעמ</ManufactureName>
      <ManufactureCountry />
      <ManufactureItemDescription />
      <UnitQty>יח`</UnitQty>
      <Quantity>560</Quantity>
      <UnitMeasure>גרם</UnitMeasure>
      <BisWeighted>0</BisWeighted>
      <QtyInPackage>1</QtyInPackage>
      <ItemPrice>5.90</ItemPrice>
      <UnitOfMeasurePrice>1.05</UnitOfMeasurePrice>
      <AllowDiscount>0</AllowDiscount>
      <itemStatus>1</itemStatus>
      <LastUpdateDate />
      <LastUpdateTime />
    </Product>
    <Product>
      <PriceUpdateDate>2017/04/24 11:03</PriceUpdateDate>
      <ItemCode>7290002129462</ItemCode>
      <ItemType>1</ItemType>
      <ItemName>פיצה איטלקית דקה שלושת האופים מארז זוג</ItemName>
      <ManufactureName>נטו מלינדה סחר בעמ</ManufactureName>
      <ManufactureCountry />
      <ManufactureItemDescription />
      <UnitQty>יח`</UnitQty>
      <Quantity>640</Quantity>
      <UnitMeasure>גרם</UnitMeasure>
      <BisWeighted>0</BisWeighted>
      <QtyInPackage>1</QtyInPackage>
      <ItemPrice>22.90</ItemPrice>
      <UnitOfMeasurePrice>3.58</UnitOfMeasurePrice>
      <AllowDiscount>0</AllowDiscount>
      <itemStatus>1</itemStatus>
      <LastUpdateDate />
      <LastUpdateTime />
    </Product>
    <Product>
      <PriceUpdateDate>2017/04/24 11:03</PriceUpdateDate>
      <ItemCode>7290002129479</ItemCode>
      <ItemType>1</ItemType>
      <ItemName>פיצה איטלקית דקה שלושת האופים 320 גר</ItemName>
      <ManufactureName>נטו מלינדה סחר בעמ</ManufactureName>
      <ManufactureCountry />
      <ManufactureItemDescription />
      <UnitQty>יח`</UnitQty>
      <Quantity>320</Quantity>
      <UnitMeasure>גרם</UnitMeasure>
      <BisWeighted>0</BisWeighted>
      <QtyInPackage>1</QtyInPackage>
      <ItemPrice>13.90</ItemPrice>
      <UnitOfMeasurePrice>4.34</UnitOfMeasurePrice>
      <AllowDiscount>0</AllowDiscount>
      <itemStatus>1</itemStatus>
      <LastUpdateDate />
      <LastUpdateTime />
    </Product>
    <Product>
      <PriceUpdateDate>2017/08/17 07:38</PriceUpdateDate>
      <ItemCode>7290002129486</ItemCode>
      <ItemType>1</ItemType>
      <ItemName>פיצה איטלקית דקה 340 גר` שלושת האופים</ItemName>
      <ManufactureName>נטו מלינדה סחר בעמ</ManufactureName>
      <ManufactureCountry />
      <ManufactureItemDescription />
      <UnitQty>יח`</UnitQty>
      <Quantity>340</Quantity>
      <UnitMeasure>גרם</UnitMeasure>
      <BisWeighted>0</BisWeighted>
      <QtyInPackage>1</QtyInPackage>
      <ItemPrice>14.90</ItemPrice>
      <UnitOfMeasurePrice>4.38</UnitOfMeasurePrice>
      <AllowDiscount>0</AllowDiscount>
      <itemStatus>1</itemStatus>
      <LastUpdateDate />
      <LastUpdateTime />
    </Product>
    <Product>
      <PriceUpdateDate>2017/01/04 11:07</PriceUpdateDate>
      <ItemCode>7290002130567</ItemCode>
      <ItemType>1</ItemType>
      <ItemName>דבש טהור מפרחי בר יד מרדכי (350 גרם)</ItemName>
      <ManufactureName>שטראוס גרופ בעמ</ManufactureName>
      <ManufactureCountry />
      <ManufactureItemDescription />
      <UnitQty>יח`</UnitQty>
      <Quantity>350</Quantity>
      <UnitMeasure>גרם</UnitMeasure>
      <BisWeighted>0</BisWeighted>
      <QtyInPackage>1</QtyInPackage>
      <ItemPrice>16.90</ItemPrice>
      <UnitOfMeasurePrice>4.83</UnitOfMeasurePrice>
      <AllowDiscount>0</AllowDiscount>
      <itemStatus>1</itemStatus>
      <LastUpdateDate />
      <LastUpdateTime />
    </Product>
    <Product>
      <PriceUpdateDate>2017/08/08 10:29</PriceUpdateDate>
      <ItemCode>7290002130574</ItemCode>
      <ItemType>1</ItemType>
      <ItemName>דבש דבורים טהור 500גר</ItemName>
      <ManufactureName>שטראוס גרופ בעמ</ManufactureName>
      <ManufactureCountry />
      <ManufactureItemDescription />
      <UnitQty>יח`</UnitQty>
      <Quantity>500</Quantity>
      <UnitMeasure>גרם</UnitMeasure>
      <BisWeighted>0</BisWeighted>
      <QtyInPackage>1</QtyInPackage>
      <ItemPrice>26.90</ItemPrice>
      <UnitOfMeasurePrice>5.38</UnitOfMeasurePrice>
      <AllowDiscount>0</AllowDiscount>
      <itemStatus>1</itemStatus>
      <LastUpdateDate />
      <LastUpdateTime />
    </Product>
    <Product>
      <PriceUpdateDate>2018/05/09 14:10</PriceUpdateDate>
      <ItemCode>7290002130581</ItemCode>
      <ItemType>1</ItemType>
      <ItemName>דבש טהור מפרחי בר יד מרדכי (1 קג)</ItemName>
      <ManufactureName>שטראוס גרופ בעמ</ManufactureName>
      <ManufactureCountry />
      <ManufactureItemDescription />
      <UnitQty>יח`</UnitQty>
      <Quantity>1</Quantity>
      <UnitMeasure>ק"ג</UnitMeasure>
      <BisWeighted>0</BisWeighted>
      <QtyInPackage>1</QtyInPackage>
      <ItemPrice>42.90</ItemPrice>
      <UnitOfMeasurePrice>42.90</UnitOfMeasurePrice>
      <AllowDiscount>0</AllowDiscount>
      <itemStatus>1</itemStatus>
      <LastUpdateDate />
      <LastUpdateTime />
    </Product>
    <Product>
      <PriceUpdateDate>2015/05/28 11:11</PriceUpdateDate>
      <ItemCode>7290002132011</ItemCode>
      <ItemType>1</ItemType>
      <ItemName>עוגיות מזרחיות עם שומשום עבאדי (400 גר)</ItemName>
      <ManufactureName>תה ויסוצקי (ישראל) בעמ</ManufactureName>
      <ManufactureCountry />
      <ManufactureItemDescription />
      <UnitQty>יח`</UnitQty>
      <Quantity>400</Quantity>
      <UnitMeasure>גרם</UnitMeasure>
      <BisWeighted>0</BisWeighted>
      <QtyInPackage>1</QtyInPackage>
      <ItemPrice>16.90</ItemPrice>
      <UnitOfMeasurePrice>4.23</UnitOfMeasurePrice>
      <AllowDiscount>0</AllowDiscount>
      <itemStatus>1</itemStatus>
      <LastUpdateDate />
      <LastUpdateTime />
    </Product>
    <Product>
      <PriceUpdateDate>2014/07/17 12:40</PriceUpdateDate>
      <ItemCode>7290002150077</ItemCode>
      <ItemType>1</ItemType>
      <ItemName>פלאפל מטוגן 400 גר`</ItemName>
      <ManufactureName>חמים וטעים בעמ</ManufactureName>
      <ManufactureCountry />
      <ManufactureItemDescription />
      <UnitQty>יח`</UnitQty>
      <Quantity>400</Quantity>
      <UnitMeasure>גרם</UnitMeasure>
      <BisWeighted>0</BisWeighted>
      <QtyInPackage>1</QtyInPackage>
      <ItemPrice>11.90</ItemPrice>
      <UnitOfMeasurePrice>2.98</UnitOfMeasurePrice>
      <AllowDiscount>0</AllowDiscount>
      <itemStatus>1</itemStatus>
      <LastUpdateDate />
      <LastUpdateTime />
    </Product>
    <Product>
      <PriceUpdateDate>2014/07/17 12:40</PriceUpdateDate>
      <ItemCode>7290002150718</ItemCode>
      <ItemType>1</ItemType>
      <ItemName>קרפלך תפוא מטוגן 400 גר`</ItemName>
      <ManufactureName>חמים וטעים בעמ</ManufactureName>
      <ManufactureCountry />
      <ManufactureItemDescription />
      <UnitQty>יח`</UnitQty>
      <Quantity>400</Quantity>
      <UnitMeasure>גרם</UnitMeasure>
      <BisWeighted>0</BisWeighted>
      <QtyInPackage>1</QtyInPackage>
      <ItemPrice>11.90</ItemPrice>
      <UnitOfMeasurePrice>2.98</UnitOfMeasurePrice>
      <AllowDiscount>0</AllowDiscount>
      <itemStatus>1</itemStatus>
      <LastUpdateDate />
      <LastUpdateTime />
    </Product>
    <Product>
      <PriceUpdateDate>2020/04/30 08:27</PriceUpdateDate>
      <ItemCode>7290002150732</ItemCode>
      <ItemType>1</ItemType>
      <ItemName>קרפלך בשר מטוגן 400 גר`</ItemName>
      <ManufactureName>חמים וטעים בעמ</ManufactureName>
      <ManufactureCountry />
      <ManufactureItemDescription />
      <UnitQty>יח`</UnitQty>
      <Quantity>400</Quantity>
      <UnitMeasure>גרם</UnitMeasure>
      <BisWeighted>0</BisWeighted>
      <QtyInPackage>1</QtyInPackage>
      <ItemPrice>11.90</ItemPrice>
      <UnitOfMeasurePrice>2.98</UnitOfMeasurePrice>
      <AllowDiscount>0</AllowDiscount>
      <itemStatus>1</itemStatus>
      <LastUpdateDate />
      <LastUpdateTime />
    </Product>
    <Product>
      <PriceUpdateDate>2020/04/30 08:27</PriceUpdateDate>
      <ItemCode>7290002150794</ItemCode>
      <ItemType>1</ItemType>
      <ItemName>סיגר בשר 400</ItemName>
      <ManufactureName>חמים וטעים בעמ</ManufactureName>
      <ManufactureCountry />
      <ManufactureItemDescription />
      <UnitQty>יח`</UnitQty>
      <Quantity>400</Quantity>
      <UnitMeasure>גרם</UnitMeasure>
      <BisWeighted>0</BisWeighted>
      <QtyInPackage>1</QtyInPackage>
      <ItemPrice>11.90</ItemPrice>
      <UnitOfMeasurePrice>2.98</UnitOfMeasurePrice>
      <AllowDiscount>0</AllowDiscount>
      <itemStatus>1</itemStatus>
      <LastUpdateDate />
      <LastUpdateTime />
    </Product>
    <Product>
      <PriceUpdateDate>2014/07/17 12:40</PriceUpdateDate>
      <ItemCode>7290002150817</ItemCode>
      <ItemType>1</ItemType>
      <ItemName>סיגר תפוא 400 גר`</ItemName>
      <ManufactureName>חמים וטעים בעמ</ManufactureName>
      <ManufactureCountry />
      <ManufactureItemDescription />
      <UnitQty>יח`</UnitQty>
      <Quantity>400</Quantity>
      <UnitMeasure>גרם</UnitMeasure>
      <BisWeighted>0</BisWeighted>
      <QtyInPackage>1</QtyInPackage>
      <ItemPrice>11.90</ItemPrice>
      <UnitOfMeasurePrice>2.98</UnitOfMeasurePrice>
      <AllowDiscount>0</AllowDiscount>
      <itemStatus>1</itemStatus>
      <LastUpdateDate />
      <LastUpdateTime />
    </Product>
    <Product>
      <PriceUpdateDate>2014/07/17 12:40</PriceUpdateDate>
      <ItemCode>7290002150831</ItemCode>
      <ItemType>1</ItemType>
      <ItemName>פסטל תפוא 400 גר`</ItemName>
      <ManufactureName>חמים וטעים בעמ</ManufactureName>
      <ManufactureCountry />
      <ManufactureItemDescription />
      <UnitQty>יח`</UnitQty>
      <Quantity>400</Quantity>
      <UnitMeasure>גרם</UnitMeasure>
      <BisWeighted>0</BisWeighted>
      <QtyInPackage>1</QtyInPackage>
      <ItemPrice>11.90</ItemPrice>
      <UnitOfMeasurePrice>2.98</UnitOfMeasurePrice>
      <AllowDiscount>0</AllowDiscount>
      <itemStatus>1</itemStatus>
      <LastUpdateDate />
      <LastUpdateTime />
    </Product>
    <Product>
      <PriceUpdateDate>2020/04/30 16:13</PriceUpdateDate>
      <ItemCode>7290002150862</ItemCode>
      <ItemType>1</ItemType>
      <ItemName>קובה בורגול במילוי בשר 400  גר`חמים וטמי</ItemName>
      <ManufactureName>חמים וטעים בעמ</ManufactureName>
      <ManufactureCountry />
      <ManufactureItemDescription />
      <UnitQty>יח`</UnitQty>
      <Quantity>400</Quantity>
      <UnitMeasure>גרם</UnitMeasure>
      <BisWeighted>0</BisWeighted>
      <QtyInPackage>1</QtyInPackage>
      <ItemPrice>11.90</ItemPrice>
      <UnitOfMeasurePrice>2.98</UnitOfMeasurePrice>
      <AllowDiscount>0</AllowDiscount>
      <itemStatus>1</itemStatus>
      <LastUpdateDate />
      <LastUpdateTime />
    </Product>
    <Product>
      <PriceUpdateDate>2019/10/23 09:41</PriceUpdateDate>
      <ItemCode>7290002195054</ItemCode>
      <ItemType>1</ItemType>
      <ItemName>המבורגר קפוא בלדי (400 גרם)</ItemName>
      <ManufactureName>בלדי בעמ</ManufactureName>
      <ManufactureCountry />
      <ManufactureItemDescription />
      <UnitQty>יח`</UnitQty>
      <Quantity>400</Quantity>
      <UnitMeasure>גרם</UnitMeasure>
      <BisWeighted>0</BisWeighted>
      <QtyInPackage>1</QtyInPackage>
      <ItemPrice>12.90</ItemPrice>
      <UnitOfMeasurePrice>3.23</UnitOfMeasurePrice>
      <AllowDiscount>1</AllowDiscount>
      <itemStatus>1</itemStatus>
      <LastUpdateDate />
      <LastUpdateTime />
    </Product>
    <Product>
      <PriceUpdateDate>2019/09/04 09:41</PriceUpdateDate>
      <ItemCode>7290002195078</ItemCode>
      <ItemType>1</ItemType>
      <ItemName>קבב כבש קפוא בלדי (400 גרם)</ItemName>
      <ManufactureName>בלדי בעמ</ManufactureName>
      <ManufactureCountry />
      <ManufactureItemDescription />
      <UnitQty>יח`</UnitQty>
      <Quantity>400</Quantity>
      <UnitMeasure>גרם</UnitMeasure>
      <BisWeighted>0</BisWeighted>
      <QtyInPackage>1</QtyInPackage>
      <ItemPrice>11.90</ItemPrice>
      <UnitOfMeasurePrice>2.98</UnitOfMeasurePrice>
      <AllowDiscount>1</AllowDiscount>
      <itemStatus>1</itemStatus>
      <LastUpdateDate />
      <LastUpdateTime />
    </Product>
    <Product>
      <PriceUpdateDate>2019/09/04 09:41</PriceUpdateDate>
      <ItemCode>7290002195085</ItemCode>
      <ItemType>1</ItemType>
      <ItemName>קבב מזרחי קפוא בלדי (400 גרם)</ItemName>
      <ManufactureName>בלדי בעמ</ManufactureName>
      <ManufactureCountry />
      <ManufactureItemDescription />
      <UnitQty>יח`</UnitQty>
      <Quantity>400</Quantity>
      <UnitMeasure>גרם</UnitMeasure>
      <BisWeighted>0</BisWeighted>
      <QtyInPackage>1</QtyInPackage>
      <ItemPrice>11.90</ItemPrice>
      <UnitOfMeasurePrice>2.98</UnitOfMeasurePrice>
      <AllowDiscount>1</AllowDiscount>
      <itemStatus>1</itemStatus>
      <LastUpdateDate />
      <LastUpdateTime />
    </Product>
    <Product>
      <PriceUpdateDate>2020/05/03 09:34</PriceUpdateDate>
      <ItemCode>7290002211013</ItemCode>
      <ItemType>1</ItemType>
      <ItemName>קמח 1 קג</ItemName>
      <ManufactureName>טחנת קמח רוט קרית גת</ManufactureName>
      <ManufactureCountry />
      <ManufactureItemDescription />
      <UnitQty>יח`</UnitQty>
      <Quantity>1</Quantity>
      <UnitMeasure>ק"ג</UnitMeasure>
      <BisWeighted>0</BisWeighted>
      <QtyInPackage>1</QtyInPackage>
      <ItemPrice>3.70</ItemPrice>
      <UnitOfMeasurePrice>3.70</UnitOfMeasurePrice>
      <AllowDiscount>0</AllowDiscount>
      <itemStatus>1</itemStatus>
      <LastUpdateDate />
      <LastUpdateTime />
    </Product>
    <Product>
      <PriceUpdateDate>2020/05/03 09:34</PriceUpdateDate>
      <ItemCode>7290002211044</ItemCode>
      <ItemType>1</ItemType>
      <ItemName>סולת 1 קג</ItemName>
      <ManufactureName>טחנת קמח רוט קרית גת</ManufactureName>
      <ManufactureCountry />
      <ManufactureItemDescription />
      <UnitQty>יח`</UnitQty>
      <Quantity>1</Quantity>
      <UnitMeasure>ק"ג</UnitMeasure>
      <BisWeighted>0</BisWeighted>
      <QtyInPackage>1</QtyInPackage>
      <ItemPrice>4.90</ItemPrice>
      <UnitOfMeasurePrice>4.90</UnitOfMeasurePrice>
      <AllowDiscount>0</AllowDiscount>
      <itemStatus>1</itemStatus>
      <LastUpdateDate />
      <LastUpdateTime />
    </Product>
    <Product>
      <PriceUpdateDate>2020/05/03 09:34</PriceUpdateDate>
      <ItemCode>7290002211051</ItemCode>
      <ItemType>1</ItemType>
      <ItemName>קמח מלא 1 קג</ItemName>
      <ManufactureName>טחנת קמח רוט קרית גת</ManufactureName>
      <ManufactureCountry />
      <ManufactureItemDescription />
      <UnitQty>יח`</UnitQty>
      <Quantity>1</Quantity>
      <UnitMeasure>ק"ג</UnitMeasure>
      <BisWeighted>0</BisWeighted>
      <QtyInPackage>1</QtyInPackage>
      <ItemPrice>4.30</ItemPrice>
      <UnitOfMeasurePrice>4.30</UnitOfMeasurePrice>
      <AllowDiscount>0</AllowDiscount>
      <itemStatus>1</itemStatus>
      <LastUpdateDate />
      <LastUpdateTime />
    </Product>
    <Product>
      <PriceUpdateDate>2020/05/03 09:34</PriceUpdateDate>
      <ItemCode>7290002211068</ItemCode>
      <ItemType>1</ItemType>
      <ItemName>קמח תופח 1 קג</ItemName>
      <ManufactureName>טחנת קמח רוט קרית גת</ManufactureName>
      <ManufactureCountry />
      <ManufactureItemDescription />
      <UnitQty>יח`</UnitQty>
      <Quantity>1</Quantity>
      <UnitMeasure>ק"ג</UnitMeasure>
      <BisWeighted>0</BisWeighted>
      <QtyInPackage>1</QtyInPackage>
      <ItemPrice>4.30</ItemPrice>
      <UnitOfMeasurePrice>4.30</UnitOfMeasurePrice>
      <AllowDiscount>0</AllowDiscount>
      <itemStatus>1</itemStatus>
      <LastUpdateDate />
      <LastUpdateTime />
    </Product>
    <Product>
      <PriceUpdateDate>2020/01/19 12:14</PriceUpdateDate>
      <ItemCode>7290002239185</ItemCode>
      <ItemType>1</ItemType>
      <ItemName>אפונה גינה 800 גר` פרי גליל</ItemName>
      <ManufactureName>ויטה -פרי גליל (החדשה) בעמ</ManufactureName>
      <ManufactureCountry />
      <ManufactureItemDescription />
      <UnitQty>יח`</UnitQty>
      <Quantity>800</Quantity>
      <UnitMeasure>גרם</UnitMeasure>
      <BisWeighted>0</BisWeighted>
      <QtyInPackage>1</QtyInPackage>
      <ItemPrice>10.50</ItemPrice>
      <UnitOfMeasurePrice>1.31</UnitOfMeasurePrice>
      <AllowDiscount>1</AllowDiscount>
      <itemStatus>1</itemStatus>
      <LastUpdateDate />
      <LastUpdateTime />
    </Product>
    <Product>
      <PriceUpdateDate>2020/01/19 12:14</PriceUpdateDate>
      <ItemCode>7290002239215</ItemCode>
      <ItemType>1</ItemType>
      <ItemName>אפונה וגזר 800 גר` פרי גליל</ItemName>
      <ManufactureName>ויטה -פרי גליל (החדשה) בעמ</ManufactureName>
      <ManufactureCountry />
      <ManufactureItemDescription />
      <UnitQty>יח`</UnitQty>
      <Quantity>800</Quantity>
      <UnitMeasure>גרם</UnitMeasure>
      <BisWeighted>0</BisWeighted>
      <QtyInPackage>1</QtyInPackage>
      <ItemPrice>10.50</ItemPrice>
      <UnitOfMeasurePrice>1.31</UnitOfMeasurePrice>
      <AllowDiscount>1</AllowDiscount>
      <itemStatus>1</itemStatus>
      <LastUpdateDate />
      <LastUpdateTime />
    </Product>
    <Product>
      <PriceUpdateDate>2020/01/19 12:14</PriceUpdateDate>
      <ItemCode>7290002239277</ItemCode>
      <ItemType>1</ItemType>
      <ItemName>גזר גמדי 800 גר` פרי גליל</ItemName>
      <ManufactureName>ויטה -פרי גליל (החדשה) בעמ</ManufactureName>
      <ManufactureCountry />
      <ManufactureItemDescription />
      <UnitQty>יח`</UnitQty>
      <Quantity>800</Quantity>
      <UnitMeasure>גרם</UnitMeasure>
      <BisWeighted>0</BisWeighted>
      <QtyInPackage>1</QtyInPackage>
      <ItemPrice>9.50</ItemPrice>
      <UnitOfMeasurePrice>1.19</UnitOfMeasurePrice>
      <AllowDiscount>1</AllowDiscount>
      <itemStatus>1</itemStatus>
      <LastUpdateDate />
      <LastUpdateTime />
    </Product>
    <Product>
      <PriceUpdateDate>2013/12/27 08:04</PriceUpdateDate>
      <ItemCode>7290002239369</ItemCode>
      <ItemType>1</ItemType>
      <ItemName>שעועית ירוקה שלמה 800 גר` פרי גליל</ItemName>
      <ManufactureName>ויטה -פרי גליל (החדשה) בעמ</ManufactureName>
      <ManufactureCountry />
      <ManufactureItemDescription />
      <UnitQty>יח`</UnitQty>
      <Quantity>800</Quantity>
      <UnitMeasure>גרם</UnitMeasure>
      <BisWeighted>0</BisWeighted>
      <QtyInPackage>1</QtyInPackage>
      <ItemPrice>10.90</ItemPrice>
      <UnitOfMeasurePrice>1.36</UnitOfMeasurePrice>
      <AllowDiscount>0</AllowDiscount>
      <itemStatus>1</itemStatus>
      <LastUpdateDate />
      <LastUpdateTime />
    </Product>
    <Product>
      <PriceUpdateDate>2020/01/19 12:14</PriceUpdateDate>
      <ItemCode>7290002239420</ItemCode>
      <ItemType>1</ItemType>
      <ItemName>תירס גרעינים 800 גר`פרי גליל</ItemName>
      <ManufactureName>ויטה -פרי גליל (החדשה) בעמ</ManufactureName>
      <ManufactureCountry />
      <ManufactureItemDescription />
      <UnitQty>יח`</UnitQty>
      <Quantity>800</Quantity>
      <UnitMeasure>גרם</UnitMeasure>
      <BisWeighted>0</BisWeighted>
      <QtyInPackage>1</QtyInPackage>
      <ItemPrice>10.50</ItemPrice>
      <UnitOfMeasurePrice>1.31</UnitOfMeasurePrice>
      <AllowDiscount>1</AllowDiscount>
      <itemStatus>1</itemStatus>
      <LastUpdateDate />
      <LastUpdateTime />
    </Product>
    <Product>
      <PriceUpdateDate>2019/05/08 15:02</PriceUpdateDate>
      <ItemCode>7290002253006</ItemCode>
      <ItemType>1</ItemType>
      <ItemName>שום כתוש דורות (200 גרם)</ItemName>
      <ManufactureName>קבוצת אסם סחר שות. מוגבלת</ManufactureName>
      <ManufactureCountry />
      <ManufactureItemDescription />
      <UnitQty>יח`</UnitQty>
      <Quantity>200</Quantity>
      <UnitMeasure>גרם</UnitMeasure>
      <BisWeighted>0</BisWeighted>
      <QtyInPackage>1</QtyInPackage>
      <ItemPrice>15.90</ItemPrice>
      <UnitOfMeasurePrice>7.95</UnitOfMeasurePrice>
      <AllowDiscount>0</AllowDiscount>
      <itemStatus>1</itemStatus>
      <LastUpdateDate />
      <LastUpdateTime />
    </Product>
    <Product>
      <PriceUpdateDate>2014/12/29 15:35</PriceUpdateDate>
      <ItemCode>7290002253150</ItemCode>
      <ItemType>1</ItemType>
      <ItemName>בזיליקום קצוץ דורות (70 גרם)</ItemName>
      <ManufactureName>קבוצת אסם סחר שות. מוגבלת</ManufactureName>
      <ManufactureCountry />
      <ManufactureItemDescription />
      <UnitQty>יח`</UnitQty>
      <Quantity>70</Quantity>
      <UnitMeasure>גרם</UnitMeasure>
      <BisWeighted>0</BisWeighted>
      <QtyInPackage>1</QtyInPackage>
      <ItemPrice>10.90</ItemPrice>
      <UnitOfMeasurePrice>15.57</UnitOfMeasurePrice>
      <AllowDiscount>0</AllowDiscount>
      <itemStatus>1</itemStatus>
      <LastUpdateDate />
      <LastUpdateTime />
    </Product>
    <Product>
      <PriceUpdateDate>2014/12/29 15:35</PriceUpdateDate>
      <ItemCode>7290002253167</ItemCode>
      <ItemType>1</ItemType>
      <ItemName>פטרוזיליה קצוצה דורות (70 גרם)</ItemName>
      <ManufactureName>קבוצת אסם סחר שות. מוגבלת</ManufactureName>
      <ManufactureCountry />
      <ManufactureItemDescription />
      <UnitQty>יח`</UnitQty>
      <Quantity>70</Quantity>
      <UnitMeasure>גרם</UnitMeasure>
      <BisWeighted>0</BisWeighted>
      <QtyInPackage>1</QtyInPackage>
      <ItemPrice>10.90</ItemPrice>
      <UnitOfMeasurePrice>15.57</UnitOfMeasurePrice>
      <AllowDiscount>0</AllowDiscount>
      <itemStatus>1</itemStatus>
      <LastUpdateDate />
      <LastUpdateTime />
    </Product>
    <Product>
      <PriceUpdateDate>2014/12/29 15:35</PriceUpdateDate>
      <ItemCode>7290002253181</ItemCode>
      <ItemType>1</ItemType>
      <ItemName>כוסברה קצוצה דורות (70 גרם)</ItemName>
      <ManufactureName>קבוצת אסם סחר שות. מוגבלת</ManufactureName>
      <ManufactureCountry />
      <ManufactureItemDescription />
      <UnitQty>יח`</UnitQty>
      <Quantity>70</Quantity>
      <UnitMeasure>גרם</UnitMeasure>
      <BisWeighted>0</BisWeighted>
      <QtyInPackage>1</QtyInPackage>
      <ItemPrice>10.90</ItemPrice>
      <UnitOfMeasurePrice>15.57</UnitOfMeasurePrice>
      <AllowDiscount>0</AllowDiscount>
      <itemStatus>1</itemStatus>
      <LastUpdateDate />
      <LastUpdateTime />
    </Product>
    <Product>
      <PriceUpdateDate>2018/12/19 10:34</PriceUpdateDate>
      <ItemCode>7290002253495</ItemCode>
      <ItemType>1</ItemType>
      <ItemName>דורות תבל לטחינה ביתית תערובת קוביות 70</ItemName>
      <ManufactureName>קבוצת אסם סחר שות. מוגבלת</ManufactureName>
      <ManufactureCountry />
      <ManufactureItemDescription />
      <UnitQty>יח`</UnitQty>
      <Quantity>70</Quantity>
      <UnitMeasure>גרם</UnitMeasure>
      <BisWeighted>0</BisWeighted>
      <QtyInPackage>1</QtyInPackage>
      <ItemPrice>10.90</ItemPrice>
      <UnitOfMeasurePrice>15.57</UnitOfMeasurePrice>
      <AllowDiscount>0</AllowDiscount>
      <itemStatus>1</itemStatus>
      <LastUpdateDate />
      <LastUpdateTime />
    </Product>
    <Product>
      <PriceUpdateDate>2015/04/30 13:08</PriceUpdateDate>
      <ItemCode>7290002259640</ItemCode>
      <ItemType>1</ItemType>
      <ItemName>דיימונד 084 0.30*7.50</ItemName>
      <ManufactureName>גורי ע.ע.ע בעמ</ManufactureName>
      <ManufactureCountry />
      <ManufactureItemDescription />
      <UnitQty>יח`</UnitQty>
      <Quantity>1</Quantity>
      <UnitMeasure />
      <BisWeighted>0</BisWeighted>
      <QtyInPackage>1</QtyInPackage>
      <ItemPrice>10.90</ItemPrice>
      <UnitOfMeasurePrice>10.90</UnitOfMeasurePrice>
      <AllowDiscount>0</AllowDiscount>
      <itemStatus>1</itemStatus>
      <LastUpdateDate />
      <LastUpdateTime />
    </Product>
    <Product>
      <PriceUpdateDate>2019/08/04 12:59</PriceUpdateDate>
      <ItemCode>7290002259664</ItemCode>
      <ItemType>1</ItemType>
      <ItemName>רדיד אלומיניום 0.86</ItemName>
      <ManufactureName>גורי ע.ע.ע בעמ</ManufactureName>
      <ManufactureCountry />
      <ManufactureItemDescription />
      <UnitQty>יח`</UnitQty>
      <Quantity>1</Quantity>
      <UnitMeasure />
      <BisWeighted>0</BisWeighted>
      <QtyInPackage>1</QtyInPackage>
      <ItemPrice>44.90</ItemPrice>
      <UnitOfMeasurePrice>44.90</UnitOfMeasurePrice>
      <AllowDiscount>0</AllowDiscount>
      <itemStatus>1</itemStatus>
      <LastUpdateDate />
      <LastUpdateTime />
    </Product>
    <Product>
      <PriceUpdateDate>2014/11/30 08:28</PriceUpdateDate>
      <ItemCode>7290002278528</ItemCode>
      <ItemType>1</ItemType>
      <ItemName>ספוג כלים כרית שבת כלין 2 יח</ItemName>
      <ManufactureName>מ.א.ייצור ויבוא מטליות בעמ</ManufactureName>
      <ManufactureCountry />
      <ManufactureItemDescription />
      <UnitQty>יח`</UnitQty>
      <Quantity>1</Quantity>
      <UnitMeasure />
      <BisWeighted>0</BisWeighted>
      <QtyInPackage>1</QtyInPackage>
      <ItemPrice>7.90</ItemPrice>
      <UnitOfMeasurePrice>7.90</UnitOfMeasurePrice>
      <AllowDiscount>0</AllowDiscount>
      <itemStatus>1</itemStatus>
      <LastUpdateDate />
      <LastUpdateTime />
    </Product>
    <Product>
      <PriceUpdateDate>2019/02/17 12:12</PriceUpdateDate>
      <ItemCode>7290002281405</ItemCode>
      <ItemType>1</ItemType>
      <ItemName>סלט סלמון) (2*160 מעושן ויליגר</ItemName>
      <ManufactureName>נטו מלינדה סחר בעמ</ManufactureName>
      <ManufactureCountry />
      <ManufactureItemDescription />
      <UnitQty>יח`</UnitQty>
      <Quantity>320</Quantity>
      <UnitMeasure>גרם</UnitMeasure>
      <BisWeighted>0</BisWeighted>
      <QtyInPackage>1</QtyInPackage>
      <ItemPrice>9.90</ItemPrice>
      <UnitOfMeasurePrice>3.09</UnitOfMeasurePrice>
      <AllowDiscount>0</AllowDiscount>
      <itemStatus>1</itemStatus>
      <LastUpdateDate />
      <LastUpdateTime />
    </Product>
    <Product>
      <PriceUpdateDate>2019/04/14 14:24</PriceUpdateDate>
      <ItemCode>7290002281498</ItemCode>
      <ItemType>1</ItemType>
      <ItemName> ריץ`מגורדת 500 גר על בסיס חלב</ItemName>
      <ManufactureName>נטו מלינדה סחר בעמ</ManufactureName>
      <ManufactureCountry />
      <ManufactureItemDescription />
      <UnitQty>יח`</UnitQty>
      <Quantity>500</Quantity>
      <UnitMeasure>גרם</UnitMeasure>
      <BisWeighted>0</BisWeighted>
      <QtyInPackage>1</QtyInPackage>
      <ItemPrice>19.90</ItemPrice>
      <UnitOfMeasurePrice>3.98</UnitOfMeasurePrice>
      <AllowDiscount>0</AllowDiscount>
      <itemStatus>1</itemStatus>
      <LastUpdateDate />
      <LastUpdateTime />
    </Product>
    <Product>
      <PriceUpdateDate>2018/05/02 14:48</PriceUpdateDate>
      <ItemCode>7290002291046</ItemCode>
      <ItemType>1</ItemType>
      <ItemName>בלדי המבורגר מסעדות קצבייה</ItemName>
      <ManufactureName>בלדי בעמ</ManufactureName>
      <ManufactureCountry />
      <ManufactureItemDescription />
      <UnitQty>יח`</UnitQty>
      <Quantity>480</Quantity>
      <UnitMeasure>גרם</UnitMeasure>
      <BisWeighted>0</BisWeighted>
      <QtyInPackage>1</QtyInPackage>
      <ItemPrice>24.90</ItemPrice>
      <UnitOfMeasurePrice>5.19</UnitOfMeasurePrice>
      <AllowDiscount>0</AllowDiscount>
      <itemStatus>1</itemStatus>
      <LastUpdateDate />
      <LastUpdateTime />
    </Product>
    <Product>
      <PriceUpdateDate>2017/12/25 12:46</PriceUpdateDate>
      <ItemCode>7290002304203</ItemCode>
      <ItemType>1</ItemType>
      <ItemName>קונפיטורה ענבי ציון לייט 600 גר` תות שדה</ItemName>
      <ManufactureName>אבאל יזמות בעמ</ManufactureName>
      <ManufactureCountry />
      <ManufactureItemDescription />
      <UnitQty>יח`</UnitQty>
      <Quantity>600</Quantity>
      <UnitMeasure>גרם</UnitMeasure>
      <BisWeighted>0</BisWeighted>
      <QtyInPackage>1</QtyInPackage>
      <ItemPrice>23.90</ItemPrice>
      <UnitOfMeasurePrice>3.98</UnitOfMeasurePrice>
      <AllowDiscount>1</AllowDiscount>
      <itemStatus>1</itemStatus>
      <LastUpdateDate />
      <LastUpdateTime />
    </Product>
    <Product>
      <PriceUpdateDate>2017/12/25 12:46</PriceUpdateDate>
      <ItemCode>7290002304210</ItemCode>
      <ItemType>1</ItemType>
      <ItemName>קונפיטורה ענבי ציון לייט 600 גר` משמש</ItemName>
      <ManufactureName>אבאל יזמות בעמ</ManufactureName>
      <ManufactureCountry />
      <ManufactureItemDescription />
      <UnitQty>יח`</UnitQty>
      <Quantity>600</Quantity>
      <UnitMeasure>גרם</UnitMeasure>
      <BisWeighted>0</BisWeighted>
      <QtyInPackage>1</QtyInPackage>
      <ItemPrice>23.90</ItemPrice>
      <UnitOfMeasurePrice>3.98</UnitOfMeasurePrice>
      <AllowDiscount>1</AllowDiscount>
      <itemStatus>1</itemStatus>
      <LastUpdateDate />
      <LastUpdateTime />
    </Product>
    <Product>
      <PriceUpdateDate>2017/12/25 12:46</PriceUpdateDate>
      <ItemCode>7290002304234</ItemCode>
      <ItemType>1</ItemType>
      <ItemName>קונפיטורה ענבי ציון לייט 600 גר` אוכמניו</ItemName>
      <ManufactureName>אבאל יזמות בעמ</ManufactureName>
      <ManufactureCountry />
      <ManufactureItemDescription />
      <UnitQty>יח`</UnitQty>
      <Quantity>600</Quantity>
      <UnitMeasure>גרם</UnitMeasure>
      <BisWeighted>0</BisWeighted>
      <QtyInPackage>1</QtyInPackage>
      <ItemPrice>23.90</ItemPrice>
      <UnitOfMeasurePrice>3.98</UnitOfMeasurePrice>
      <AllowDiscount>1</AllowDiscount>
      <itemStatus>1</itemStatus>
      <LastUpdateDate />
      <LastUpdateTime />
    </Product>
    <Product>
      <PriceUpdateDate>2017/12/25 12:46</PriceUpdateDate>
      <ItemCode>7290002304241</ItemCode>
      <ItemType>1</ItemType>
      <ItemName>קונפיטורה ענבי ציון לייט 600 גר` פירות י</ItemName>
      <ManufactureName>אבאל יזמות בעמ</ManufactureName>
      <ManufactureCountry />
      <ManufactureItemDescription />
      <UnitQty>יח`</UnitQty>
      <Quantity>600</Quantity>
      <UnitMeasure>גרם</UnitMeasure>
      <BisWeighted>0</BisWeighted>
      <QtyInPackage>1</QtyInPackage>
      <ItemPrice>23.90</ItemPrice>
      <UnitOfMeasurePrice>3.98</UnitOfMeasurePrice>
      <AllowDiscount>1</AllowDiscount>
      <itemStatus>1</itemStatus>
      <LastUpdateDate />
      <LastUpdateTime />
    </Product>
    <Product>
      <PriceUpdateDate>2017/12/25 12:46</PriceUpdateDate>
      <ItemCode>7290002304609</ItemCode>
      <ItemType>1</ItemType>
      <ItemName>קונפיטורה ענבי ציון 600 גר` תות שדה</ItemName>
      <ManufactureName>אבאל יזמות בעמ</ManufactureName>
      <ManufactureCountry />
      <ManufactureItemDescription />
      <UnitQty>יח`</UnitQty>
      <Quantity>700</Quantity>
      <UnitMeasure>גרם</UnitMeasure>
      <BisWeighted>0</BisWeighted>
      <QtyInPackage>1</QtyInPackage>
      <ItemPrice>19.90</ItemPrice>
      <UnitOfMeasurePrice>2.84</UnitOfMeasurePrice>
      <AllowDiscount>1</AllowDiscount>
      <itemStatus>1</itemStatus>
      <LastUpdateDate />
      <LastUpdateTime />
    </Product>
    <Product>
      <PriceUpdateDate>2017/12/25 12:46</PriceUpdateDate>
      <ItemCode>7290002304616</ItemCode>
      <ItemType>1</ItemType>
      <ItemName>קונפיטורה ענבי ציון 600 גר` משמש</ItemName>
      <ManufactureName>אבאל יזמות בעמ</ManufactureName>
      <ManufactureCountry />
      <ManufactureItemDescription />
      <UnitQty>יח`</UnitQty>
      <Quantity>600</Quantity>
      <UnitMeasure>גרם</UnitMeasure>
      <BisWeighted>0</BisWeighted>
      <QtyInPackage>1</QtyInPackage>
      <ItemPrice>19.90</ItemPrice>
      <UnitOfMeasurePrice>3.32</UnitOfMeasurePrice>
      <AllowDiscount>1</AllowDiscount>
      <itemStatus>1</itemStatus>
      <LastUpdateDate />
      <LastUpdateTime />
    </Product>
    <Product>
      <PriceUpdateDate>2017/12/25 12:46</PriceUpdateDate>
      <ItemCode>7290002304623</ItemCode>
      <ItemType>1</ItemType>
      <ItemName>קונפיטורה ענבי ציון 600 גר` פירות יער</ItemName>
      <ManufactureName>אבאל יזמות בעמ</ManufactureName>
      <ManufactureCountry />
      <ManufactureItemDescription />
      <UnitQty>יח`</UnitQty>
      <Quantity>600</Quantity>
      <UnitMeasure>גרם</UnitMeasure>
      <BisWeighted>0</BisWeighted>
      <QtyInPackage>1</QtyInPackage>
      <ItemPrice>19.90</ItemPrice>
      <UnitOfMeasurePrice>3.32</UnitOfMeasurePrice>
      <AllowDiscount>1</AllowDiscount>
      <itemStatus>1</itemStatus>
      <LastUpdateDate />
      <LastUpdateTime />
    </Product>
    <Product>
      <PriceUpdateDate>2017/12/25 12:46</PriceUpdateDate>
      <ItemCode>7290002304630</ItemCode>
      <ItemType>1</ItemType>
      <ItemName>קונפיטורה ענבי ציון 600 גר` דובדבן</ItemName>
      <ManufactureName>אבאל יזמות בעמ</ManufactureName>
      <ManufactureCountry />
      <ManufactureItemDescription />
      <UnitQty>יח`</UnitQty>
      <Quantity>700</Quantity>
      <UnitMeasure>גרם</UnitMeasure>
      <BisWeighted>0</BisWeighted>
      <QtyInPackage>1</QtyInPackage>
      <ItemPrice>19.90</ItemPrice>
      <UnitOfMeasurePrice>2.84</UnitOfMeasurePrice>
      <AllowDiscount>1</AllowDiscount>
      <itemStatus>1</itemStatus>
      <LastUpdateDate />
      <LastUpdateTime />
    </Product>
    <Product>
      <PriceUpdateDate>2017/12/25 12:46</PriceUpdateDate>
      <ItemCode>7290002304654</ItemCode>
      <ItemType>1</ItemType>
      <ItemName>קונפיטורה ענבי ציון 600 גר` שזיף</ItemName>
      <ManufactureName>אבאל יזמות בעמ</ManufactureName>
      <ManufactureCountry />
      <ManufactureItemDescription />
      <UnitQty>יח`</UnitQty>
      <Quantity>600</Quantity>
      <UnitMeasure>גרם</UnitMeasure>
      <BisWeighted>0</BisWeighted>
      <QtyInPackage>1</QtyInPackage>
      <ItemPrice>19.90</ItemPrice>
      <UnitOfMeasurePrice>3.32</UnitOfMeasurePrice>
      <AllowDiscount>1</AllowDiscount>
      <itemStatus>1</itemStatus>
      <LastUpdateDate />
      <LastUpdateTime />
    </Product>
    <Product>
      <PriceUpdateDate>2015/12/01 16:31</PriceUpdateDate>
      <ItemCode>7290002319023</ItemCode>
      <ItemType>1</ItemType>
      <ItemName>סוכר ווניל עשירייה</ItemName>
      <ManufactureName>מיה תעשיות מזון מ.ת.מ. בעמ</ManufactureName>
      <ManufactureCountry />
      <ManufactureItemDescription />
      <UnitQty>יח`</UnitQty>
      <Quantity>100</Quantity>
      <UnitMeasure>גרם</UnitMeasure>
      <BisWeighted>0</BisWeighted>
      <QtyInPackage>1</QtyInPackage>
      <ItemPrice>2.90</ItemPrice>
      <UnitOfMeasurePrice>2.90</UnitOfMeasurePrice>
      <AllowDiscount>1</AllowDiscount>
      <itemStatus>1</itemStatus>
      <LastUpdateDate />
      <LastUpdateTime />
    </Product>
    <Product>
      <PriceUpdateDate>2015/12/17 11:05</PriceUpdateDate>
      <ItemCode>7290002319061</ItemCode>
      <ItemType>1</ItemType>
      <ItemName>קוקוס טחון מיה (100 גרם)</ItemName>
      <ManufactureName>מיה תעשיות מזון מ.ת.מ. בעמ</ManufactureName>
      <ManufactureCountry />
      <ManufactureItemDescription />
      <UnitQty>יח`</UnitQty>
      <Quantity>100</Quantity>
      <UnitMeasure>גרם</UnitMeasure>
      <BisWeighted>0</BisWeighted>
      <QtyInPackage>1</QtyInPackage>
      <ItemPrice>2.90</ItemPrice>
      <UnitOfMeasurePrice>2.90</UnitOfMeasurePrice>
      <AllowDiscount>1</AllowDiscount>
      <itemStatus>1</itemStatus>
      <LastUpdateDate />
      <LastUpdateTime />
    </Product>
    <Product>
      <PriceUpdateDate>2015/12/17 11:05</PriceUpdateDate>
      <ItemCode>7290002319078</ItemCode>
      <ItemType>1</ItemType>
      <ItemName>שומשום 100 גר`</ItemName>
      <ManufactureName>מיה תעשיות מזון מ.ת.מ. בעמ</ManufactureName>
      <ManufactureCountry />
      <ManufactureItemDescription />
      <UnitQty>יח`</UnitQty>
      <Quantity>100</Quantity>
      <UnitMeasure>גרם</UnitMeasure>
      <BisWeighted>0</BisWeighted>
      <QtyInPackage>1</QtyInPackage>
      <ItemPrice>2.90</ItemPrice>
      <UnitOfMeasurePrice>2.90</UnitOfMeasurePrice>
      <AllowDiscount>1</AllowDiscount>
      <itemStatus>1</itemStatus>
      <LastUpdateDate />
      <LastUpdateTime />
    </Product>
    <Product>
      <PriceUpdateDate>2015/03/02 14:33</PriceUpdateDate>
      <ItemCode>7290002319085</ItemCode>
      <ItemType>1</ItemType>
      <ItemName>פירורי לחם מיה (200 גרם)</ItemName>
      <ManufactureName>מיה תעשיות מזון מ.ת.מ. בעמ</ManufactureName>
      <ManufactureCountry />
      <ManufactureItemDescription />
      <UnitQty>יח`</UnitQty>
      <Quantity>200</Quantity>
      <UnitMeasure>גרם</UnitMeasure>
      <BisWeighted>0</BisWeighted>
      <QtyInPackage>1</QtyInPackage>
      <ItemPrice>3.90</ItemPrice>
      <UnitOfMeasurePrice>1.95</UnitOfMeasurePrice>
      <AllowDiscount>0</AllowDiscount>
      <itemStatus>1</itemStatus>
      <LastUpdateDate />
      <LastUpdateTime />
    </Product>
    <Product>
      <PriceUpdateDate>2015/03/02 14:33</PriceUpdateDate>
      <ItemCode>7290002319092</ItemCode>
      <ItemType>1</ItemType>
      <ItemName>קמח תפוחי אדמה 500 גר`</ItemName>
      <ManufactureName>מיה תעשיות מזון מ.ת.מ. בעמ</ManufactureName>
      <ManufactureCountry />
      <ManufactureItemDescription />
      <UnitQty>יח`</UnitQty>
      <Quantity>500</Quantity>
      <UnitMeasure>גרם</UnitMeasure>
      <BisWeighted>0</BisWeighted>
      <QtyInPackage>1</QtyInPackage>
      <ItemPrice>4.90</ItemPrice>
      <UnitOfMeasurePrice>0.98</UnitOfMeasurePrice>
      <AllowDiscount>0</AllowDiscount>
      <itemStatus>1</itemStatus>
      <LastUpdateDate />
      <LastUpdateTime />
    </Product>
    <Product>
      <PriceUpdateDate>2015/12/01 16:31</PriceUpdateDate>
      <ItemCode>7290002319115</ItemCode>
      <ItemType>1</ItemType>
      <ItemName>חומוס גדול מיה (500 גרם)</ItemName>
      <ManufactureName>מיה תעשיות מזון מ.ת.מ. בעמ</ManufactureName>
      <ManufactureCountry />
      <ManufactureItemDescription />
      <UnitQty>יח`</UnitQty>
      <Quantity>500</Quantity>
      <UnitMeasure>גרם</UnitMeasure>
      <BisWeighted>0</BisWeighted>
      <QtyInPackage>1</QtyInPackage>
      <ItemPrice>7.90</ItemPrice>
      <UnitOfMeasurePrice>1.58</UnitOfMeasurePrice>
      <AllowDiscount>0</AllowDiscount>
      <itemStatus>1</itemStatus>
      <LastUpdateDate />
      <LastUpdateTime />
    </Product>
    <Product>
      <PriceUpdateDate>2015/05/28 10:57</PriceUpdateDate>
      <ItemCode>7290002319139</ItemCode>
      <ItemType>1</ItemType>
      <ItemName>שעועית לבנה מיה (500 גרם)</ItemName>
      <ManufactureName>מיה תעשיות מזון מ.ת.מ. בעמ</ManufactureName>
      <ManufactureCountry />
      <ManufactureItemDescription />
      <UnitQty>יח`</UnitQty>
      <Quantity>500</Quantity>
      <UnitMeasure>גרם</UnitMeasure>
      <BisWeighted>0</BisWeighted>
      <QtyInPackage>1</QtyInPackage>
      <ItemPrice>9.90</ItemPrice>
      <UnitOfMeasurePrice>1.98</UnitOfMeasurePrice>
      <AllowDiscount>0</AllowDiscount>
      <itemStatus>1</itemStatus>
      <LastUpdateDate />
      <LastUpdateTime />
    </Product>
    <Product>
      <PriceUpdateDate>2015/01/18 12:37</PriceUpdateDate>
      <ItemCode>7290002319146</ItemCode>
      <ItemType>1</ItemType>
      <ItemName>שעועית אדומה מיה (500 גרם)</ItemName>
      <ManufactureName>מיה תעשיות מזון מ.ת.מ. בעמ</ManufactureName>
      <ManufactureCountry />
      <ManufactureItemDescription />
      <UnitQty>יח`</UnitQty>
      <Quantity>500</Quantity>
      <UnitMeasure>גרם</UnitMeasure>
      <BisWeighted>0</BisWeighted>
      <QtyInPackage>1</QtyInPackage>
      <ItemPrice>11.90</ItemPrice>
      <UnitOfMeasurePrice>2.38</UnitOfMeasurePrice>
      <AllowDiscount>0</AllowDiscount>
      <itemStatus>1</itemStatus>
      <LastUpdateDate />
      <LastUpdateTime />
    </Product>
    <Product>
      <PriceUpdateDate>2014/08/27 11:10</PriceUpdateDate>
      <ItemCode>7290002319184</ItemCode>
      <ItemType>1</ItemType>
      <ItemName>עדשים אדומות מיה (500 גרם)</ItemName>
      <ManufactureName>מיה תעשיות מזון מ.ת.מ. בעמ</ManufactureName>
      <ManufactureCountry />
      <ManufactureItemDescription />
      <UnitQty>יח`</UnitQty>
      <Quantity>500</Quantity>
      <UnitMeasure>גרם</UnitMeasure>
      <BisWeighted>0</BisWeighted>
      <QtyInPackage>1</QtyInPackage>
      <ItemPrice>9.90</ItemPrice>
      <UnitOfMeasurePrice>1.98</UnitOfMeasurePrice>
      <AllowDiscount>0</AllowDiscount>
      <itemStatus>1</itemStatus>
      <LastUpdateDate />
      <LastUpdateTime />
    </Product>
    <Product>
      <PriceUpdateDate>2015/05/28 10:57</PriceUpdateDate>
      <ItemCode>7290002319191</ItemCode>
      <ItemType>1</ItemType>
      <ItemName>עדשים ירוקות מיה (500 גרם)</ItemName>
      <ManufactureName>מיה תעשיות מזון מ.ת.מ. בעמ</ManufactureName>
      <ManufactureCountry />
      <ManufactureItemDescription />
      <UnitQty>יח`</UnitQty>
      <Quantity>500</Quantity>
      <UnitMeasure>גרם</UnitMeasure>
      <BisWeighted>0</BisWeighted>
      <QtyInPackage>1</QtyInPackage>
      <ItemPrice>7.90</ItemPrice>
      <UnitOfMeasurePrice>1.58</UnitOfMeasurePrice>
      <AllowDiscount>0</AllowDiscount>
      <itemStatus>1</itemStatus>
      <LastUpdateDate />
      <LastUpdateTime />
    </Product>
    <Product>
      <PriceUpdateDate>2015/05/28 10:57</PriceUpdateDate>
      <ItemCode>7290002319207</ItemCode>
      <ItemType>1</ItemType>
      <ItemName>כוסמת מיה (500 גרם)</ItemName>
      <ManufactureName>מיה תעשיות מזון מ.ת.מ. בעמ</ManufactureName>
      <ManufactureCountry />
      <ManufactureItemDescription />
      <UnitQty>יח`</UnitQty>
      <Quantity>500</Quantity>
      <UnitMeasure>גרם</UnitMeasure>
      <BisWeighted>0</BisWeighted>
      <QtyInPackage>1</QtyInPackage>
      <ItemPrice>8</ItemPrice>
      <UnitOfMeasurePrice>1.60</UnitOfMeasurePrice>
      <AllowDiscount>0</AllowDiscount>
      <itemStatus>1</itemStatus>
      <LastUpdateDate />
      <LastUpdateTime />
    </Product>
    <Product>
      <PriceUpdateDate>2019/09/08 12:35</PriceUpdateDate>
      <ItemCode>7290002319221</ItemCode>
      <ItemType>1</ItemType>
      <ItemName>חיטה מיה (500 גרם)</ItemName>
      <ManufactureName>מיה תעשיות מזון מ.ת.מ. בעמ</ManufactureName>
      <ManufactureCountry />
      <ManufactureItemDescription />
      <UnitQty>יח`</UnitQty>
      <Quantity>500</Quantity>
      <UnitMeasure>גרם</UnitMeasure>
      <BisWeighted>0</BisWeighted>
      <QtyInPackage>1</QtyInPackage>
      <ItemPrice>5.90</ItemPrice>
      <UnitOfMeasurePrice>1.18</UnitOfMeasurePrice>
      <AllowDiscount>0</AllowDiscount>
      <itemStatus>1</itemStatus>
      <LastUpdateDate />
      <LastUpdateTime />
    </Product>
    <Product>
      <PriceUpdateDate>2015/05/28 10:57</PriceUpdateDate>
      <ItemCode>7290002319375</ItemCode>
      <ItemType>1</ItemType>
      <ItemName>קורנפלור 200 גר`</ItemName>
      <ManufactureName>מיה תעשיות מזון מ.ת.מ. בעמ</ManufactureName>
      <ManufactureCountry />
      <ManufactureItemDescription />
      <UnitQty>יח`</UnitQty>
      <Quantity>200</Quantity>
      <UnitMeasure>גרם</UnitMeasure>
      <BisWeighted>0</BisWeighted>
      <QtyInPackage>1</QtyInPackage>
      <ItemPrice>5</ItemPrice>
      <UnitOfMeasurePrice>2.50</UnitOfMeasurePrice>
      <AllowDiscount>1</AllowDiscount>
      <itemStatus>1</itemStatus>
      <LastUpdateDate />
      <LastUpdateTime />
    </Product>
    <Product>
      <PriceUpdateDate>2018/02/05 13:48</PriceUpdateDate>
      <ItemCode>7290002319528</ItemCode>
      <ItemType>1</ItemType>
      <ItemName>קמח מצה 200 גר`</ItemName>
      <ManufactureName>קבוצת אסם סחר שות. מוגבלת</ManufactureName>
      <ManufactureCountry />
      <ManufactureItemDescription />
      <UnitQty>יח`</UnitQty>
      <Quantity>200</Quantity>
      <UnitMeasure>גרם</UnitMeasure>
      <BisWeighted>0</BisWeighted>
      <QtyInPackage>1</QtyInPackage>
      <ItemPrice>3.90</ItemPrice>
      <UnitOfMeasurePrice>1.95</UnitOfMeasurePrice>
      <AllowDiscount>0</AllowDiscount>
      <itemStatus>1</itemStatus>
      <LastUpdateDate />
      <LastUpdateTime />
    </Product>
    <Product>
      <PriceUpdateDate>2015/03/02 14:33</PriceUpdateDate>
      <ItemCode>7290002319610</ItemCode>
      <ItemType>1</ItemType>
      <ItemName>שקדים טחונים 100 גר`</ItemName>
      <ManufactureName>מיה תעשיות מזון מ.ת.מ. בעמ</ManufactureName>
      <ManufactureCountry />
      <ManufactureItemDescription />
      <UnitQty>יח`</UnitQty>
      <Quantity>100</Quantity>
      <UnitMeasure>גרם</UnitMeasure>
      <BisWeighted>0</BisWeighted>
      <QtyInPackage>1</QtyInPackage>
      <ItemPrice>11.90</ItemPrice>
      <UnitOfMeasurePrice>11.90</UnitOfMeasurePrice>
      <AllowDiscount>1</AllowDiscount>
      <itemStatus>1</itemStatus>
      <LastUpdateDate />
      <LastUpdateTime />
    </Product>
    <Product>
      <PriceUpdateDate>2015/03/02 14:33</PriceUpdateDate>
      <ItemCode>7290002319740</ItemCode>
      <ItemType>1</ItemType>
      <ItemName>אגוזים טחונים 100 גר`</ItemName>
      <ManufactureName>מיה תעשיות מזון מ.ת.מ. בעמ</ManufactureName>
      <ManufactureCountry />
      <ManufactureItemDescription />
      <UnitQty>יח`</UnitQty>
      <Quantity>100</Quantity>
      <UnitMeasure>גרם</UnitMeasure>
      <BisWeighted>0</BisWeighted>
      <QtyInPackage>1</QtyInPackage>
      <ItemPrice>11.90</ItemPrice>
      <UnitOfMeasurePrice>11.90</UnitOfMeasurePrice>
      <AllowDiscount>1</AllowDiscount>
      <itemStatus>1</itemStatus>
      <LastUpdateDate />
      <LastUpdateTime />
    </Product>
    <Product>
      <PriceUpdateDate>2015/12/01 16:31</PriceUpdateDate>
      <ItemCode>7290002319771</ItemCode>
      <ItemType>1</ItemType>
      <ItemName>תמצית אפיה בטעם וניל מיה (50 מל)</ItemName>
      <ManufactureName>מיה תעשיות מזון מ.ת.מ. בעמ</ManufactureName>
      <ManufactureCountry />
      <ManufactureItemDescription />
      <UnitQty>יח`</UnitQty>
      <Quantity>50</Quantity>
      <UnitMeasure>מ"ל</UnitMeasure>
      <BisWeighted>0</BisWeighted>
      <QtyInPackage>1</QtyInPackage>
      <ItemPrice>3.90</ItemPrice>
      <UnitOfMeasurePrice>7.80</UnitOfMeasurePrice>
      <AllowDiscount>1</AllowDiscount>
      <itemStatus>1</itemStatus>
      <LastUpdateDate />
      <LastUpdateTime />
    </Product>
    <Product>
      <PriceUpdateDate>2014/05/11 13:25</PriceUpdateDate>
      <ItemCode>7290002319788</ItemCode>
      <ItemType>1</ItemType>
      <ItemName>תמצית אפיה בטעם רום כשלפ בדצ העדח</ItemName>
      <ManufactureName>מיה תעשיות מזון מ.ת.מ. בעמ</ManufactureName>
      <ManufactureCountry />
      <ManufactureItemDescription />
      <UnitQty>יח`</UnitQty>
      <Quantity>60</Quantity>
      <UnitMeasure>מ"ל</UnitMeasure>
      <BisWeighted>0</BisWeighted>
      <QtyInPackage>1</QtyInPackage>
      <ItemPrice>3.90</ItemPrice>
      <UnitOfMeasurePrice>6.50</UnitOfMeasurePrice>
      <AllowDiscount>1</AllowDiscount>
      <itemStatus>1</itemStatus>
      <LastUpdateDate />
      <LastUpdateTime />
    </Product>
    <Product>
      <PriceUpdateDate>2019/01/15 08:38</PriceUpdateDate>
      <ItemCode>7290002323198</ItemCode>
      <ItemType>1</ItemType>
      <ItemName>משקה קל תפוחים ספרינג (1.5 ליטר)</ItemName>
      <ManufactureName>יפאורה</ManufactureName>
      <ManufactureCountry />
      <ManufactureItemDescription />
      <UnitQty>יח`</UnitQty>
      <Quantity>1500</Quantity>
      <UnitMeasure>מ"ל</UnitMeasure>
      <BisWeighted>0</BisWeighted>
      <QtyInPackage>1</QtyInPackage>
      <ItemPrice>6.40</ItemPrice>
      <UnitOfMeasurePrice>0.43</UnitOfMeasurePrice>
      <AllowDiscount>1</AllowDiscount>
      <itemStatus>1</itemStatus>
      <LastUpdateDate />
      <LastUpdateTime />
    </Product>
    <Product>
      <PriceUpdateDate>2019/01/15 08:38</PriceUpdateDate>
      <ItemCode>7290002323204</ItemCode>
      <ItemType>1</ItemType>
      <ItemName>ספרינג תפוחים לייט 1.5 ליטר</ItemName>
      <ManufactureName>יפאורה</ManufactureName>
      <ManufactureCountry />
      <ManufactureItemDescription />
      <UnitQty>יח`</UnitQty>
      <Quantity>1500</Quantity>
      <UnitMeasure>מ"ל</UnitMeasure>
      <BisWeighted>0</BisWeighted>
      <QtyInPackage>1</QtyInPackage>
      <ItemPrice>6.40</ItemPrice>
      <UnitOfMeasurePrice>0.43</UnitOfMeasurePrice>
      <AllowDiscount>1</AllowDiscount>
      <itemStatus>1</itemStatus>
      <LastUpdateDate />
      <LastUpdateTime />
    </Product>
    <Product>
      <PriceUpdateDate>2013/10/27 11:57</PriceUpdateDate>
      <ItemCode>7290002323815</ItemCode>
      <ItemType>1</ItemType>
      <ItemName>משקה קל תפוזים קריסטל (2 ליטר)</ItemName>
      <ManufactureName>יפאורה</ManufactureName>
      <ManufactureCountry />
      <ManufactureItemDescription />
      <UnitQty>יח`</UnitQty>
      <Quantity>2</Quantity>
      <UnitMeasure>1 ליטר</UnitMeasure>
      <BisWeighted>0</BisWeighted>
      <QtyInPackage>1</QtyInPackage>
      <ItemPrice>3.80</ItemPrice>
      <UnitOfMeasurePrice>1.90</UnitOfMeasurePrice>
      <AllowDiscount>0</AllowDiscount>
      <itemStatus>1</itemStatus>
      <LastUpdateDate />
      <LastUpdateTime />
    </Product>
    <Product>
      <PriceUpdateDate>2013/10/27 11:57</PriceUpdateDate>
      <ItemCode>7290002323822</ItemCode>
      <ItemType>1</ItemType>
      <ItemName>משקה קל אשכוליות קריסטל (2 ליטר)</ItemName>
      <ManufactureName>יפאורה</ManufactureName>
      <ManufactureCountry />
      <ManufactureItemDescription />
      <UnitQty>יח`</UnitQty>
      <Quantity>2</Quantity>
      <UnitMeasure>1 ליטר</UnitMeasure>
      <BisWeighted>0</BisWeighted>
      <QtyInPackage>1</QtyInPackage>
      <ItemPrice>3.80</ItemPrice>
      <UnitOfMeasurePrice>1.90</UnitOfMeasurePrice>
      <AllowDiscount>0</AllowDiscount>
      <itemStatus>1</itemStatus>
      <LastUpdateDate />
      <LastUpdateTime />
    </Product>
    <Product>
      <PriceUpdateDate>2013/10/27 11:57</PriceUpdateDate>
      <ItemCode>7290002323839</ItemCode>
      <ItemType>1</ItemType>
      <ItemName>משקה קל ענבים קריסטל (2 ליטר)</ItemName>
      <ManufactureName>יפאורה</ManufactureName>
      <ManufactureCountry />
      <ManufactureItemDescription />
      <UnitQty>יח`</UnitQty>
      <Quantity>2</Quantity>
      <UnitMeasure>1 ליטר</UnitMeasure>
      <BisWeighted>0</BisWeighted>
      <QtyInPackage>1</QtyInPackage>
      <ItemPrice>3.80</ItemPrice>
      <UnitOfMeasurePrice>1.90</UnitOfMeasurePrice>
      <AllowDiscount>0</AllowDiscount>
      <itemStatus>1</itemStatus>
      <LastUpdateDate />
      <LastUpdateTime />
    </Product>
    <Product>
      <PriceUpdateDate>2013/10/27 11:57</PriceUpdateDate>
      <ItemCode>7290002323846</ItemCode>
      <ItemType>1</ItemType>
      <ItemName>משקה קל מנגו קריסטל (2 ליטר)</ItemName>
      <ManufactureName>יפאורה</ManufactureName>
      <ManufactureCountry />
      <ManufactureItemDescription />
      <UnitQty>יח`</UnitQty>
      <Quantity>2</Quantity>
      <UnitMeasure>1 ליטר</UnitMeasure>
      <BisWeighted>0</BisWeighted>
      <QtyInPackage>1</QtyInPackage>
      <ItemPrice>3.80</ItemPrice>
      <UnitOfMeasurePrice>1.90</UnitOfMeasurePrice>
      <AllowDiscount>0</AllowDiscount>
      <itemStatus>1</itemStatus>
      <LastUpdateDate />
      <LastUpdateTime />
    </Product>
    <Product>
      <PriceUpdateDate>2015/03/03 16:32</PriceUpdateDate>
      <ItemCode>7290002327028</ItemCode>
      <ItemType>1</ItemType>
      <ItemName>ג`חנון 650 גר` שלושת האופים</ItemName>
      <ManufactureName>נטו מלינדה סחר בעמ</ManufactureName>
      <ManufactureCountry />
      <ManufactureItemDescription />
      <UnitQty>יח`</UnitQty>
      <Quantity>650</Quantity>
      <UnitMeasure>גרם</UnitMeasure>
      <BisWeighted>0</BisWeighted>
      <QtyInPackage>1</QtyInPackage>
      <ItemPrice>16.90</ItemPrice>
      <UnitOfMeasurePrice>2.60</UnitOfMeasurePrice>
      <AllowDiscount>1</AllowDiscount>
      <itemStatus>1</itemStatus>
      <LastUpdateDate />
      <LastUpdateTime />
    </Product>
    <Product>
      <PriceUpdateDate>2015/03/03 16:32</PriceUpdateDate>
      <ItemCode>7290002327042</ItemCode>
      <ItemType>1</ItemType>
      <ItemName>בורקס תפוא שלושת האופים</ItemName>
      <ManufactureName>נטו מלינדה סחר בעמ</ManufactureName>
      <ManufactureCountry />
      <ManufactureItemDescription />
      <UnitQty>יח`</UnitQty>
      <Quantity>800</Quantity>
      <UnitMeasure>גרם</UnitMeasure>
      <BisWeighted>0</BisWeighted>
      <QtyInPackage>1</QtyInPackage>
      <ItemPrice>18.90</ItemPrice>
      <UnitOfMeasurePrice>2.36</UnitOfMeasurePrice>
      <AllowDiscount>1</AllowDiscount>
      <itemStatus>1</itemStatus>
      <LastUpdateDate />
      <LastUpdateTime />
    </Product>
    <Product>
      <PriceUpdateDate>2015/03/03 16:32</PriceUpdateDate>
      <ItemCode>7290002327059</ItemCode>
      <ItemType>1</ItemType>
      <ItemName>בצק עלים מרודד שלושת האופים (1 קג)</ItemName>
      <ManufactureName>נטו מלינדה סחר בעמ</ManufactureName>
      <ManufactureCountry />
      <ManufactureItemDescription />
      <UnitQty>יח`</UnitQty>
      <Quantity>1000</Quantity>
      <UnitMeasure>גרם</UnitMeasure>
      <BisWeighted>0</BisWeighted>
      <QtyInPackage>1</QtyInPackage>
      <ItemPrice>18.90</ItemPrice>
      <UnitOfMeasurePrice>1.89</UnitOfMeasurePrice>
      <AllowDiscount>1</AllowDiscount>
      <itemStatus>1</itemStatus>
      <LastUpdateDate />
      <LastUpdateTime />
    </Product>
    <Product>
      <PriceUpdateDate>2015/01/18 12:37</PriceUpdateDate>
      <ItemCode>7290002327066</ItemCode>
      <ItemType>1</ItemType>
      <ItemName>קונכיות 625  גר`שלושת האופים</ItemName>
      <ManufactureName>נטו מלינדה סחר בעמ</ManufactureName>
      <ManufactureCountry />
      <ManufactureItemDescription />
      <UnitQty>יח`</UnitQty>
      <Quantity>625</Quantity>
      <UnitMeasure>גרם</UnitMeasure>
      <BisWeighted>0</BisWeighted>
      <QtyInPackage>1</QtyInPackage>
      <ItemPrice>23.90</ItemPrice>
      <UnitOfMeasurePrice>3.82</UnitOfMeasurePrice>
      <AllowDiscount>0</AllowDiscount>
      <itemStatus>1</itemStatus>
      <LastUpdateDate />
      <LastUpdateTime />
    </Product>
    <Product>
      <PriceUpdateDate>2015/03/03 16:32</PriceUpdateDate>
      <ItemCode>7290002327073</ItemCode>
      <ItemType>1</ItemType>
      <ItemName>בורקס גבינה שלושת האופים</ItemName>
      <ManufactureName>נטו מלינדה סחר בעמ</ManufactureName>
      <ManufactureCountry />
      <ManufactureItemDescription />
      <UnitQty>יח`</UnitQty>
      <Quantity>800</Quantity>
      <UnitMeasure>גרם</UnitMeasure>
      <BisWeighted>0</BisWeighted>
      <QtyInPackage>1</QtyInPackage>
      <ItemPrice>20.90</ItemPrice>
      <UnitOfMeasurePrice>2.61</UnitOfMeasurePrice>
      <AllowDiscount>1</AllowDiscount>
      <itemStatus>1</itemStatus>
      <LastUpdateDate />
      <LastUpdateTime />
    </Product>
    <Product>
      <PriceUpdateDate>2015/03/03 16:32</PriceUpdateDate>
      <ItemCode>7290002327103</ItemCode>
      <ItemType>1</ItemType>
      <ItemName>ג`חנון 900 גר` שלושת האופים</ItemName>
      <ManufactureName>נטו מלינדה סחר בעמ</ManufactureName>
      <ManufactureCountry />
      <ManufactureItemDescription />
      <UnitQty>יח`</UnitQty>
      <Quantity>1</Quantity>
      <UnitMeasure>ק"ג</UnitMeasure>
      <BisWeighted>0</BisWeighted>
      <QtyInPackage>1</QtyInPackage>
      <ItemPrice>21.90</ItemPrice>
      <UnitOfMeasurePrice>21.90</UnitOfMeasurePrice>
      <AllowDiscount>1</AllowDiscount>
      <itemStatus>1</itemStatus>
      <LastUpdateDate />
      <LastUpdateTime />
    </Product>
    <Product>
      <PriceUpdateDate>2013/12/31 12:18</PriceUpdateDate>
      <ItemCode>7290002331094</ItemCode>
      <ItemType>1</ItemType>
      <ItemName>בקבוק נביעות תו-גוו 750</ItemName>
      <ManufactureName>החברה המרכזית להפצת משקאות בעמ</ManufactureName>
      <ManufactureCountry />
      <ManufactureItemDescription />
      <UnitQty>יח`</UnitQty>
      <Quantity>750</Quantity>
      <UnitMeasure>מ"ל</UnitMeasure>
      <BisWeighted>0</BisWeighted>
      <QtyInPackage>1</QtyInPackage>
      <ItemPrice>3.50</ItemPrice>
      <UnitOfMeasurePrice>0.43</UnitOfMeasurePrice>
      <AllowDiscount>0</AllowDiscount>
      <itemStatus>1</itemStatus>
      <LastUpdateDate />
      <LastUpdateTime />
    </Product>
    <Product>
      <PriceUpdateDate>2015/10/09 09:35</PriceUpdateDate>
      <ItemCode>7290002331117</ItemCode>
      <ItemType>1</ItemType>
      <ItemName>מים בטעם ענבים נביעות פלוס (1.5 ליטר)</ItemName>
      <ManufactureName>החברה המרכזית להפצת משקאות בעמ</ManufactureName>
      <ManufactureCountry />
      <ManufactureItemDescription />
      <UnitQty>יח`</UnitQty>
      <Quantity>1.50</Quantity>
      <UnitMeasure>1 ליטר</UnitMeasure>
      <BisWeighted>0</BisWeighted>
      <QtyInPackage>1</QtyInPackage>
      <ItemPrice>7.70</ItemPrice>
      <UnitOfMeasurePrice>5.13</UnitOfMeasurePrice>
      <AllowDiscount>0</AllowDiscount>
      <itemStatus>1</itemStatus>
      <LastUpdateDate />
      <LastUpdateTime />
    </Product>
    <Product>
      <PriceUpdateDate>2015/10/09 09:35</PriceUpdateDate>
      <ItemCode>7290002331148</ItemCode>
      <ItemType>1</ItemType>
      <ItemName>נביעות פלוס 1.5 ליטר תפוח</ItemName>
      <ManufactureName>החברה המרכזית להפצת משקאות בעמ</ManufactureName>
      <ManufactureCountry />
      <ManufactureItemDescription />
      <UnitQty>יח`</UnitQty>
      <Quantity>1.50</Quantity>
      <UnitMeasure>1 ליטר</UnitMeasure>
      <BisWeighted>0</BisWeighted>
      <QtyInPackage>1</QtyInPackage>
      <ItemPrice>7.70</ItemPrice>
      <UnitOfMeasurePrice>5.13</UnitOfMeasurePrice>
      <AllowDiscount>0</AllowDiscount>
      <itemStatus>1</itemStatus>
      <LastUpdateDate />
      <LastUpdateTime />
    </Product>
    <Product>
      <PriceUpdateDate>2014/07/16 17:26</PriceUpdateDate>
      <ItemCode>7290002331162</ItemCode>
      <ItemType>1</ItemType>
      <ItemName>מים נביעות 1.5לי</ItemName>
      <ManufactureName>החברה המרכזית להפצת משקאות בעמ</ManufactureName>
      <ManufactureCountry />
      <ManufactureItemDescription />
      <UnitQty>יח`</UnitQty>
      <Quantity>1.50</Quantity>
      <UnitMeasure>1 ליטר</UnitMeasure>
      <BisWeighted>0</BisWeighted>
      <QtyInPackage>1</QtyInPackage>
      <ItemPrice>3.90</ItemPrice>
      <UnitOfMeasurePrice>2.60</UnitOfMeasurePrice>
      <AllowDiscount>0</AllowDiscount>
      <itemStatus>1</itemStatus>
      <LastUpdateDate />
      <LastUpdateTime />
    </Product>
    <Product>
      <PriceUpdateDate>2015/10/09 09:35</PriceUpdateDate>
      <ItemCode>7290002331179</ItemCode>
      <ItemType>1</ItemType>
      <ItemName>נביעות פלוס 1.5 ליטר אפרסק</ItemName>
      <ManufactureName>החברה המרכזית להפצת משקאות בעמ</ManufactureName>
      <ManufactureCountry />
      <ManufactureItemDescription />
      <UnitQty>יח`</UnitQty>
      <Quantity>1.50</Quantity>
      <UnitMeasure>1 ליטר</UnitMeasure>
      <BisWeighted>0</BisWeighted>
      <QtyInPackage>1</QtyInPackage>
      <ItemPrice>7.70</ItemPrice>
      <UnitOfMeasurePrice>5.13</UnitOfMeasurePrice>
      <AllowDiscount>0</AllowDiscount>
      <itemStatus>1</itemStatus>
      <LastUpdateDate />
      <LastUpdateTime />
    </Product>
    <Product>
      <PriceUpdateDate>2015/04/30 12:47</PriceUpdateDate>
      <ItemCode>7290002331360</ItemCode>
      <ItemType>1</ItemType>
      <ItemName>נביעות שישיה 0.500 טו גוווווו</ItemName>
      <ManufactureName>החברה המרכזית להפצת משקאות בעמ</ManufactureName>
      <ManufactureCountry />
      <ManufactureItemDescription />
      <UnitQty>יח`</UnitQty>
      <Quantity>3</Quantity>
      <UnitMeasure>1 ליטר</UnitMeasure>
      <BisWeighted>0</BisWeighted>
      <QtyInPackage>1</QtyInPackage>
      <ItemPrice>15.70</ItemPrice>
      <UnitOfMeasurePrice>4.63</UnitOfMeasurePrice>
      <AllowDiscount>1</AllowDiscount>
      <itemStatus>1</itemStatus>
      <LastUpdateDate />
      <LastUpdateTime />
    </Product>
    <Product>
      <PriceUpdateDate>2018/10/02 11:16</PriceUpdateDate>
      <ItemCode>7290002345022</ItemCode>
      <ItemType>1</ItemType>
      <ItemName>דק דק אנטריקוט אל גאוצו</ItemName>
      <ManufactureName>נטו מלינדה סחר בעמ</ManufactureName>
      <ManufactureCountry />
      <ManufactureItemDescription />
      <UnitQty>יח`</UnitQty>
      <Quantity>250</Quantity>
      <UnitMeasure>גרם</UnitMeasure>
      <BisWeighted>0</BisWeighted>
      <QtyInPackage>1</QtyInPackage>
      <ItemPrice>24.90</ItemPrice>
      <UnitOfMeasurePrice>9.96</UnitOfMeasurePrice>
      <AllowDiscount>1</AllowDiscount>
      <itemStatus>1</itemStatus>
      <LastUpdateDate />
      <LastUpdateTime />
    </Product>
    <Product>
      <PriceUpdateDate>2015/06/08 11:17</PriceUpdateDate>
      <ItemCode>7290002348139</ItemCode>
      <ItemType>1</ItemType>
      <ItemName>תחתיות ארטישוק ויליגר (390 גרם)</ItemName>
      <ManufactureName>נטו מלינדה סחר בעמ</ManufactureName>
      <ManufactureCountry />
      <ManufactureItemDescription />
      <UnitQty>יח`</UnitQty>
      <Quantity>425</Quantity>
      <UnitMeasure>גרם</UnitMeasure>
      <BisWeighted>0</BisWeighted>
      <QtyInPackage>1</QtyInPackage>
      <ItemPrice>10.90</ItemPrice>
      <UnitOfMeasurePrice>2.56</UnitOfMeasurePrice>
      <AllowDiscount>0</AllowDiscount>
      <itemStatus>1</itemStatus>
      <LastUpdateDate />
      <LastUpdateTime />
    </Product>
    <Product>
      <PriceUpdateDate>2015/12/01 14:17</PriceUpdateDate>
      <ItemCode>7290002348160</ItemCode>
      <ItemType>1</ItemType>
      <ItemName>תירס גמדי שלם 400 גר`</ItemName>
      <ManufactureName>נטו מלינדה סחר בעמ</ManufactureName>
      <ManufactureCountry />
      <ManufactureItemDescription />
      <UnitQty>יח`</UnitQty>
      <Quantity>400</Quantity>
      <UnitMeasure>גרם</UnitMeasure>
      <BisWeighted>0</BisWeighted>
      <QtyInPackage>1</QtyInPackage>
      <ItemPrice>4.90</ItemPrice>
      <UnitOfMeasurePrice>1.23</UnitOfMeasurePrice>
      <AllowDiscount>1</AllowDiscount>
      <itemStatus>1</itemStatus>
      <LastUpdateDate />
      <LastUpdateTime />
    </Product>
    <Product>
      <PriceUpdateDate>2015/05/27 12:39</PriceUpdateDate>
      <ItemCode>7290002371533</ItemCode>
      <ItemType>1</ItemType>
      <ItemName>סלסולי פסטרמה בדבש טירת צבי (120 גרם)</ItemName>
      <ManufactureName>תנובה קפואים</ManufactureName>
      <ManufactureCountry />
      <ManufactureItemDescription />
      <UnitQty>יח`</UnitQty>
      <Quantity>120</Quantity>
      <UnitMeasure>גרם</UnitMeasure>
      <BisWeighted>0</BisWeighted>
      <QtyInPackage>1</QtyInPackage>
      <ItemPrice>15.90</ItemPrice>
      <UnitOfMeasurePrice>13.25</UnitOfMeasurePrice>
      <AllowDiscount>1</AllowDiscount>
      <itemStatus>1</itemStatus>
      <LastUpdateDate />
      <LastUpdateTime />
    </Product>
    <Product>
      <PriceUpdateDate>2015/04/30 16:00</PriceUpdateDate>
      <ItemCode>7290002371854</ItemCode>
      <ItemType>1</ItemType>
      <ItemName>נקניקיות עוף חריפות 1 קג` טירת צבי</ItemName>
      <ManufactureName>תנובה קפואים</ManufactureName>
      <ManufactureCountry />
      <ManufactureItemDescription />
      <UnitQty>יח`</UnitQty>
      <Quantity>1000</Quantity>
      <UnitMeasure>גרם</UnitMeasure>
      <BisWeighted>0</BisWeighted>
      <QtyInPackage>1</QtyInPackage>
      <ItemPrice>31.90</ItemPrice>
      <UnitOfMeasurePrice>3.19</UnitOfMeasurePrice>
      <AllowDiscount>1</AllowDiscount>
      <itemStatus>1</itemStatus>
      <LastUpdateDate />
      <LastUpdateTime />
    </Product>
    <Product>
      <PriceUpdateDate>2015/03/05 10:01</PriceUpdateDate>
      <ItemCode>7290002374640</ItemCode>
      <ItemType>1</ItemType>
      <ItemName>שמן קנולה פלוס אומגה 3 עץ הזית (1 ליטר)</ItemName>
      <ManufactureName>שמן תעשיות בעמ</ManufactureName>
      <ManufactureCountry />
      <ManufactureItemDescription />
      <UnitQty>יח`</UnitQty>
      <Quantity>1</Quantity>
      <UnitMeasure>1 ליטר</UnitMeasure>
      <BisWeighted>0</BisWeighted>
      <QtyInPackage>1</QtyInPackage>
      <ItemPrice>15.90</ItemPrice>
      <UnitOfMeasurePrice>15.90</UnitOfMeasurePrice>
      <AllowDiscount>0</AllowDiscount>
      <itemStatus>1</itemStatus>
      <LastUpdateDate />
      <LastUpdateTime />
    </Product>
    <Product>
      <PriceUpdateDate>2015/01/27 08:37</PriceUpdateDate>
      <ItemCode>7290002409014</ItemCode>
      <ItemType>1</ItemType>
      <ItemName>ג`חנון אפוי</ItemName>
      <ManufactureName>ציפור השרון יהוד 1990 בעמ</ManufactureName>
      <ManufactureCountry />
      <ManufactureItemDescription />
      <UnitQty>יח`</UnitQty>
      <Quantity>600</Quantity>
      <UnitMeasure>גרם</UnitMeasure>
      <BisWeighted>0</BisWeighted>
      <QtyInPackage>1</QtyInPackage>
      <ItemPrice>15.90</ItemPrice>
      <UnitOfMeasurePrice>2.65</UnitOfMeasurePrice>
      <AllowDiscount>0</AllowDiscount>
      <itemStatus>1</itemStatus>
      <LastUpdateDate />
      <LastUpdateTime />
    </Product>
    <Product>
      <PriceUpdateDate>2019/11/18 10:23</PriceUpdateDate>
      <ItemCode>7290002409021</ItemCode>
      <ItemType>1</ItemType>
      <ItemName>מלווח ציפור השרון (7 יח` - 1 קג)</ItemName>
      <ManufactureName>ציפור השרון יהוד 1990 בעמ</ManufactureName>
      <ManufactureCountry />
      <ManufactureItemDescription />
      <UnitQty>יח`</UnitQty>
      <Quantity>1</Quantity>
      <UnitMeasure>ק"ג</UnitMeasure>
      <BisWeighted>0</BisWeighted>
      <QtyInPackage>1</QtyInPackage>
      <ItemPrice>12.90</ItemPrice>
      <UnitOfMeasurePrice>12.90</UnitOfMeasurePrice>
      <AllowDiscount>1</AllowDiscount>
      <itemStatus>1</itemStatus>
      <LastUpdateDate />
      <LastUpdateTime />
    </Product>
    <Product>
      <PriceUpdateDate>2019/11/18 10:23</PriceUpdateDate>
      <ItemCode>7290002409076</ItemCode>
      <ItemType>1</ItemType>
      <ItemName>ג`חנון בצק ציפור השרון (800 גרם)</ItemName>
      <ManufactureName>ציפור השרון יהוד 1990 בעמ</ManufactureName>
      <ManufactureCountry />
      <ManufactureItemDescription />
      <UnitQty>יח`</UnitQty>
      <Quantity>800</Quantity>
      <UnitMeasure>גרם</UnitMeasure>
      <BisWeighted>0</BisWeighted>
      <QtyInPackage>1</QtyInPackage>
      <ItemPrice>12.90</ItemPrice>
      <UnitOfMeasurePrice>1.61</UnitOfMeasurePrice>
      <AllowDiscount>1</AllowDiscount>
      <itemStatus>1</itemStatus>
      <LastUpdateDate />
      <LastUpdateTime />
    </Product>
    <Product>
      <PriceUpdateDate>2019/08/11 12:01</PriceUpdateDate>
      <ItemCode>7290002461562</ItemCode>
      <ItemType>1</ItemType>
      <ItemName>מיני מרגז חריף מעדני הטלה (500 גרם)</ItemName>
      <ManufactureName>נטו מלינדה סחר בעמ</ManufactureName>
      <ManufactureCountry />
      <ManufactureItemDescription />
      <UnitQty>יח`</UnitQty>
      <Quantity>500</Quantity>
      <UnitMeasure>גרם</UnitMeasure>
      <BisWeighted>0</BisWeighted>
      <QtyInPackage>1</QtyInPackage>
      <ItemPrice>24.90</ItemPrice>
      <UnitOfMeasurePrice>4.98</UnitOfMeasurePrice>
      <AllowDiscount>0</AllowDiscount>
      <itemStatus>1</itemStatus>
      <LastUpdateDate />
      <LastUpdateTime />
    </Product>
    <Product>
      <PriceUpdateDate>2014/04/11 08:26</PriceUpdateDate>
      <ItemCode>7290002481263</ItemCode>
      <ItemType>1</ItemType>
      <ItemName>מלקחיים שרות פלנרו</ItemName>
      <ManufactureName>אוהב ציון בעמ (מבצעים)</ManufactureName>
      <ManufactureCountry />
      <ManufactureItemDescription />
      <UnitQty>יח`</UnitQty>
      <Quantity>1</Quantity>
      <UnitMeasure />
      <BisWeighted>0</BisWeighted>
      <QtyInPackage>1</QtyInPackage>
      <ItemPrice>9.90</ItemPrice>
      <UnitOfMeasurePrice>9.90</UnitOfMeasurePrice>
      <AllowDiscount>0</AllowDiscount>
      <itemStatus>1</itemStatus>
      <LastUpdateDate />
      <LastUpdateTime />
    </Product>
    <Product>
      <PriceUpdateDate>2017/07/17 10:31</PriceUpdateDate>
      <ItemCode>7290002507451</ItemCode>
      <ItemType>1</ItemType>
      <ItemName>קציצות דג סלומון 750 גר</ItemName>
      <ManufactureName>נטו מלינדה סחר בעמ</ManufactureName>
      <ManufactureCountry />
      <ManufactureItemDescription />
      <UnitQty>יח`</UnitQty>
      <Quantity>750</Quantity>
      <UnitMeasure>גרם</UnitMeasure>
      <BisWeighted>0</BisWeighted>
      <QtyInPackage>1</QtyInPackage>
      <ItemPrice>30.90</ItemPrice>
      <UnitOfMeasurePrice>4.12</UnitOfMeasurePrice>
      <AllowDiscount>0</AllowDiscount>
      <itemStatus>1</itemStatus>
      <LastUpdateDate />
      <LastUpdateTime />
    </Product>
    <Product>
      <PriceUpdateDate>2017/06/28 14:26</PriceUpdateDate>
      <ItemCode>7290002507604</ItemCode>
      <ItemType>1</ItemType>
      <ItemName>פיצת השף-שגב מאיטליה 320 גר</ItemName>
      <ManufactureName>נטו מלינדה סחר בעמ</ManufactureName>
      <ManufactureCountry />
      <ManufactureItemDescription />
      <UnitQty>יח`</UnitQty>
      <Quantity>320</Quantity>
      <UnitMeasure>גרם</UnitMeasure>
      <BisWeighted>0</BisWeighted>
      <QtyInPackage>1</QtyInPackage>
      <ItemPrice>15.90</ItemPrice>
      <UnitOfMeasurePrice>4.97</UnitOfMeasurePrice>
      <AllowDiscount>0</AllowDiscount>
      <itemStatus>1</itemStatus>
      <LastUpdateDate />
      <LastUpdateTime />
    </Product>
    <Product>
      <PriceUpdateDate>2020/04/19 06:44</PriceUpdateDate>
      <ItemCode>7290002512004</ItemCode>
      <ItemType>1</ItemType>
      <ItemName>מלווח צנעני (900 גרם)</ItemName>
      <ManufactureName>צנעני מוצרי בצק בעמ</ManufactureName>
      <ManufactureCountry />
      <ManufactureItemDescription />
      <UnitQty>יח`</UnitQty>
      <Quantity>900</Quantity>
      <UnitMeasure>גרם</UnitMeasure>
      <BisWeighted>0</BisWeighted>
      <QtyInPackage>1</QtyInPackage>
      <ItemPrice>17.90</ItemPrice>
      <UnitOfMeasurePrice>1.99</UnitOfMeasurePrice>
      <AllowDiscount>0</AllowDiscount>
      <itemStatus>1</itemStatus>
      <LastUpdateDate />
      <LastUpdateTime />
    </Product>
    <Product>
      <PriceUpdateDate>2020/04/19 06:44</PriceUpdateDate>
      <ItemCode>7290002512011</ItemCode>
      <ItemType>1</ItemType>
      <ItemName>ג`חנון צנעני (900 גרם)</ItemName>
      <ManufactureName>צנעני מוצרי בצק בעמ</ManufactureName>
      <ManufactureCountry />
      <ManufactureItemDescription />
      <UnitQty>יח`</UnitQty>
      <Quantity>900</Quantity>
      <UnitMeasure>גרם</UnitMeasure>
      <BisWeighted>0</BisWeighted>
      <QtyInPackage>1</QtyInPackage>
      <ItemPrice>17.90</ItemPrice>
      <UnitOfMeasurePrice>1.99</UnitOfMeasurePrice>
      <AllowDiscount>0</AllowDiscount>
      <itemStatus>1</itemStatus>
      <LastUpdateDate />
      <LastUpdateTime />
    </Product>
    <Product>
      <PriceUpdateDate>2020/04/19 06:44</PriceUpdateDate>
      <ItemCode>7290002512035</ItemCode>
      <ItemType>1</ItemType>
      <ItemName>בצק עלים צנעני (1 קג)</ItemName>
      <ManufactureName>צנעני מוצרי בצק בעמ</ManufactureName>
      <ManufactureCountry />
      <ManufactureItemDescription />
      <UnitQty>יח`</UnitQty>
      <Quantity>1</Quantity>
      <UnitMeasure>ק"ג</UnitMeasure>
      <BisWeighted>0</BisWeighted>
      <QtyInPackage>1</QtyInPackage>
      <ItemPrice>17.90</ItemPrice>
      <UnitOfMeasurePrice>17.90</UnitOfMeasurePrice>
      <AllowDiscount>0</AllowDiscount>
      <itemStatus>1</itemStatus>
      <LastUpdateDate />
      <LastUpdateTime />
    </Product>
    <Product>
      <PriceUpdateDate>2015/12/02 12:19</PriceUpdateDate>
      <ItemCode>7290002515333</ItemCode>
      <ItemType>1</ItemType>
      <ItemName>קמיל בלו סנסיטיב 500 מל</ItemName>
      <ManufactureName>פישר תעשיות פרמצבטיות בעמ</ManufactureName>
      <ManufactureCountry />
      <ManufactureItemDescription />
      <UnitQty>יח`</UnitQty>
      <Quantity>500</Quantity>
      <UnitMeasure>מ"ל</UnitMeasure>
      <BisWeighted>0</BisWeighted>
      <QtyInPackage>1</QtyInPackage>
      <ItemPrice>17.90</ItemPrice>
      <UnitOfMeasurePrice>3.58</UnitOfMeasurePrice>
      <AllowDiscount>0</AllowDiscount>
      <itemStatus>1</itemStatus>
      <LastUpdateDate />
      <LastUpdateTime />
    </Product>
    <Product>
      <PriceUpdateDate>2015/04/30 10:16</PriceUpdateDate>
      <ItemCode>7290002515371</ItemCode>
      <ItemType>1</ItemType>
      <ItemName>קמיל בלו משפחתי קלאסיק</ItemName>
      <ManufactureName>פישר תעשיות פרמצבטיות בעמ</ManufactureName>
      <ManufactureCountry />
      <ManufactureItemDescription />
      <UnitQty>יח`</UnitQty>
      <Quantity>1</Quantity>
      <UnitMeasure>1 ליטר</UnitMeasure>
      <BisWeighted>0</BisWeighted>
      <QtyInPackage>1</QtyInPackage>
      <ItemPrice>28.90</ItemPrice>
      <UnitOfMeasurePrice>28.90</UnitOfMeasurePrice>
      <AllowDiscount>0</AllowDiscount>
      <itemStatus>1</itemStatus>
      <LastUpdateDate />
      <LastUpdateTime />
    </Product>
    <Product>
      <PriceUpdateDate>2018/02/14 14:08</PriceUpdateDate>
      <ItemCode>7290002517108</ItemCode>
      <ItemType>1</ItemType>
      <ItemName>אורגנו 10 גר`</ItemName>
      <ManufactureName>תבליני טעם וריח בעמ</ManufactureName>
      <ManufactureCountry />
      <ManufactureItemDescription />
      <UnitQty>יח`</UnitQty>
      <Quantity>10</Quantity>
      <UnitMeasure>גרם</UnitMeasure>
      <BisWeighted>0</BisWeighted>
      <QtyInPackage>1</QtyInPackage>
      <ItemPrice>5.90</ItemPrice>
      <UnitOfMeasurePrice>59</UnitOfMeasurePrice>
      <AllowDiscount>0</AllowDiscount>
      <itemStatus>1</itemStatus>
      <LastUpdateDate />
      <LastUpdateTime />
    </Product>
    <Product>
      <PriceUpdateDate>2018/02/14 14:08</PriceUpdateDate>
      <ItemCode>7290002517290</ItemCode>
      <ItemType>1</ItemType>
      <ItemName>קינמון טחון 40 גר`</ItemName>
      <ManufactureName>תבליני טעם וריח בעמ</ManufactureName>
      <ManufactureCountry />
      <ManufactureItemDescription />
      <UnitQty>יח`</UnitQty>
      <Quantity>40</Quantity>
      <UnitMeasure>גרם</UnitMeasure>
      <BisWeighted>0</BisWeighted>
      <QtyInPackage>1</QtyInPackage>
      <ItemPrice>5.90</ItemPrice>
      <UnitOfMeasurePrice>14.75</UnitOfMeasurePrice>
      <AllowDiscount>0</AllowDiscount>
      <itemStatus>1</itemStatus>
      <LastUpdateDate />
      <LastUpdateTime />
    </Product>
    <Product>
      <PriceUpdateDate>2018/02/14 14:08</PriceUpdateDate>
      <ItemCode>7290002517337</ItemCode>
      <ItemType>1</ItemType>
      <ItemName>אורגנו עלים 20 גר`</ItemName>
      <ManufactureName>תבליני טעם וריח בעמ</ManufactureName>
      <ManufactureCountry />
      <ManufactureItemDescription />
      <UnitQty>יח`</UnitQty>
      <Quantity>20</Quantity>
      <UnitMeasure>גרם</UnitMeasure>
      <BisWeighted>0</BisWeighted>
      <QtyInPackage>1</QtyInPackage>
      <ItemPrice>5.90</ItemPrice>
      <UnitOfMeasurePrice>29.50</UnitOfMeasurePrice>
      <AllowDiscount>1</AllowDiscount>
      <itemStatus>1</itemStatus>
      <LastUpdateDate />
      <LastUpdateTime />
    </Product>
    <Product>
      <PriceUpdateDate>2018/02/14 14:08</PriceUpdateDate>
      <ItemCode>7290002517375</ItemCode>
      <ItemType>1</ItemType>
      <ItemName>בזילקום עלים 30 גר`</ItemName>
      <ManufactureName>תבליני טעם וריח בעמ</ManufactureName>
      <ManufactureCountry />
      <ManufactureItemDescription />
      <UnitQty>יח`</UnitQty>
      <Quantity>30</Quantity>
      <UnitMeasure>גרם</UnitMeasure>
      <BisWeighted>0</BisWeighted>
      <QtyInPackage>1</QtyInPackage>
      <ItemPrice>5.90</ItemPrice>
      <UnitOfMeasurePrice>19.67</UnitOfMeasurePrice>
      <AllowDiscount>1</AllowDiscount>
      <itemStatus>1</itemStatus>
      <LastUpdateDate />
      <LastUpdateTime />
    </Product>
    <Product>
      <PriceUpdateDate>2018/02/14 14:08</PriceUpdateDate>
      <ItemCode>7290002517573</ItemCode>
      <ItemType>1</ItemType>
      <ItemName>תערובת תיבול  לבשר-80 גרם</ItemName>
      <ManufactureName>תבליני טעם וריח בעמ</ManufactureName>
      <ManufactureCountry />
      <ManufactureItemDescription />
      <UnitQty>יח`</UnitQty>
      <Quantity>80</Quantity>
      <UnitMeasure>גרם</UnitMeasure>
      <BisWeighted>0</BisWeighted>
      <QtyInPackage>1</QtyInPackage>
      <ItemPrice>12.90</ItemPrice>
      <UnitOfMeasurePrice>16.13</UnitOfMeasurePrice>
      <AllowDiscount>0</AllowDiscount>
      <itemStatus>1</itemStatus>
      <LastUpdateDate />
      <LastUpdateTime />
    </Product>
    <Product>
      <PriceUpdateDate>2018/02/14 14:08</PriceUpdateDate>
      <ItemCode>7290002517733</ItemCode>
      <ItemType>1</ItemType>
      <ItemName>קצח 40 גר`</ItemName>
      <ManufactureName>תבליני טעם וריח בעמ</ManufactureName>
      <ManufactureCountry />
      <ManufactureItemDescription />
      <UnitQty>יח`</UnitQty>
      <Quantity>40</Quantity>
      <UnitMeasure>גרם</UnitMeasure>
      <BisWeighted>0</BisWeighted>
      <QtyInPackage>1</QtyInPackage>
      <ItemPrice>5.90</ItemPrice>
      <UnitOfMeasurePrice>14.75</UnitOfMeasurePrice>
      <AllowDiscount>0</AllowDiscount>
      <itemStatus>1</itemStatus>
      <LastUpdateDate />
      <LastUpdateTime />
    </Product>
    <Product>
      <PriceUpdateDate>2018/02/14 14:08</PriceUpdateDate>
      <ItemCode>7290002517825</ItemCode>
      <ItemType>1</ItemType>
      <ItemName>פלפל לבן טחון 40 גר`</ItemName>
      <ManufactureName>תבליני טעם וריח בעמ</ManufactureName>
      <ManufactureCountry />
      <ManufactureItemDescription />
      <UnitQty>יח`</UnitQty>
      <Quantity>40</Quantity>
      <UnitMeasure>גרם</UnitMeasure>
      <BisWeighted>0</BisWeighted>
      <QtyInPackage>1</QtyInPackage>
      <ItemPrice>8.90</ItemPrice>
      <UnitOfMeasurePrice>22.25</UnitOfMeasurePrice>
      <AllowDiscount>0</AllowDiscount>
      <itemStatus>1</itemStatus>
      <LastUpdateDate />
      <LastUpdateTime />
    </Product>
    <Product>
      <PriceUpdateDate>2015/12/28 11:39</PriceUpdateDate>
      <ItemCode>7290002541370</ItemCode>
      <ItemType>1</ItemType>
      <ItemName>משקה סויה בטעם טבעי אלפרו (1 ליטר)</ItemName>
      <ManufactureName>ש.שסטוביץ בעמ</ManufactureName>
      <ManufactureCountry />
      <ManufactureItemDescription />
      <UnitQty>יח`</UnitQty>
      <Quantity>1</Quantity>
      <UnitMeasure>מ"ל</UnitMeasure>
      <BisWeighted>0</BisWeighted>
      <QtyInPackage>1</QtyInPackage>
      <ItemPrice>14.90</ItemPrice>
      <UnitOfMeasurePrice>1490</UnitOfMeasurePrice>
      <AllowDiscount>1</AllowDiscount>
      <itemStatus>1</itemStatus>
      <LastUpdateDate />
      <LastUpdateTime />
    </Product>
    <Product>
      <PriceUpdateDate>2015/12/28 11:39</PriceUpdateDate>
      <ItemCode>7290002541981</ItemCode>
      <ItemType>1</ItemType>
      <ItemName>אלפרו סויה ללא סוכר 1 ליטר</ItemName>
      <ManufactureName>ש.שסטוביץ בעמ</ManufactureName>
      <ManufactureCountry />
      <ManufactureItemDescription />
      <UnitQty>יח`</UnitQty>
      <Quantity>1</Quantity>
      <UnitMeasure>מ"ל</UnitMeasure>
      <BisWeighted>0</BisWeighted>
      <QtyInPackage>1</QtyInPackage>
      <ItemPrice>14.90</ItemPrice>
      <UnitOfMeasurePrice>1490</UnitOfMeasurePrice>
      <AllowDiscount>1</AllowDiscount>
      <itemStatus>1</itemStatus>
      <LastUpdateDate />
      <LastUpdateTime />
    </Product>
    <Product>
      <PriceUpdateDate>2017/09/04 08:34</PriceUpdateDate>
      <ItemCode>7290002542506</ItemCode>
      <ItemType>1</ItemType>
      <ItemName>בירה קורונה</ItemName>
      <ManufactureName>תימקו בירה בעמ</ManufactureName>
      <ManufactureCountry />
      <ManufactureItemDescription />
      <UnitQty>יח`</UnitQty>
      <Quantity>355</Quantity>
      <UnitMeasure>מ"ל</UnitMeasure>
      <BisWeighted>0</BisWeighted>
      <QtyInPackage>1</QtyInPackage>
      <ItemPrice>7.90</ItemPrice>
      <UnitOfMeasurePrice>2.14</UnitOfMeasurePrice>
      <AllowDiscount>0</AllowDiscount>
      <itemStatus>1</itemStatus>
      <LastUpdateDate />
      <LastUpdateTime />
    </Product>
    <Product>
      <PriceUpdateDate>2019/05/02 16:36</PriceUpdateDate>
      <ItemCode>7290002543237</ItemCode>
      <ItemType>1</ItemType>
      <ItemName>קורנפלקס קלוגס (750 גרם)</ItemName>
      <ManufactureName>דיפלומט היינץ</ManufactureName>
      <ManufactureCountry />
      <ManufactureItemDescription />
      <UnitQty>יח`</UnitQty>
      <Quantity>750</Quantity>
      <UnitMeasure>גרם</UnitMeasure>
      <BisWeighted>0</BisWeighted>
      <QtyInPackage>1</QtyInPackage>
      <ItemPrice>13.90</ItemPrice>
      <UnitOfMeasurePrice>1.85</UnitOfMeasurePrice>
      <AllowDiscount>1</AllowDiscount>
      <itemStatus>1</itemStatus>
      <LastUpdateDate />
      <LastUpdateTime />
    </Product>
    <Product>
      <PriceUpdateDate>2015/04/14 08:53</PriceUpdateDate>
      <ItemCode>7290002544203</ItemCode>
      <ItemType>1</ItemType>
      <ItemName>ממרח פסטו מוטי שף (180 גרם)</ItemName>
      <ManufactureName>ל.י.ב. (לחיות יותר בטבע) בעמ</ManufactureName>
      <ManufactureCountry />
      <ManufactureItemDescription />
      <UnitQty>יח`</UnitQty>
      <Quantity>180</Quantity>
      <UnitMeasure>גרם</UnitMeasure>
      <BisWeighted>0</BisWeighted>
      <QtyInPackage>1</QtyInPackage>
      <ItemPrice>23.90</ItemPrice>
      <UnitOfMeasurePrice>13.28</UnitOfMeasurePrice>
      <AllowDiscount>0</AllowDiscount>
      <itemStatus>1</itemStatus>
      <LastUpdateDate />
      <LastUpdateTime />
    </Product>
    <Product>
      <PriceUpdateDate>2015/12/01 16:31</PriceUpdateDate>
      <ItemCode>7290002581079</ItemCode>
      <ItemType>1</ItemType>
      <ItemName>חטיף תן צ אפ</ItemName>
      <ManufactureName>מיה תעשיות מזון מ.ת.מ. בעמ</ManufactureName>
      <ManufactureCountry />
      <ManufactureItemDescription />
      <UnitQty>יח`</UnitQty>
      <Quantity>60</Quantity>
      <UnitMeasure>גרם</UnitMeasure>
      <BisWeighted>0</BisWeighted>
      <QtyInPackage>1</QtyInPackage>
      <ItemPrice>3.90</ItemPrice>
      <UnitOfMeasurePrice>6.50</UnitOfMeasurePrice>
      <AllowDiscount>0</AllowDiscount>
      <itemStatus>1</itemStatus>
      <LastUpdateDate />
      <LastUpdateTime />
    </Product>
    <Product>
      <PriceUpdateDate>2017/12/04 10:06</PriceUpdateDate>
      <ItemCode>7290002603016</ItemCode>
      <ItemType>1</ItemType>
      <ItemName>טונה ויליגר במים 140 גר רביעייה</ItemName>
      <ManufactureName>נטו מלינדה סחר בעמ</ManufactureName>
      <ManufactureCountry />
      <ManufactureItemDescription />
      <UnitQty>יח`</UnitQty>
      <Quantity>460</Quantity>
      <UnitMeasure>גרם</UnitMeasure>
      <BisWeighted>0</BisWeighted>
      <QtyInPackage>1</QtyInPackage>
      <ItemPrice>19.90</ItemPrice>
      <UnitOfMeasurePrice>4.33</UnitOfMeasurePrice>
      <AllowDiscount>0</AllowDiscount>
      <itemStatus>1</itemStatus>
      <LastUpdateDate />
      <LastUpdateTime />
    </Product>
    <Product>
      <PriceUpdateDate>2018/01/10 11:29</PriceUpdateDate>
      <ItemCode>7290002603481</ItemCode>
      <ItemType>1</ItemType>
      <ItemName>פיצת השף מאיטליה CHEF שגב פסטו ועגבניות</ItemName>
      <ManufactureName>נטו מלינדה סחר בעמ</ManufactureName>
      <ManufactureCountry />
      <ManufactureItemDescription />
      <UnitQty>יח`</UnitQty>
      <Quantity>200</Quantity>
      <UnitMeasure>גרם</UnitMeasure>
      <BisWeighted>0</BisWeighted>
      <QtyInPackage>1</QtyInPackage>
      <ItemPrice>14.90</ItemPrice>
      <UnitOfMeasurePrice>7.45</UnitOfMeasurePrice>
      <AllowDiscount>0</AllowDiscount>
      <itemStatus>1</itemStatus>
      <LastUpdateDate />
      <LastUpdateTime />
    </Product>
    <Product>
      <PriceUpdateDate>2018/01/10 11:29</PriceUpdateDate>
      <ItemCode>7290002603498</ItemCode>
      <ItemType>1</ItemType>
      <ItemName>פיצת השף מאיטליה CHEF שגב אנטיפסטי 220</ItemName>
      <ManufactureName>נטו מלינדה סחר בעמ</ManufactureName>
      <ManufactureCountry />
      <ManufactureItemDescription />
      <UnitQty>יח`</UnitQty>
      <Quantity>220</Quantity>
      <UnitMeasure>גרם</UnitMeasure>
      <BisWeighted>0</BisWeighted>
      <QtyInPackage>1</QtyInPackage>
      <ItemPrice>14.90</ItemPrice>
      <UnitOfMeasurePrice>6.77</UnitOfMeasurePrice>
      <AllowDiscount>0</AllowDiscount>
      <itemStatus>1</itemStatus>
      <LastUpdateDate />
      <LastUpdateTime />
    </Product>
    <Product>
      <PriceUpdateDate>2018/01/10 11:29</PriceUpdateDate>
      <ItemCode>7290002603504</ItemCode>
      <ItemType>1</ItemType>
      <ItemName>פיצת השף מאיטליה CHEF שגב עגבניות ובצל ס</ItemName>
      <ManufactureName>נטו מלינדה סחר בעמ</ManufactureName>
      <ManufactureCountry />
      <ManufactureItemDescription />
      <UnitQty>יח`</UnitQty>
      <Quantity>220</Quantity>
      <UnitMeasure>גרם</UnitMeasure>
      <BisWeighted>0</BisWeighted>
      <QtyInPackage>1</QtyInPackage>
      <ItemPrice>14.90</ItemPrice>
      <UnitOfMeasurePrice>6.77</UnitOfMeasurePrice>
      <AllowDiscount>0</AllowDiscount>
      <itemStatus>1</itemStatus>
      <LastUpdateDate />
      <LastUpdateTime />
    </Product>
    <Product>
      <PriceUpdateDate>2019/11/13 15:48</PriceUpdateDate>
      <ItemCode>7290002628927</ItemCode>
      <ItemType>1</ItemType>
      <ItemName>קישקע ממולא קפוא ארוז</ItemName>
      <ManufactureName>בלדי בעמ</ManufactureName>
      <ManufactureCountry />
      <ManufactureItemDescription />
      <UnitQty>יח`</UnitQty>
      <Quantity>500</Quantity>
      <UnitMeasure>גרם</UnitMeasure>
      <BisWeighted>0</BisWeighted>
      <QtyInPackage>1</QtyInPackage>
      <ItemPrice>12.90</ItemPrice>
      <UnitOfMeasurePrice>2.58</UnitOfMeasurePrice>
      <AllowDiscount>1</AllowDiscount>
      <itemStatus>1</itemStatus>
      <LastUpdateDate />
      <LastUpdateTime />
    </Product>
    <Product>
      <PriceUpdateDate>2018/07/15 07:59</PriceUpdateDate>
      <ItemCode>7290002628989</ItemCode>
      <ItemType>1</ItemType>
      <ItemName>נקניקיות מרגז בלדי (500 גרם)</ItemName>
      <ManufactureName>בלדי בעמ</ManufactureName>
      <ManufactureCountry />
      <ManufactureItemDescription />
      <UnitQty>יח`</UnitQty>
      <Quantity>500</Quantity>
      <UnitMeasure>גרם</UnitMeasure>
      <BisWeighted>0</BisWeighted>
      <QtyInPackage>1</QtyInPackage>
      <ItemPrice>18.90</ItemPrice>
      <UnitOfMeasurePrice>3.78</UnitOfMeasurePrice>
      <AllowDiscount>0</AllowDiscount>
      <itemStatus>1</itemStatus>
      <LastUpdateDate />
      <LastUpdateTime />
    </Product>
    <Product>
      <PriceUpdateDate>2013/12/31 12:18</PriceUpdateDate>
      <ItemCode>7290002661115</ItemCode>
      <ItemType>1</ItemType>
      <ItemName>לחם הולנדי פרוס ברמן (1.2 קג)</ItemName>
      <ManufactureName>י.את א. ברמן בעמ</ManufactureName>
      <ManufactureCountry />
      <ManufactureItemDescription />
      <UnitQty>יח`</UnitQty>
      <Quantity>1000</Quantity>
      <UnitMeasure>גרם</UnitMeasure>
      <BisWeighted>0</BisWeighted>
      <QtyInPackage>1</QtyInPackage>
      <ItemPrice>15.20</ItemPrice>
      <UnitOfMeasurePrice>1.52</UnitOfMeasurePrice>
      <AllowDiscount>0</AllowDiscount>
      <itemStatus>1</itemStatus>
      <LastUpdateDate />
      <LastUpdateTime />
    </Product>
    <Product>
      <PriceUpdateDate>2014/06/05 10:36</PriceUpdateDate>
      <ItemCode>7290002661153</ItemCode>
      <ItemType>1</ItemType>
      <ItemName>לחם דני קל פרוס ברמן (1 קג)</ItemName>
      <ManufactureName>י.את א. ברמן בעמ</ManufactureName>
      <ManufactureCountry />
      <ManufactureItemDescription />
      <UnitQty>יח`</UnitQty>
      <Quantity>1</Quantity>
      <UnitMeasure>ק"ג</UnitMeasure>
      <BisWeighted>0</BisWeighted>
      <QtyInPackage>1</QtyInPackage>
      <ItemPrice>14.90</ItemPrice>
      <UnitOfMeasurePrice>14.90</UnitOfMeasurePrice>
      <AllowDiscount>0</AllowDiscount>
      <itemStatus>1</itemStatus>
      <LastUpdateDate />
      <LastUpdateTime />
    </Product>
    <Product>
      <PriceUpdateDate>2019/03/24 12:39</PriceUpdateDate>
      <ItemCode>7290002663522</ItemCode>
      <ItemType>1</ItemType>
      <ItemName>משקה קל תפוזים תפוזינה (1.5 ליטר)</ItemName>
      <ManufactureName>יפאורה</ManufactureName>
      <ManufactureCountry />
      <ManufactureItemDescription />
      <UnitQty>יח`</UnitQty>
      <Quantity>1500</Quantity>
      <UnitMeasure>מ"ל</UnitMeasure>
      <BisWeighted>0</BisWeighted>
      <QtyInPackage>1</QtyInPackage>
      <ItemPrice>6.50</ItemPrice>
      <UnitOfMeasurePrice>0.43</UnitOfMeasurePrice>
      <AllowDiscount>1</AllowDiscount>
      <itemStatus>1</itemStatus>
      <LastUpdateDate />
      <LastUpdateTime />
    </Product>
    <Product>
      <PriceUpdateDate>2019/03/24 12:39</PriceUpdateDate>
      <ItemCode>7290002663539</ItemCode>
      <ItemType>1</ItemType>
      <ItemName>משקה קל אשכוליות תפוזינה (1.5 ליטר)</ItemName>
      <ManufactureName>יפאורה</ManufactureName>
      <ManufactureCountry />
      <ManufactureItemDescription />
      <UnitQty>יח`</UnitQty>
      <Quantity>1500</Quantity>
      <UnitMeasure>מ"ל</UnitMeasure>
      <BisWeighted>0</BisWeighted>
      <QtyInPackage>1</QtyInPackage>
      <ItemPrice>6.50</ItemPrice>
      <UnitOfMeasurePrice>0.43</UnitOfMeasurePrice>
      <AllowDiscount>1</AllowDiscount>
      <itemStatus>1</itemStatus>
      <LastUpdateDate />
      <LastUpdateTime />
    </Product>
    <Product>
      <PriceUpdateDate>2014/05/13 11:48</PriceUpdateDate>
      <ItemCode>7290002663805</ItemCode>
      <ItemType>1</ItemType>
      <ItemName>מי טוניק שוופס (1.5 ליטר)</ItemName>
      <ManufactureName>יפאורה</ManufactureName>
      <ManufactureCountry />
      <ManufactureItemDescription />
      <UnitQty>יח`</UnitQty>
      <Quantity>1.50</Quantity>
      <UnitMeasure>1 ליטר</UnitMeasure>
      <BisWeighted>0</BisWeighted>
      <QtyInPackage>1</QtyInPackage>
      <ItemPrice>9.90</ItemPrice>
      <UnitOfMeasurePrice>6.60</UnitOfMeasurePrice>
      <AllowDiscount>0</AllowDiscount>
      <itemStatus>1</itemStatus>
      <LastUpdateDate />
      <LastUpdateTime />
    </Product>
    <Product>
      <PriceUpdateDate>2015/06/28 14:11</PriceUpdateDate>
      <ItemCode>7290002692393</ItemCode>
      <ItemType>1</ItemType>
      <ItemName>שמן קנולה מזוכך מועשר עץ הזית (1 ליטר)</ItemName>
      <ManufactureName>שמן תעשיות בעמ</ManufactureName>
      <ManufactureCountry />
      <ManufactureItemDescription />
      <UnitQty>יח`</UnitQty>
      <Quantity>1</Quantity>
      <UnitMeasure>1 ליטר</UnitMeasure>
      <BisWeighted>0</BisWeighted>
      <QtyInPackage>1</QtyInPackage>
      <ItemPrice>14.90</ItemPrice>
      <UnitOfMeasurePrice>14.90</UnitOfMeasurePrice>
      <AllowDiscount>1</AllowDiscount>
      <itemStatus>1</itemStatus>
      <LastUpdateDate />
      <LastUpdateTime />
    </Product>
    <Product>
      <PriceUpdateDate>2015/12/03 14:37</PriceUpdateDate>
      <ItemCode>7290002692478</ItemCode>
      <ItemType>1</ItemType>
      <ItemName>שמן זית כתית מעולה 750 מל עץ הזית</ItemName>
      <ManufactureName>שמן תעשיות בעמ</ManufactureName>
      <ManufactureCountry />
      <ManufactureItemDescription />
      <UnitQty>יח`</UnitQty>
      <Quantity>750</Quantity>
      <UnitMeasure>מ"ל</UnitMeasure>
      <BisWeighted>0</BisWeighted>
      <QtyInPackage>1</QtyInPackage>
      <ItemPrice>34.90</ItemPrice>
      <UnitOfMeasurePrice>4.65</UnitOfMeasurePrice>
      <AllowDiscount>1</AllowDiscount>
      <itemStatus>1</itemStatus>
      <LastUpdateDate />
      <LastUpdateTime />
    </Product>
    <Product>
      <PriceUpdateDate>2015/04/30 10:55</PriceUpdateDate>
      <ItemCode>7290002692768</ItemCode>
      <ItemType>1</ItemType>
      <ItemName>תרסיס שמן קנולה מזוכך ללא תוספת גז 200 מ</ItemName>
      <ManufactureName>שמן תעשיות בעמ</ManufactureName>
      <ManufactureCountry />
      <ManufactureItemDescription />
      <UnitQty>יח`</UnitQty>
      <Quantity>200</Quantity>
      <UnitMeasure>מ"ל</UnitMeasure>
      <BisWeighted>0</BisWeighted>
      <QtyInPackage>1</QtyInPackage>
      <ItemPrice>19.90</ItemPrice>
      <UnitOfMeasurePrice>9.95</UnitOfMeasurePrice>
      <AllowDiscount>0</AllowDiscount>
      <itemStatus>1</itemStatus>
      <LastUpdateDate />
      <LastUpdateTime />
    </Product>
    <Product>
      <PriceUpdateDate>2018/12/23 11:02</PriceUpdateDate>
      <ItemCode>7290002692775</ItemCode>
      <ItemType>1</ItemType>
      <ItemName>תרסיס מופחת קלוריות בטעם חמאה</ItemName>
      <ManufactureName>שמן תעשיות בעמ</ManufactureName>
      <ManufactureCountry />
      <ManufactureItemDescription />
      <UnitQty>יח`</UnitQty>
      <Quantity>200</Quantity>
      <UnitMeasure>מ"ל</UnitMeasure>
      <BisWeighted>0</BisWeighted>
      <QtyInPackage>1</QtyInPackage>
      <ItemPrice>19.90</ItemPrice>
      <UnitOfMeasurePrice>9.95</UnitOfMeasurePrice>
      <AllowDiscount>0</AllowDiscount>
      <itemStatus>1</itemStatus>
      <LastUpdateDate />
      <LastUpdateTime />
    </Product>
    <Product>
      <PriceUpdateDate>2015/04/30 10:55</PriceUpdateDate>
      <ItemCode>7290002692782</ItemCode>
      <ItemType>1</ItemType>
      <ItemName>תרסיס שמן זית כתית מעולה ללא תוספת גז 15</ItemName>
      <ManufactureName>שמן תעשיות בעמ</ManufactureName>
      <ManufactureCountry />
      <ManufactureItemDescription />
      <UnitQty>יח`</UnitQty>
      <Quantity>150</Quantity>
      <UnitMeasure>מ"ל</UnitMeasure>
      <BisWeighted>0</BisWeighted>
      <QtyInPackage>1</QtyInPackage>
      <ItemPrice>19.90</ItemPrice>
      <UnitOfMeasurePrice>13.27</UnitOfMeasurePrice>
      <AllowDiscount>0</AllowDiscount>
      <itemStatus>1</itemStatus>
      <LastUpdateDate />
      <LastUpdateTime />
    </Product>
    <Product>
      <PriceUpdateDate>2019/02/03 12:21</PriceUpdateDate>
      <ItemCode>7290002715375</ItemCode>
      <ItemType>1</ItemType>
      <ItemName>קבב יווני 400 גר` טיבונוויל</ItemName>
      <ManufactureName>נטו מלינדה סחר בעמ</ManufactureName>
      <ManufactureCountry />
      <ManufactureItemDescription />
      <UnitQty>יח`</UnitQty>
      <Quantity>400</Quantity>
      <UnitMeasure>גרם</UnitMeasure>
      <BisWeighted>0</BisWeighted>
      <QtyInPackage>1</QtyInPackage>
      <ItemPrice>20.90</ItemPrice>
      <UnitOfMeasurePrice>5.23</UnitOfMeasurePrice>
      <AllowDiscount>1</AllowDiscount>
      <itemStatus>1</itemStatus>
      <LastUpdateDate />
      <LastUpdateTime />
    </Product>
    <Product>
      <PriceUpdateDate>2015/12/01 14:17</PriceUpdateDate>
      <ItemCode>7290002715504</ItemCode>
      <ItemType>1</ItemType>
      <ItemName>ארוחת נודלס בטעם עוף מג`יק (70 גרם)</ItemName>
      <ManufactureName>נטו מלינדה סחר בעמ</ManufactureName>
      <ManufactureCountry />
      <ManufactureItemDescription />
      <UnitQty>יח`</UnitQty>
      <Quantity>70</Quantity>
      <UnitMeasure>גרם</UnitMeasure>
      <BisWeighted>0</BisWeighted>
      <QtyInPackage>1</QtyInPackage>
      <ItemPrice>4.90</ItemPrice>
      <UnitOfMeasurePrice>7</UnitOfMeasurePrice>
      <AllowDiscount>1</AllowDiscount>
      <itemStatus>1</itemStatus>
      <LastUpdateDate />
      <LastUpdateTime />
    </Product>
    <Product>
      <PriceUpdateDate>2015/12/01 14:17</PriceUpdateDate>
      <ItemCode>7290002715511</ItemCode>
      <ItemType>1</ItemType>
      <ItemName>ארוחת נודלס בטעם בשר מג`יק (70 גרם)</ItemName>
      <ManufactureName>נטו מלינדה סחר בעמ</ManufactureName>
      <ManufactureCountry />
      <ManufactureItemDescription />
      <UnitQty>יח`</UnitQty>
      <Quantity>70</Quantity>
      <UnitMeasure>גרם</UnitMeasure>
      <BisWeighted>0</BisWeighted>
      <QtyInPackage>1</QtyInPackage>
      <ItemPrice>4.90</ItemPrice>
      <UnitOfMeasurePrice>7</UnitOfMeasurePrice>
      <AllowDiscount>1</AllowDiscount>
      <itemStatus>1</itemStatus>
      <LastUpdateDate />
      <LastUpdateTime />
    </Product>
    <Product>
      <PriceUpdateDate>2015/12/01 14:17</PriceUpdateDate>
      <ItemCode>7290002715528</ItemCode>
      <ItemType>1</ItemType>
      <ItemName>ארוחת נודלס בטעם ירקות מג`יק (70 גרם)</ItemName>
      <ManufactureName>נטו מלינדה סחר בעמ</ManufactureName>
      <ManufactureCountry />
      <ManufactureItemDescription />
      <UnitQty>יח`</UnitQty>
      <Quantity>70</Quantity>
      <UnitMeasure>גרם</UnitMeasure>
      <BisWeighted>0</BisWeighted>
      <QtyInPackage>1</QtyInPackage>
      <ItemPrice>4.90</ItemPrice>
      <UnitOfMeasurePrice>7</UnitOfMeasurePrice>
      <AllowDiscount>1</AllowDiscount>
      <itemStatus>1</itemStatus>
      <LastUpdateDate />
      <LastUpdateTime />
    </Product>
    <Product>
      <PriceUpdateDate>2015/12/01 14:17</PriceUpdateDate>
      <ItemCode>7290002715580</ItemCode>
      <ItemType>1</ItemType>
      <ItemName>מג`יק טעם סיני</ItemName>
      <ManufactureName>נטו מלינדה סחר בעמ</ManufactureName>
      <ManufactureCountry />
      <ManufactureItemDescription />
      <UnitQty>יח`</UnitQty>
      <Quantity>70</Quantity>
      <UnitMeasure>גרם</UnitMeasure>
      <BisWeighted>0</BisWeighted>
      <QtyInPackage>1</QtyInPackage>
      <ItemPrice>4.90</ItemPrice>
      <UnitOfMeasurePrice>7</UnitOfMeasurePrice>
      <AllowDiscount>1</AllowDiscount>
      <itemStatus>1</itemStatus>
      <LastUpdateDate />
      <LastUpdateTime />
    </Product>
    <Product>
      <PriceUpdateDate>2019/03/24 12:39</PriceUpdateDate>
      <ItemCode>7290002730675</ItemCode>
      <ItemType>1</ItemType>
      <ItemName>משחת שיניים קולגייט (100 מל)</ItemName>
      <ManufactureName>ש.שסטוביץ בעמ</ManufactureName>
      <ManufactureCountry />
      <ManufactureItemDescription />
      <UnitQty>יח`</UnitQty>
      <Quantity>150</Quantity>
      <UnitMeasure>גרם</UnitMeasure>
      <BisWeighted>0</BisWeighted>
      <QtyInPackage>1</QtyInPackage>
      <ItemPrice>9.90</ItemPrice>
      <UnitOfMeasurePrice>6.60</UnitOfMeasurePrice>
      <AllowDiscount>0</AllowDiscount>
      <itemStatus>1</itemStatus>
      <LastUpdateDate />
      <LastUpdateTime />
    </Product>
    <Product>
      <PriceUpdateDate>2020/01/05 11:29</PriceUpdateDate>
      <ItemCode>7290002730811</ItemCode>
      <ItemType>1</ItemType>
      <ItemName>משחת שיניים ג`ל קולגייט (100 מל)</ItemName>
      <ManufactureName>ש.שסטוביץ בעמ</ManufactureName>
      <ManufactureCountry />
      <ManufactureItemDescription />
      <UnitQty>יח`</UnitQty>
      <Quantity>138</Quantity>
      <UnitMeasure>גרם</UnitMeasure>
      <BisWeighted>0</BisWeighted>
      <QtyInPackage>1</QtyInPackage>
      <ItemPrice>12.90</ItemPrice>
      <UnitOfMeasurePrice>9.35</UnitOfMeasurePrice>
      <AllowDiscount>0</AllowDiscount>
      <itemStatus>1</itemStatus>
      <LastUpdateDate />
      <LastUpdateTime />
    </Product>
    <Product>
      <PriceUpdateDate>2016/01/12 08:18</PriceUpdateDate>
      <ItemCode>7290002730958</ItemCode>
      <ItemType>1</ItemType>
      <ItemName>פלמוליב סבון מוצק רביעייה ירוק זית</ItemName>
      <ManufactureName>ש.שסטוביץ בעמ</ManufactureName>
      <ManufactureCountry />
      <ManufactureItemDescription />
      <UnitQty>יח`</UnitQty>
      <Quantity>400</Quantity>
      <UnitMeasure>גרם</UnitMeasure>
      <BisWeighted>0</BisWeighted>
      <QtyInPackage>1</QtyInPackage>
      <ItemPrice>16.90</ItemPrice>
      <UnitOfMeasurePrice>4.23</UnitOfMeasurePrice>
      <AllowDiscount>0</AllowDiscount>
      <itemStatus>1</itemStatus>
      <LastUpdateDate />
      <LastUpdateTime />
    </Product>
    <Product>
      <PriceUpdateDate>2020/03/22 14:55</PriceUpdateDate>
      <ItemCode>7290002735007</ItemCode>
      <ItemType>1</ItemType>
      <ItemName>בצק עלים 1 קג יינון</ItemName>
      <ManufactureName>קפוא-זן תעשיות מזון בעמ - תפוג</ManufactureName>
      <ManufactureCountry />
      <ManufactureItemDescription />
      <UnitQty>יח`</UnitQty>
      <Quantity>1</Quantity>
      <UnitMeasure>גרם</UnitMeasure>
      <BisWeighted>0</BisWeighted>
      <QtyInPackage>1</QtyInPackage>
      <ItemPrice>13.90</ItemPrice>
      <UnitOfMeasurePrice>1390</UnitOfMeasurePrice>
      <AllowDiscount>0</AllowDiscount>
      <itemStatus>1</itemStatus>
      <LastUpdateDate />
      <LastUpdateTime />
    </Product>
    <Product>
      <PriceUpdateDate>2020/03/22 14:55</PriceUpdateDate>
      <ItemCode>7290002735014</ItemCode>
      <ItemType>1</ItemType>
      <ItemName>מלווח ארוז יינון 800 גר`</ItemName>
      <ManufactureName>קפוא-זן תעשיות מזון בעמ - תפוג</ManufactureName>
      <ManufactureCountry />
      <ManufactureItemDescription />
      <UnitQty>יח`</UnitQty>
      <Quantity>800</Quantity>
      <UnitMeasure>גרם</UnitMeasure>
      <BisWeighted>0</BisWeighted>
      <QtyInPackage>1</QtyInPackage>
      <ItemPrice>13.90</ItemPrice>
      <UnitOfMeasurePrice>1.74</UnitOfMeasurePrice>
      <AllowDiscount>0</AllowDiscount>
      <itemStatus>1</itemStatus>
      <LastUpdateDate />
      <LastUpdateTime />
    </Product>
    <Product>
      <PriceUpdateDate>2020/03/22 14:55</PriceUpdateDate>
      <ItemCode>7290002735021</ItemCode>
      <ItemType>1</ItemType>
      <ItemName>ג`חנון ארוז 750  גר`יינון</ItemName>
      <ManufactureName>קפוא-זן תעשיות מזון בעמ - תפוג</ManufactureName>
      <ManufactureCountry />
      <ManufactureItemDescription />
      <UnitQty>יח`</UnitQty>
      <Quantity>750</Quantity>
      <UnitMeasure>גרם</UnitMeasure>
      <BisWeighted>0</BisWeighted>
      <QtyInPackage>1</QtyInPackage>
      <ItemPrice>13.90</ItemPrice>
      <UnitOfMeasurePrice>1.85</UnitOfMeasurePrice>
      <AllowDiscount>0</AllowDiscount>
      <itemStatus>1</itemStatus>
      <LastUpdateDate />
      <LastUpdateTime />
    </Product>
    <Product>
      <PriceUpdateDate>2020/03/22 14:55</PriceUpdateDate>
      <ItemCode>7290002735113</ItemCode>
      <ItemType>1</ItemType>
      <ItemName>בורקס גבינה ינון 800 גר`</ItemName>
      <ManufactureName>קפוא-זן תעשיות מזון בעמ - תפוג</ManufactureName>
      <ManufactureCountry />
      <ManufactureItemDescription />
      <UnitQty>יח`</UnitQty>
      <Quantity>800</Quantity>
      <UnitMeasure>גרם</UnitMeasure>
      <BisWeighted>0</BisWeighted>
      <QtyInPackage>1</QtyInPackage>
      <ItemPrice>15.90</ItemPrice>
      <UnitOfMeasurePrice>1.99</UnitOfMeasurePrice>
      <AllowDiscount>0</AllowDiscount>
      <itemStatus>1</itemStatus>
      <LastUpdateDate />
      <LastUpdateTime />
    </Product>
    <Product>
      <PriceUpdateDate>2020/03/22 14:55</PriceUpdateDate>
      <ItemCode>7290002735120</ItemCode>
      <ItemType>1</ItemType>
      <ItemName>בורקס תפוא ינון 800 גר`</ItemName>
      <ManufactureName>קפוא-זן תעשיות מזון בעמ - תפוג</ManufactureName>
      <ManufactureCountry />
      <ManufactureItemDescription />
      <UnitQty>יח`</UnitQty>
      <Quantity>800</Quantity>
      <UnitMeasure>גרם</UnitMeasure>
      <BisWeighted>0</BisWeighted>
      <QtyInPackage>1</QtyInPackage>
      <ItemPrice>13.90</ItemPrice>
      <UnitOfMeasurePrice>1.74</UnitOfMeasurePrice>
      <AllowDiscount>0</AllowDiscount>
      <itemStatus>1</itemStatus>
      <LastUpdateDate />
      <LastUpdateTime />
    </Product>
    <Product>
      <PriceUpdateDate>2015/12/02 11:45</PriceUpdateDate>
      <ItemCode>7290002735274</ItemCode>
      <ItemType>1</ItemType>
      <ItemName>ג חנון אפוי 600 גר יינון</ItemName>
      <ManufactureName>קפוא-זן תעשיות מזון בעמ - תפוג</ManufactureName>
      <ManufactureCountry />
      <ManufactureItemDescription />
      <UnitQty>יח`</UnitQty>
      <Quantity>600</Quantity>
      <UnitMeasure>גרם</UnitMeasure>
      <BisWeighted>0</BisWeighted>
      <QtyInPackage>1</QtyInPackage>
      <ItemPrice>16.90</ItemPrice>
      <UnitOfMeasurePrice>2.82</UnitOfMeasurePrice>
      <AllowDiscount>0</AllowDiscount>
      <itemStatus>1</itemStatus>
      <LastUpdateDate />
      <LastUpdateTime />
    </Product>
    <Product>
      <PriceUpdateDate>2017/02/09 09:13</PriceUpdateDate>
      <ItemCode>7290002739685</ItemCode>
      <ItemType>1</ItemType>
      <ItemName>נקניקיות מרגז 400 ג עטרה.</ItemName>
      <ManufactureName>נטו מלינדה סחר - עטרה</ManufactureName>
      <ManufactureCountry />
      <ManufactureItemDescription />
      <UnitQty>יח`</UnitQty>
      <Quantity>400</Quantity>
      <UnitMeasure>גרם</UnitMeasure>
      <BisWeighted>0</BisWeighted>
      <QtyInPackage>1</QtyInPackage>
      <ItemPrice>22.90</ItemPrice>
      <UnitOfMeasurePrice>5.73</UnitOfMeasurePrice>
      <AllowDiscount>0</AllowDiscount>
      <itemStatus>1</itemStatus>
      <LastUpdateDate />
      <LastUpdateTime />
    </Product>
    <Product>
      <PriceUpdateDate>2018/02/06 10:09</PriceUpdateDate>
      <ItemCode>7290002752332</ItemCode>
      <ItemType>1</ItemType>
      <ItemName>מנטוס גליל פירות</ItemName>
      <ManufactureName>ליימן שליסל בעמ</ManufactureName>
      <ManufactureCountry />
      <ManufactureItemDescription />
      <UnitQty>יח`</UnitQty>
      <Quantity>37.50</Quantity>
      <UnitMeasure>גרם</UnitMeasure>
      <BisWeighted>0</BisWeighted>
      <QtyInPackage>1</QtyInPackage>
      <ItemPrice>3.90</ItemPrice>
      <UnitOfMeasurePrice>10.40</UnitOfMeasurePrice>
      <AllowDiscount>0</AllowDiscount>
      <itemStatus>1</itemStatus>
      <LastUpdateDate />
      <LastUpdateTime />
    </Product>
    <Product>
      <PriceUpdateDate>2019/02/03 12:21</PriceUpdateDate>
      <ItemCode>7290002757139</ItemCode>
      <ItemType>1</ItemType>
      <ItemName>מלוואח 700 גר` שלושת האופים</ItemName>
      <ManufactureName>נטו מלינדה סחר בעמ</ManufactureName>
      <ManufactureCountry />
      <ManufactureItemDescription />
      <UnitQty>יח`</UnitQty>
      <Quantity>700</Quantity>
      <UnitMeasure>גרם</UnitMeasure>
      <BisWeighted>0</BisWeighted>
      <QtyInPackage>1</QtyInPackage>
      <ItemPrice>14.50</ItemPrice>
      <UnitOfMeasurePrice>2.07</UnitOfMeasurePrice>
      <AllowDiscount>1</AllowDiscount>
      <itemStatus>1</itemStatus>
      <LastUpdateDate />
      <LastUpdateTime />
    </Product>
    <Product>
      <PriceUpdateDate>2018/10/11 19:17</PriceUpdateDate>
      <ItemCode>7290002757146</ItemCode>
      <ItemType>1</ItemType>
      <ItemName>קובה למרק חמוסטה 1 קג</ItemName>
      <ManufactureName>נטו מלינדה סחר בעמ</ManufactureName>
      <ManufactureCountry />
      <ManufactureItemDescription />
      <UnitQty>יח`</UnitQty>
      <Quantity>1000</Quantity>
      <UnitMeasure>גרם</UnitMeasure>
      <BisWeighted>0</BisWeighted>
      <QtyInPackage>1</QtyInPackage>
      <ItemPrice>16.90</ItemPrice>
      <UnitOfMeasurePrice>1.69</UnitOfMeasurePrice>
      <AllowDiscount>0</AllowDiscount>
      <itemStatus>1</itemStatus>
      <LastUpdateDate />
      <LastUpdateTime />
    </Product>
    <Product>
      <PriceUpdateDate>2016/09/01 10:47</PriceUpdateDate>
      <ItemCode>7290002757511</ItemCode>
      <ItemType>1</ItemType>
      <ItemName>קציצות דג לבישול דלידג (750 גרם)</ItemName>
      <ManufactureName>נטו מלינדה סחר בעמ</ManufactureName>
      <ManufactureCountry />
      <ManufactureItemDescription />
      <UnitQty>יח`</UnitQty>
      <Quantity>750</Quantity>
      <UnitMeasure>גרם</UnitMeasure>
      <BisWeighted>0</BisWeighted>
      <QtyInPackage>1</QtyInPackage>
      <ItemPrice>28.90</ItemPrice>
      <UnitOfMeasurePrice>3.85</UnitOfMeasurePrice>
      <AllowDiscount>0</AllowDiscount>
      <itemStatus>1</itemStatus>
      <LastUpdateDate />
      <LastUpdateTime />
    </Product>
    <Product>
      <PriceUpdateDate>2018/01/10 11:24</PriceUpdateDate>
      <ItemCode>7290002768043</ItemCode>
      <ItemType>1</ItemType>
      <ItemName>מי פה תיאדנט (150 מל)</ItemName>
      <ManufactureName>החברה הדרומית לשיווק בעמ</ManufactureName>
      <ManufactureCountry />
      <ManufactureItemDescription />
      <UnitQty>יח`</UnitQty>
      <Quantity>150</Quantity>
      <UnitMeasure>מ"ל</UnitMeasure>
      <BisWeighted>0</BisWeighted>
      <QtyInPackage>1</QtyInPackage>
      <ItemPrice>15.90</ItemPrice>
      <UnitOfMeasurePrice>10.60</UnitOfMeasurePrice>
      <AllowDiscount>0</AllowDiscount>
      <itemStatus>1</itemStatus>
      <LastUpdateDate />
      <LastUpdateTime />
    </Product>
    <Product>
      <PriceUpdateDate>2015/12/01 16:21</PriceUpdateDate>
      <ItemCode>7290002782735</ItemCode>
      <ItemType>1</ItemType>
      <ItemName>דאוד לגבר פנינה</ItemName>
      <ManufactureName>פנינה רוזנבלום בעמ</ManufactureName>
      <ManufactureCountry />
      <ManufactureItemDescription />
      <UnitQty>יח`</UnitQty>
      <Quantity>150</Quantity>
      <UnitMeasure>מ"ל</UnitMeasure>
      <BisWeighted>0</BisWeighted>
      <QtyInPackage>1</QtyInPackage>
      <ItemPrice>16.90</ItemPrice>
      <UnitOfMeasurePrice>11.27</UnitOfMeasurePrice>
      <AllowDiscount>1</AllowDiscount>
      <itemStatus>1</itemStatus>
      <LastUpdateDate />
      <LastUpdateTime />
    </Product>
    <Product>
      <PriceUpdateDate>2015/12/02 13:36</PriceUpdateDate>
      <ItemCode>7290002782742</ItemCode>
      <ItemType>1</ItemType>
      <ItemName>דאוד פנינה נשים</ItemName>
      <ManufactureName>פנינה רוזנבלום בעמ</ManufactureName>
      <ManufactureCountry />
      <ManufactureItemDescription />
      <UnitQty>יח`</UnitQty>
      <Quantity>150</Quantity>
      <UnitMeasure>מ"ל</UnitMeasure>
      <BisWeighted>0</BisWeighted>
      <QtyInPackage>1</QtyInPackage>
      <ItemPrice>16.90</ItemPrice>
      <UnitOfMeasurePrice>11.27</UnitOfMeasurePrice>
      <AllowDiscount>1</AllowDiscount>
      <itemStatus>1</itemStatus>
      <LastUpdateDate />
      <LastUpdateTime />
    </Product>
    <Product>
      <PriceUpdateDate>2015/12/01 20:58</PriceUpdateDate>
      <ItemCode>7290002782759</ItemCode>
      <ItemType>1</ItemType>
      <ItemName>קרם גוף מספר 2 פנינה רוזנבלום (340 מל)</ItemName>
      <ManufactureName>פנינה רוזנבלום בעמ</ManufactureName>
      <ManufactureCountry />
      <ManufactureItemDescription />
      <UnitQty>יח`</UnitQty>
      <Quantity>400</Quantity>
      <UnitMeasure>מ"ל</UnitMeasure>
      <BisWeighted>0</BisWeighted>
      <QtyInPackage>1</QtyInPackage>
      <ItemPrice>22.90</ItemPrice>
      <UnitOfMeasurePrice>5.73</UnitOfMeasurePrice>
      <AllowDiscount>0</AllowDiscount>
      <itemStatus>1</itemStatus>
      <LastUpdateDate />
      <LastUpdateTime />
    </Product>
    <Product>
      <PriceUpdateDate>2015/07/27 08:11</PriceUpdateDate>
      <ItemCode>7290002787884</ItemCode>
      <ItemType>1</ItemType>
      <ItemName>מקלות בורקס פילו תפוא</ItemName>
      <ManufactureName>נטו מלינדה סחר בעמ</ManufactureName>
      <ManufactureCountry />
      <ManufactureItemDescription />
      <UnitQty>יח`</UnitQty>
      <Quantity>600</Quantity>
      <UnitMeasure>גרם</UnitMeasure>
      <BisWeighted>0</BisWeighted>
      <QtyInPackage>1</QtyInPackage>
      <ItemPrice>18.90</ItemPrice>
      <UnitOfMeasurePrice>3.15</UnitOfMeasurePrice>
      <AllowDiscount>1</AllowDiscount>
      <itemStatus>1</itemStatus>
      <LastUpdateDate />
      <LastUpdateTime />
    </Product>
    <Product>
      <PriceUpdateDate>2016/05/17 08:22</PriceUpdateDate>
      <ItemCode>7290002805151</ItemCode>
      <ItemType>1</ItemType>
      <ItemName>סיף פנטסטיק שמפו רצפות 4 ליטר</ItemName>
      <ManufactureName>יוניליוור ישראל שיווק בעמ</ManufactureName>
      <ManufactureCountry />
      <ManufactureItemDescription />
      <UnitQty>יח`</UnitQty>
      <Quantity>4000</Quantity>
      <UnitMeasure>מ"ל</UnitMeasure>
      <BisWeighted>0</BisWeighted>
      <QtyInPackage>1</QtyInPackage>
      <ItemPrice>19.90</ItemPrice>
      <UnitOfMeasurePrice>0.50</UnitOfMeasurePrice>
      <AllowDiscount>0</AllowDiscount>
      <itemStatus>1</itemStatus>
      <LastUpdateDate />
      <LastUpdateTime />
    </Product>
    <Product>
      <PriceUpdateDate>2020/02/16 07:14</PriceUpdateDate>
      <ItemCode>7290002814016</ItemCode>
      <ItemType>1</ItemType>
      <ItemName>מסיר שומנים קר סנט מוריץ (750 מל)</ItemName>
      <ManufactureName>קומפלקס כימיקלים בעמ</ManufactureName>
      <ManufactureCountry />
      <ManufactureItemDescription />
      <UnitQty>יח`</UnitQty>
      <Quantity>750</Quantity>
      <UnitMeasure>מ"ל</UnitMeasure>
      <BisWeighted>0</BisWeighted>
      <QtyInPackage>1</QtyInPackage>
      <ItemPrice>13.90</ItemPrice>
      <UnitOfMeasurePrice>1.85</UnitOfMeasurePrice>
      <AllowDiscount>1</AllowDiscount>
      <itemStatus>1</itemStatus>
      <LastUpdateDate />
      <LastUpdateTime />
    </Product>
    <Product>
      <PriceUpdateDate>2020/02/16 07:14</PriceUpdateDate>
      <ItemCode>7290002814078</ItemCode>
      <ItemType>1</ItemType>
      <ItemName>אנטרטיק לניקוי</ItemName>
      <ManufactureName>קומפלקס כימיקלים בעמ</ManufactureName>
      <ManufactureCountry />
      <ManufactureItemDescription />
      <UnitQty>יח`</UnitQty>
      <Quantity>1</Quantity>
      <UnitMeasure>1 ליטר</UnitMeasure>
      <BisWeighted>0</BisWeighted>
      <QtyInPackage>1</QtyInPackage>
      <ItemPrice>7.90</ItemPrice>
      <UnitOfMeasurePrice>7.90</UnitOfMeasurePrice>
      <AllowDiscount>1</AllowDiscount>
      <itemStatus>1</itemStatus>
      <LastUpdateDate />
      <LastUpdateTime />
    </Product>
    <Product>
      <PriceUpdateDate>2015/06/21 14:25</PriceUpdateDate>
      <ItemCode>7290002814139</ItemCode>
      <ItemType>1</ItemType>
      <ItemName>רצפות דוחה תיקנים 2 ליטר</ItemName>
      <ManufactureName>קומפלקס כימיקלים בעמ</ManufactureName>
      <ManufactureCountry />
      <ManufactureItemDescription />
      <UnitQty>יח`</UnitQty>
      <Quantity>2000</Quantity>
      <UnitMeasure>מ"ל</UnitMeasure>
      <BisWeighted>0</BisWeighted>
      <QtyInPackage>1</QtyInPackage>
      <ItemPrice>11.90</ItemPrice>
      <UnitOfMeasurePrice>0.60</UnitOfMeasurePrice>
      <AllowDiscount>1</AllowDiscount>
      <itemStatus>1</itemStatus>
      <LastUpdateDate />
      <LastUpdateTime />
    </Product>
    <Product>
      <PriceUpdateDate>2020/03/09 06:52</PriceUpdateDate>
      <ItemCode>7290002814245</ItemCode>
      <ItemType>1</ItemType>
      <ItemName>מגבוני אקונומיקה בדלי 400 יח סנט מוריץ</ItemName>
      <ManufactureName>קומפלקס כימיקלים בעמ</ManufactureName>
      <ManufactureCountry />
      <ManufactureItemDescription />
      <UnitQty>יח`</UnitQty>
      <Quantity>1</Quantity>
      <UnitMeasure />
      <BisWeighted>0</BisWeighted>
      <QtyInPackage>1</QtyInPackage>
      <ItemPrice>24.90</ItemPrice>
      <UnitOfMeasurePrice>24.90</UnitOfMeasurePrice>
      <AllowDiscount>0</AllowDiscount>
      <itemStatus>1</itemStatus>
      <LastUpdateDate />
      <LastUpdateTime />
    </Product>
    <Product>
      <PriceUpdateDate>2020/02/16 07:14</PriceUpdateDate>
      <ItemCode>7290002814405</ItemCode>
      <ItemType>1</ItemType>
      <ItemName>שמפו כלים 1.5 ליטר לבנדר סנט מוריץ</ItemName>
      <ManufactureName>קומפלקס כימיקלים בעמ</ManufactureName>
      <ManufactureCountry />
      <ManufactureItemDescription />
      <UnitQty>יח`</UnitQty>
      <Quantity>1500</Quantity>
      <UnitMeasure>מ"ל</UnitMeasure>
      <BisWeighted>0</BisWeighted>
      <QtyInPackage>1</QtyInPackage>
      <ItemPrice>8.90</ItemPrice>
      <UnitOfMeasurePrice>0.59</UnitOfMeasurePrice>
      <AllowDiscount>1</AllowDiscount>
      <itemStatus>1</itemStatus>
      <LastUpdateDate />
      <LastUpdateTime />
    </Product>
    <Product>
      <PriceUpdateDate>2020/02/16 07:14</PriceUpdateDate>
      <ItemCode>7290002814412</ItemCode>
      <ItemType>1</ItemType>
      <ItemName>שמפו כלים 1.5 ליטר ירוק סנט מוריץ</ItemName>
      <ManufactureName>קומפלקס כימיקלים בעמ</ManufactureName>
      <ManufactureCountry />
      <ManufactureItemDescription />
      <UnitQty>יח`</UnitQty>
      <Quantity>1500</Quantity>
      <UnitMeasure>מ"ל</UnitMeasure>
      <BisWeighted>0</BisWeighted>
      <QtyInPackage>1</QtyInPackage>
      <ItemPrice>8.90</ItemPrice>
      <UnitOfMeasurePrice>0.59</UnitOfMeasurePrice>
      <AllowDiscount>1</AllowDiscount>
      <itemStatus>1</itemStatus>
      <LastUpdateDate />
      <LastUpdateTime />
    </Product>
    <Product>
      <PriceUpdateDate>2020/02/16 07:14</PriceUpdateDate>
      <ItemCode>7290002814436</ItemCode>
      <ItemType>1</ItemType>
      <ItemName>שמפו כלים 1.5 ליטר צהוב סנט מוריץ</ItemName>
      <ManufactureName>קומפלקס כימיקלים בעמ</ManufactureName>
      <ManufactureCountry />
      <ManufactureItemDescription />
      <UnitQty>יח`</UnitQty>
      <Quantity>1500</Quantity>
      <UnitMeasure>מ"ל</UnitMeasure>
      <BisWeighted>0</BisWeighted>
      <QtyInPackage>1</QtyInPackage>
      <ItemPrice>8.90</ItemPrice>
      <UnitOfMeasurePrice>0.59</UnitOfMeasurePrice>
      <AllowDiscount>1</AllowDiscount>
      <itemStatus>1</itemStatus>
      <LastUpdateDate />
      <LastUpdateTime />
    </Product>
    <Product>
      <PriceUpdateDate>2020/02/16 07:14</PriceUpdateDate>
      <ItemCode>7290002814528</ItemCode>
      <ItemType>1</ItemType>
      <ItemName>ניקוי אסלות NO.1</ItemName>
      <ManufactureName>קומפלקס כימיקלים בעמ</ManufactureName>
      <ManufactureCountry />
      <ManufactureItemDescription />
      <UnitQty>יח`</UnitQty>
      <Quantity>1</Quantity>
      <UnitMeasure>1 ליטר</UnitMeasure>
      <BisWeighted>0</BisWeighted>
      <QtyInPackage>1</QtyInPackage>
      <ItemPrice>5.90</ItemPrice>
      <UnitOfMeasurePrice>5.90</UnitOfMeasurePrice>
      <AllowDiscount>1</AllowDiscount>
      <itemStatus>1</itemStatus>
      <LastUpdateDate />
      <LastUpdateTime />
    </Product>
    <Product>
      <PriceUpdateDate>2020/02/16 07:14</PriceUpdateDate>
      <ItemCode>7290002814603</ItemCode>
      <ItemType>1</ItemType>
      <ItemName>מסיר שומנים קר מבושם 750 מל</ItemName>
      <ManufactureName>קומפלקס כימיקלים בעמ</ManufactureName>
      <ManufactureCountry />
      <ManufactureItemDescription />
      <UnitQty>יח`</UnitQty>
      <Quantity>750</Quantity>
      <UnitMeasure>מ"ל</UnitMeasure>
      <BisWeighted>0</BisWeighted>
      <QtyInPackage>1</QtyInPackage>
      <ItemPrice>12.90</ItemPrice>
      <UnitOfMeasurePrice>1.72</UnitOfMeasurePrice>
      <AllowDiscount>1</AllowDiscount>
      <itemStatus>1</itemStatus>
      <LastUpdateDate />
      <LastUpdateTime />
    </Product>
    <Product>
      <PriceUpdateDate>2018/01/08 07:48</PriceUpdateDate>
      <ItemCode>7290002814849</ItemCode>
      <ItemType>1</ItemType>
      <ItemName>סבון אסלה שלישייה סנט מוריץ</ItemName>
      <ManufactureName>קומפלקס כימיקלים בעמ</ManufactureName>
      <ManufactureCountry />
      <ManufactureItemDescription />
      <UnitQty>יח`</UnitQty>
      <Quantity>120</Quantity>
      <UnitMeasure>גרם</UnitMeasure>
      <BisWeighted>0</BisWeighted>
      <QtyInPackage>1</QtyInPackage>
      <ItemPrice>9.90</ItemPrice>
      <UnitOfMeasurePrice>8.25</UnitOfMeasurePrice>
      <AllowDiscount>0</AllowDiscount>
      <itemStatus>1</itemStatus>
      <LastUpdateDate />
      <LastUpdateTime />
    </Product>
    <Product>
      <PriceUpdateDate>2020/02/16 07:14</PriceUpdateDate>
      <ItemCode>7290002814917</ItemCode>
      <ItemType>1</ItemType>
      <ItemName>שמפו רצפות 4 ליטר לבנדר</ItemName>
      <ManufactureName>קומפלקס כימיקלים בעמ</ManufactureName>
      <ManufactureCountry />
      <ManufactureItemDescription />
      <UnitQty>יח`</UnitQty>
      <Quantity>4</Quantity>
      <UnitMeasure>1 ליטר</UnitMeasure>
      <BisWeighted>0</BisWeighted>
      <QtyInPackage>1</QtyInPackage>
      <ItemPrice>11.90</ItemPrice>
      <UnitOfMeasurePrice>2.98</UnitOfMeasurePrice>
      <AllowDiscount>1</AllowDiscount>
      <itemStatus>1</itemStatus>
      <LastUpdateDate />
      <LastUpdateTime />
    </Product>
    <Product>
      <PriceUpdateDate>2020/02/16 07:14</PriceUpdateDate>
      <ItemCode>7290002814931</ItemCode>
      <ItemType>1</ItemType>
      <ItemName>נוזל לניקוי רצפות סנט מוריץ (4 ליטר)</ItemName>
      <ManufactureName>קומפלקס כימיקלים בעמ</ManufactureName>
      <ManufactureCountry />
      <ManufactureItemDescription />
      <UnitQty>יח`</UnitQty>
      <Quantity>4</Quantity>
      <UnitMeasure>1 ליטר</UnitMeasure>
      <BisWeighted>0</BisWeighted>
      <QtyInPackage>1</QtyInPackage>
      <ItemPrice>11.90</ItemPrice>
      <UnitOfMeasurePrice>2.98</UnitOfMeasurePrice>
      <AllowDiscount>1</AllowDiscount>
      <itemStatus>1</itemStatus>
      <LastUpdateDate />
      <LastUpdateTime />
    </Product>
    <Product>
      <PriceUpdateDate>2019/06/17 12:25</PriceUpdateDate>
      <ItemCode>7290002824183</ItemCode>
      <ItemType>1</ItemType>
      <ItemName>קרם גבינה 5% סקי (500 גרם)</ItemName>
      <ManufactureName>שטראוס גרופ בעמ/מצונן</ManufactureName>
      <ManufactureCountry />
      <ManufactureItemDescription />
      <UnitQty>יח`</UnitQty>
      <Quantity>500</Quantity>
      <UnitMeasure>גרם</UnitMeasure>
      <BisWeighted>0</BisWeighted>
      <QtyInPackage>1</QtyInPackage>
      <ItemPrice>9.50</ItemPrice>
      <UnitOfMeasurePrice>1.90</UnitOfMeasurePrice>
      <AllowDiscount>0</AllowDiscount>
      <itemStatus>1</itemStatus>
      <LastUpdateDate />
      <LastUpdateTime />
    </Product>
    <Product>
      <PriceUpdateDate>2013/12/31 12:18</PriceUpdateDate>
      <ItemCode>7290002824466</ItemCode>
      <ItemType>1</ItemType>
      <ItemName>יוגורט ביו 0% דנונה (200 גרם)</ItemName>
      <ManufactureName>שטראוס גרופ בעמ/מצונן</ManufactureName>
      <ManufactureCountry />
      <ManufactureItemDescription />
      <UnitQty>יח`</UnitQty>
      <Quantity>200</Quantity>
      <UnitMeasure>מ"ל</UnitMeasure>
      <BisWeighted>0</BisWeighted>
      <QtyInPackage>1</QtyInPackage>
      <ItemPrice>3.40</ItemPrice>
      <UnitOfMeasurePrice>1.70</UnitOfMeasurePrice>
      <AllowDiscount>0</AllowDiscount>
      <itemStatus>1</itemStatus>
      <LastUpdateDate />
      <LastUpdateTime />
    </Product>
    <Product>
      <PriceUpdateDate>2019/06/17 12:25</PriceUpdateDate>
      <ItemCode>7290002824640</ItemCode>
      <ItemType>1</ItemType>
      <ItemName>קרם גבינה 5% סקי (250 גרם)</ItemName>
      <ManufactureName>שטראוס גרופ בעמ/מצונן</ManufactureName>
      <ManufactureCountry />
      <ManufactureItemDescription />
      <UnitQty>יח`</UnitQty>
      <Quantity>250</Quantity>
      <UnitMeasure>גרם</UnitMeasure>
      <BisWeighted>0</BisWeighted>
      <QtyInPackage>1</QtyInPackage>
      <ItemPrice>4.75</ItemPrice>
      <UnitOfMeasurePrice>1.90</UnitOfMeasurePrice>
      <AllowDiscount>0</AllowDiscount>
      <itemStatus>1</itemStatus>
      <LastUpdateDate />
      <LastUpdateTime />
    </Product>
    <Product>
      <PriceUpdateDate>2015/12/02 11:05</PriceUpdateDate>
      <ItemCode>7290002825722</ItemCode>
      <ItemType>1</ItemType>
      <ItemName>כרוב אדום במיונז אחלה (500 גרם)</ItemName>
      <ManufactureName>שטראוס גרופ בעמ/מצונן</ManufactureName>
      <ManufactureCountry />
      <ManufactureItemDescription />
      <UnitQty>יח`</UnitQty>
      <Quantity>575</Quantity>
      <UnitMeasure>גרם</UnitMeasure>
      <BisWeighted>0</BisWeighted>
      <QtyInPackage>1</QtyInPackage>
      <ItemPrice>14.90</ItemPrice>
      <UnitOfMeasurePrice>2.59</UnitOfMeasurePrice>
      <AllowDiscount>0</AllowDiscount>
      <itemStatus>1</itemStatus>
      <LastUpdateDate />
      <LastUpdateTime />
    </Product>
    <Product>
      <PriceUpdateDate>2019/05/02 16:36</PriceUpdateDate>
      <ItemCode>7290002827306</ItemCode>
      <ItemType>1</ItemType>
      <ItemName>מחפוד נקניקיות עוף 400 גר`</ItemName>
      <ManufactureName>עוף ירושלים שיווק בעמ</ManufactureName>
      <ManufactureCountry />
      <ManufactureItemDescription />
      <UnitQty>יח`</UnitQty>
      <Quantity>400</Quantity>
      <UnitMeasure>גרם</UnitMeasure>
      <BisWeighted>0</BisWeighted>
      <QtyInPackage>1</QtyInPackage>
      <ItemPrice>9.90</ItemPrice>
      <UnitOfMeasurePrice>2.48</UnitOfMeasurePrice>
      <AllowDiscount>1</AllowDiscount>
      <itemStatus>1</itemStatus>
      <LastUpdateDate />
      <LastUpdateTime />
    </Product>
    <Product>
      <PriceUpdateDate>2017/06/08 07:26</PriceUpdateDate>
      <ItemCode>7290002842439</ItemCode>
      <ItemType>1</ItemType>
      <ItemName>משקה שזיפים 946 מל</ItemName>
      <ManufactureName>אימפורט פור יו בעמ</ManufactureName>
      <ManufactureCountry />
      <ManufactureItemDescription />
      <UnitQty>יח`</UnitQty>
      <Quantity>946</Quantity>
      <UnitMeasure>מ"ל</UnitMeasure>
      <BisWeighted>0</BisWeighted>
      <QtyInPackage>1</QtyInPackage>
      <ItemPrice>18.90</ItemPrice>
      <UnitOfMeasurePrice>2</UnitOfMeasurePrice>
      <AllowDiscount>0</AllowDiscount>
      <itemStatus>1</itemStatus>
      <LastUpdateDate />
      <LastUpdateTime />
    </Product>
    <Product>
      <PriceUpdateDate>2017/06/13 08:06</PriceUpdateDate>
      <ItemCode>7290002868996</ItemCode>
      <ItemType>1</ItemType>
      <ItemName>קוטג` 5% מועשר 250 גר`</ItemName>
      <ManufactureName>החב` המרכזית - טרה</ManufactureName>
      <ManufactureCountry />
      <ManufactureItemDescription />
      <UnitQty>יח`</UnitQty>
      <Quantity>250</Quantity>
      <UnitMeasure>גרם</UnitMeasure>
      <BisWeighted>0</BisWeighted>
      <QtyInPackage>1</QtyInPackage>
      <ItemPrice>5.30</ItemPrice>
      <UnitOfMeasurePrice>2.12</UnitOfMeasurePrice>
      <AllowDiscount>0</AllowDiscount>
      <itemStatus>1</itemStatus>
      <LastUpdateDate />
      <LastUpdateTime />
    </Product>
    <Product>
      <PriceUpdateDate>2015/10/09 09:36</PriceUpdateDate>
      <ItemCode>7290002871361</ItemCode>
      <ItemType>1</ItemType>
      <ItemName>בירה קרלסברג (500 מל)</ItemName>
      <ManufactureName>החברה המרכזית להפצת משקאות בעמ</ManufactureName>
      <ManufactureCountry />
      <ManufactureItemDescription />
      <UnitQty>יח`</UnitQty>
      <Quantity>500</Quantity>
      <UnitMeasure>מ"ל</UnitMeasure>
      <BisWeighted>0</BisWeighted>
      <QtyInPackage>1</QtyInPackage>
      <ItemPrice>7.50</ItemPrice>
      <UnitOfMeasurePrice>1.26</UnitOfMeasurePrice>
      <AllowDiscount>0</AllowDiscount>
      <itemStatus>1</itemStatus>
      <LastUpdateDate />
      <LastUpdateTime />
    </Product>
    <Product>
      <PriceUpdateDate>2018/11/16 11:32</PriceUpdateDate>
      <ItemCode>7290002871446</ItemCode>
      <ItemType>1</ItemType>
      <ItemName>משקה קל ענבים פריגת (1.5 ליטר)</ItemName>
      <ManufactureName>החברה המרכזית להפצת משקאות בעמ</ManufactureName>
      <ManufactureCountry />
      <ManufactureItemDescription />
      <UnitQty>יח`</UnitQty>
      <Quantity>1500</Quantity>
      <UnitMeasure>מ"ל</UnitMeasure>
      <BisWeighted>0</BisWeighted>
      <QtyInPackage>1</QtyInPackage>
      <ItemPrice>7.20</ItemPrice>
      <UnitOfMeasurePrice>0.48</UnitOfMeasurePrice>
      <AllowDiscount>1</AllowDiscount>
      <itemStatus>1</itemStatus>
      <LastUpdateDate />
      <LastUpdateTime />
    </Product>
    <Product>
      <PriceUpdateDate>2018/11/16 11:32</PriceUpdateDate>
      <ItemCode>7290002871460</ItemCode>
      <ItemType>1</ItemType>
      <ItemName>משקה קל בטעם תפוזים פריגת (1.5 ליטר)</ItemName>
      <ManufactureName>החברה המרכזית להפצת משקאות בעמ</ManufactureName>
      <ManufactureCountry />
      <ManufactureItemDescription />
      <UnitQty>יח`</UnitQty>
      <Quantity>1500</Quantity>
      <UnitMeasure>מ"ל</UnitMeasure>
      <BisWeighted>0</BisWeighted>
      <QtyInPackage>1</QtyInPackage>
      <ItemPrice>7.20</ItemPrice>
      <UnitOfMeasurePrice>0.48</UnitOfMeasurePrice>
      <AllowDiscount>1</AllowDiscount>
      <itemStatus>1</itemStatus>
      <LastUpdateDate />
      <LastUpdateTime />
    </Product>
    <Product>
      <PriceUpdateDate>2018/11/16 11:32</PriceUpdateDate>
      <ItemCode>7290002871477</ItemCode>
      <ItemType>1</ItemType>
      <ItemName>משקה קל אשכוליות פריגת (1.5 ליטר)</ItemName>
      <ManufactureName>החברה המרכזית להפצת משקאות בעמ</ManufactureName>
      <ManufactureCountry />
      <ManufactureItemDescription />
      <UnitQty>יח`</UnitQty>
      <Quantity>1500</Quantity>
      <UnitMeasure>מ"ל</UnitMeasure>
      <BisWeighted>0</BisWeighted>
      <QtyInPackage>1</QtyInPackage>
      <ItemPrice>7.20</ItemPrice>
      <UnitOfMeasurePrice>0.48</UnitOfMeasurePrice>
      <AllowDiscount>1</AllowDiscount>
      <itemStatus>1</itemStatus>
      <LastUpdateDate />
      <LastUpdateTime />
    </Product>
    <Product>
      <PriceUpdateDate>2018/11/16 11:32</PriceUpdateDate>
      <ItemCode>7290002871484</ItemCode>
      <ItemType>1</ItemType>
      <ItemName>משקה קל תפוזים לייט פריגת (1.5 ליטר)</ItemName>
      <ManufactureName>החברה המרכזית להפצת משקאות בעמ</ManufactureName>
      <ManufactureCountry />
      <ManufactureItemDescription />
      <UnitQty>יח`</UnitQty>
      <Quantity>1500</Quantity>
      <UnitMeasure>מ"ל</UnitMeasure>
      <BisWeighted>0</BisWeighted>
      <QtyInPackage>1</QtyInPackage>
      <ItemPrice>7.20</ItemPrice>
      <UnitOfMeasurePrice>0.48</UnitOfMeasurePrice>
      <AllowDiscount>1</AllowDiscount>
      <itemStatus>1</itemStatus>
      <LastUpdateDate />
      <LastUpdateTime />
    </Product>
    <Product>
      <PriceUpdateDate>2018/11/16 11:32</PriceUpdateDate>
      <ItemCode>7290002871491</ItemCode>
      <ItemType>1</ItemType>
      <ItemName>משקה קל דיאט אשכוליות פריגת (1.5 ליטר)</ItemName>
      <ManufactureName>החברה המרכזית להפצת משקאות בעמ</ManufactureName>
      <ManufactureCountry />
      <ManufactureItemDescription />
      <UnitQty>יח`</UnitQty>
      <Quantity>1500</Quantity>
      <UnitMeasure>מ"ל</UnitMeasure>
      <BisWeighted>0</BisWeighted>
      <QtyInPackage>1</QtyInPackage>
      <ItemPrice>7.20</ItemPrice>
      <UnitOfMeasurePrice>0.48</UnitOfMeasurePrice>
      <AllowDiscount>1</AllowDiscount>
      <itemStatus>1</itemStatus>
      <LastUpdateDate />
      <LastUpdateTime />
    </Product>
    <Product>
      <PriceUpdateDate>2020/01/14 17:55</PriceUpdateDate>
      <ItemCode>7290002881025</ItemCode>
      <ItemType>1</ItemType>
      <ItemName>סן מורנו מעדן דובדבן חמוץ 284 גר`</ItemName>
      <ManufactureName>תומר יבוא ושיווק מוצרי מזון (1</ManufactureName>
      <ManufactureCountry />
      <ManufactureItemDescription />
      <UnitQty>יח`</UnitQty>
      <Quantity>284</Quantity>
      <UnitMeasure>גרם</UnitMeasure>
      <BisWeighted>0</BisWeighted>
      <QtyInPackage>1</QtyInPackage>
      <ItemPrice>9.90</ItemPrice>
      <UnitOfMeasurePrice>3.49</UnitOfMeasurePrice>
      <AllowDiscount>0</AllowDiscount>
      <itemStatus>1</itemStatus>
      <LastUpdateDate />
      <LastUpdateTime />
    </Product>
    <Product>
      <PriceUpdateDate>2015/05/28 11:29</PriceUpdateDate>
      <ItemCode>7290002881056</ItemCode>
      <ItemType>1</ItemType>
      <ItemName>סן מורנו מעדן משמש 284 גר`</ItemName>
      <ManufactureName>תומר יבוא ושיווק מוצרי מזון (1</ManufactureName>
      <ManufactureCountry />
      <ManufactureItemDescription />
      <UnitQty>יח`</UnitQty>
      <Quantity>284</Quantity>
      <UnitMeasure>גרם</UnitMeasure>
      <BisWeighted>0</BisWeighted>
      <QtyInPackage>1</QtyInPackage>
      <ItemPrice>11.90</ItemPrice>
      <UnitOfMeasurePrice>4.19</UnitOfMeasurePrice>
      <AllowDiscount>0</AllowDiscount>
      <itemStatus>1</itemStatus>
      <LastUpdateDate />
      <LastUpdateTime />
    </Product>
    <Product>
      <PriceUpdateDate>2020/01/14 17:55</PriceUpdateDate>
      <ItemCode>7290002881230</ItemCode>
      <ItemType>1</ItemType>
      <ItemName>אננס חתוך תומר (850 גרם)</ItemName>
      <ManufactureName>תומר יבוא ושיווק מוצרי מזון (1</ManufactureName>
      <ManufactureCountry />
      <ManufactureItemDescription />
      <UnitQty>יח`</UnitQty>
      <Quantity>825</Quantity>
      <UnitMeasure>גרם</UnitMeasure>
      <BisWeighted>0</BisWeighted>
      <QtyInPackage>1</QtyInPackage>
      <ItemPrice>6.90</ItemPrice>
      <UnitOfMeasurePrice>0.84</UnitOfMeasurePrice>
      <AllowDiscount>0</AllowDiscount>
      <itemStatus>1</itemStatus>
      <LastUpdateDate />
      <LastUpdateTime />
    </Product>
    <Product>
      <PriceUpdateDate>2020/01/14 17:55</PriceUpdateDate>
      <ItemCode>7290002881612</ItemCode>
      <ItemType>1</ItemType>
      <ItemName>לפתן דובדבנים חמוצים תומר (680 גרם)</ItemName>
      <ManufactureName>תומר יבוא ושיווק מוצרי מזון (1</ManufactureName>
      <ManufactureCountry />
      <ManufactureItemDescription />
      <UnitQty>יח`</UnitQty>
      <Quantity>680</Quantity>
      <UnitMeasure>גרם</UnitMeasure>
      <BisWeighted>0</BisWeighted>
      <QtyInPackage>1</QtyInPackage>
      <ItemPrice>7.90</ItemPrice>
      <UnitOfMeasurePrice>1.16</UnitOfMeasurePrice>
      <AllowDiscount>0</AllowDiscount>
      <itemStatus>1</itemStatus>
      <LastUpdateDate />
      <LastUpdateTime />
    </Product>
    <Product>
      <PriceUpdateDate>2020/01/14 17:55</PriceUpdateDate>
      <ItemCode>7290002881971</ItemCode>
      <ItemType>1</ItemType>
      <ItemName>סרדין מרוקאי בשמן זית 115 גר`</ItemName>
      <ManufactureName>תומר יבוא ושיווק מוצרי מזון (1</ManufactureName>
      <ManufactureCountry />
      <ManufactureItemDescription />
      <UnitQty>יח`</UnitQty>
      <Quantity>115</Quantity>
      <UnitMeasure>גרם</UnitMeasure>
      <BisWeighted>0</BisWeighted>
      <QtyInPackage>1</QtyInPackage>
      <ItemPrice>4.90</ItemPrice>
      <UnitOfMeasurePrice>4.26</UnitOfMeasurePrice>
      <AllowDiscount>0</AllowDiscount>
      <itemStatus>1</itemStatus>
      <LastUpdateDate />
      <LastUpdateTime />
    </Product>
    <Product>
      <PriceUpdateDate>2020/01/14 17:55</PriceUpdateDate>
      <ItemCode>7290002881988</ItemCode>
      <ItemType>1</ItemType>
      <ItemName>סרדין מרוקאי בשמן ולימון</ItemName>
      <ManufactureName>תומר יבוא ושיווק מוצרי מזון (1</ManufactureName>
      <ManufactureCountry />
      <ManufactureItemDescription />
      <UnitQty>יח`</UnitQty>
      <Quantity>125</Quantity>
      <UnitMeasure>גרם</UnitMeasure>
      <BisWeighted>0</BisWeighted>
      <QtyInPackage>1</QtyInPackage>
      <ItemPrice>3.90</ItemPrice>
      <UnitOfMeasurePrice>3.12</UnitOfMeasurePrice>
      <AllowDiscount>0</AllowDiscount>
      <itemStatus>1</itemStatus>
      <LastUpdateDate />
      <LastUpdateTime />
    </Product>
    <Product>
      <PriceUpdateDate>2019/03/24 12:39</PriceUpdateDate>
      <ItemCode>7290002900566</ItemCode>
      <ItemType>1</ItemType>
      <ItemName>פסטרמה ברביקיו דל שומן 360 גר` טירת צבי</ItemName>
      <ManufactureName>תנובה קפואים</ManufactureName>
      <ManufactureCountry />
      <ManufactureItemDescription />
      <UnitQty>יח`</UnitQty>
      <Quantity>360</Quantity>
      <UnitMeasure>גרם</UnitMeasure>
      <BisWeighted>0</BisWeighted>
      <QtyInPackage>1</QtyInPackage>
      <ItemPrice>31.90</ItemPrice>
      <UnitOfMeasurePrice>8.86</UnitOfMeasurePrice>
      <AllowDiscount>1</AllowDiscount>
      <itemStatus>1</itemStatus>
      <LastUpdateDate />
      <LastUpdateTime />
    </Product>
    <Product>
      <PriceUpdateDate>2018/07/15 07:59</PriceUpdateDate>
      <ItemCode>7290002909576</ItemCode>
      <ItemType>1</ItemType>
      <ItemName>בשר בקר טחון לקציצות ולקבב 500 גר`</ItemName>
      <ManufactureName>בלדי בעמ</ManufactureName>
      <ManufactureCountry />
      <ManufactureItemDescription />
      <UnitQty>יח`</UnitQty>
      <Quantity>500</Quantity>
      <UnitMeasure>גרם</UnitMeasure>
      <BisWeighted>0</BisWeighted>
      <QtyInPackage>1</QtyInPackage>
      <ItemPrice>11.90</ItemPrice>
      <UnitOfMeasurePrice>2.38</UnitOfMeasurePrice>
      <AllowDiscount>0</AllowDiscount>
      <itemStatus>1</itemStatus>
      <LastUpdateDate />
      <LastUpdateTime />
    </Product>
    <Product>
      <PriceUpdateDate>2018/03/22 11:11</PriceUpdateDate>
      <ItemCode>7290002909880</ItemCode>
      <ItemType>1</ItemType>
      <ItemName>פולי סויה אדממה בלדי (400 גרם)</ItemName>
      <ManufactureName>בלדי בעמ</ManufactureName>
      <ManufactureCountry />
      <ManufactureItemDescription />
      <UnitQty>יח`</UnitQty>
      <Quantity>400</Quantity>
      <UnitMeasure>גרם</UnitMeasure>
      <BisWeighted>0</BisWeighted>
      <QtyInPackage>1</QtyInPackage>
      <ItemPrice>5</ItemPrice>
      <UnitOfMeasurePrice>1.25</UnitOfMeasurePrice>
      <AllowDiscount>0</AllowDiscount>
      <itemStatus>1</itemStatus>
      <LastUpdateDate />
      <LastUpdateTime />
    </Product>
    <Product>
      <PriceUpdateDate>2015/06/08 11:17</PriceUpdateDate>
      <ItemCode>7290002929642</ItemCode>
      <ItemType>1</ItemType>
      <ItemName>נתחי טונה בהירה בשמן ויליגר (140x4 גרם)</ItemName>
      <ManufactureName>נטו מלינדה סחר בעמ</ManufactureName>
      <ManufactureCountry />
      <ManufactureItemDescription />
      <UnitQty>יח`</UnitQty>
      <Quantity>460</Quantity>
      <UnitMeasure>גרם</UnitMeasure>
      <BisWeighted>0</BisWeighted>
      <QtyInPackage>1</QtyInPackage>
      <ItemPrice>19.90</ItemPrice>
      <UnitOfMeasurePrice>4.33</UnitOfMeasurePrice>
      <AllowDiscount>1</AllowDiscount>
      <itemStatus>1</itemStatus>
      <LastUpdateDate />
      <LastUpdateTime />
    </Product>
    <Product>
      <PriceUpdateDate>2017/02/09 09:11</PriceUpdateDate>
      <ItemCode>7290002954026</ItemCode>
      <ItemType>1</ItemType>
      <ItemName>שמן תירס 3 ליטר - שוקחא</ItemName>
      <ManufactureName>בני ג`ורג` שוקחה (חיפה) בעמ</ManufactureName>
      <ManufactureCountry />
      <ManufactureItemDescription />
      <UnitQty>יח`</UnitQty>
      <Quantity>3</Quantity>
      <UnitMeasure>1 ליטר</UnitMeasure>
      <BisWeighted>0</BisWeighted>
      <QtyInPackage>1</QtyInPackage>
      <ItemPrice>25.90</ItemPrice>
      <UnitOfMeasurePrice>8.63</UnitOfMeasurePrice>
      <AllowDiscount>0</AllowDiscount>
      <itemStatus>1</itemStatus>
      <LastUpdateDate />
      <LastUpdateTime />
    </Product>
    <Product>
      <PriceUpdateDate>2018/07/12 08:19</PriceUpdateDate>
      <ItemCode>7290002954040</ItemCode>
      <ItemType>1</ItemType>
      <ItemName>שמן תירס 1 ליטר שוקחה</ItemName>
      <ManufactureName>בני ג`ורג` שוקחה (חיפה) בעמ</ManufactureName>
      <ManufactureCountry />
      <ManufactureItemDescription />
      <UnitQty>יח`</UnitQty>
      <Quantity>1</Quantity>
      <UnitMeasure />
      <BisWeighted>0</BisWeighted>
      <QtyInPackage>1</QtyInPackage>
      <ItemPrice>8.90</ItemPrice>
      <UnitOfMeasurePrice>8.90</UnitOfMeasurePrice>
      <AllowDiscount>0</AllowDiscount>
      <itemStatus>1</itemStatus>
      <LastUpdateDate />
      <LastUpdateTime />
    </Product>
    <Product>
      <PriceUpdateDate>2018/08/12 12:25</PriceUpdateDate>
      <ItemCode>7290002954187</ItemCode>
      <ItemType>1</ItemType>
      <ItemName>אורז יסמין שוקחה (5 קג)</ItemName>
      <ManufactureName>בני ג`ורג` שוקחה (חיפה) בעמ</ManufactureName>
      <ManufactureCountry />
      <ManufactureItemDescription />
      <UnitQty>יח`</UnitQty>
      <Quantity>5</Quantity>
      <UnitMeasure>ק"ג</UnitMeasure>
      <BisWeighted>0</BisWeighted>
      <QtyInPackage>1</QtyInPackage>
      <ItemPrice>42.90</ItemPrice>
      <UnitOfMeasurePrice>8.58</UnitOfMeasurePrice>
      <AllowDiscount>0</AllowDiscount>
      <itemStatus>1</itemStatus>
      <LastUpdateDate />
      <LastUpdateTime />
    </Product>
    <Product>
      <PriceUpdateDate>2011/12/13 08:27</PriceUpdateDate>
      <ItemCode>7290002987963</ItemCode>
      <ItemType>1</ItemType>
      <ItemName>חומוס אחלה 1 קג</ItemName>
      <ManufactureName>שטראוס גרופ בעמ/מצונן</ManufactureName>
      <ManufactureCountry />
      <ManufactureItemDescription />
      <UnitQty>יח`</UnitQty>
      <Quantity>10000</Quantity>
      <UnitMeasure>גרם</UnitMeasure>
      <BisWeighted>0</BisWeighted>
      <QtyInPackage>1</QtyInPackage>
      <ItemPrice>13.90</ItemPrice>
      <UnitOfMeasurePrice>0.14</UnitOfMeasurePrice>
      <AllowDiscount>0</AllowDiscount>
      <itemStatus>1</itemStatus>
      <LastUpdateDate />
      <LastUpdateTime />
    </Product>
    <Product>
      <PriceUpdateDate>2015/12/02 13:38</PriceUpdateDate>
      <ItemCode>7290003009312</ItemCode>
      <ItemType>1</ItemType>
      <ItemName>בוטן קלוי קליית גת (200 גרם)</ItemName>
      <ManufactureName>ליימן שליסל בעמ</ManufactureName>
      <ManufactureCountry />
      <ManufactureItemDescription />
      <UnitQty>יח`</UnitQty>
      <Quantity>200</Quantity>
      <UnitMeasure>גרם</UnitMeasure>
      <BisWeighted>0</BisWeighted>
      <QtyInPackage>1</QtyInPackage>
      <ItemPrice>8.90</ItemPrice>
      <UnitOfMeasurePrice>4.45</UnitOfMeasurePrice>
      <AllowDiscount>0</AllowDiscount>
      <itemStatus>1</itemStatus>
      <LastUpdateDate />
      <LastUpdateTime />
    </Product>
    <Product>
      <PriceUpdateDate>2014/12/10 09:19</PriceUpdateDate>
      <ItemCode>7290003009329</ItemCode>
      <ItemType>1</ItemType>
      <ItemName>בוטנים אמריקאיים קליית גת (200 גרם)</ItemName>
      <ManufactureName>ליימן שליסל בעמ</ManufactureName>
      <ManufactureCountry />
      <ManufactureItemDescription />
      <UnitQty>יח`</UnitQty>
      <Quantity>200</Quantity>
      <UnitMeasure>גרם</UnitMeasure>
      <BisWeighted>0</BisWeighted>
      <QtyInPackage>1</QtyInPackage>
      <ItemPrice>6.90</ItemPrice>
      <UnitOfMeasurePrice>3.45</UnitOfMeasurePrice>
      <AllowDiscount>1</AllowDiscount>
      <itemStatus>1</itemStatus>
      <LastUpdateDate />
      <LastUpdateTime />
    </Product>
    <Product>
      <PriceUpdateDate>2014/12/10 09:19</PriceUpdateDate>
      <ItemCode>7290003009336</ItemCode>
      <ItemType>1</ItemType>
      <ItemName>קבוקים קליית גת (200 גרם)</ItemName>
      <ManufactureName>ליימן שליסל בעמ</ManufactureName>
      <ManufactureCountry />
      <ManufactureItemDescription />
      <UnitQty>יח`</UnitQty>
      <Quantity>200</Quantity>
      <UnitMeasure>גרם</UnitMeasure>
      <BisWeighted>0</BisWeighted>
      <QtyInPackage>1</QtyInPackage>
      <ItemPrice>6.90</ItemPrice>
      <UnitOfMeasurePrice>3.45</UnitOfMeasurePrice>
      <AllowDiscount>1</AllowDiscount>
      <itemStatus>1</itemStatus>
      <LastUpdateDate />
      <LastUpdateTime />
    </Product>
    <Product>
      <PriceUpdateDate>2018/11/16 11:32</PriceUpdateDate>
      <ItemCode>7290003009572</ItemCode>
      <ItemType>1</ItemType>
      <ItemName>סירופ 1.5 פריגת</ItemName>
      <ManufactureName>החברה המרכזית להפצת משקאות בעמ</ManufactureName>
      <ManufactureCountry />
      <ManufactureItemDescription />
      <UnitQty>יח`</UnitQty>
      <Quantity>1.50</Quantity>
      <UnitMeasure>1 ליטר</UnitMeasure>
      <BisWeighted>0</BisWeighted>
      <QtyInPackage>1</QtyInPackage>
      <ItemPrice>22.90</ItemPrice>
      <UnitOfMeasurePrice>15.27</UnitOfMeasurePrice>
      <AllowDiscount>0</AllowDiscount>
      <itemStatus>1</itemStatus>
      <LastUpdateDate />
      <LastUpdateTime />
    </Product>
    <Product>
      <PriceUpdateDate>2018/11/16 11:32</PriceUpdateDate>
      <ItemCode>7290003009619</ItemCode>
      <ItemType>1</ItemType>
      <ItemName>סירופ ענבים פריגת (1.5 ליטר)</ItemName>
      <ManufactureName>החברה המרכזית להפצת משקאות בעמ</ManufactureName>
      <ManufactureCountry />
      <ManufactureItemDescription />
      <UnitQty>יח`</UnitQty>
      <Quantity>1.50</Quantity>
      <UnitMeasure>1 ליטר</UnitMeasure>
      <BisWeighted>0</BisWeighted>
      <QtyInPackage>1</QtyInPackage>
      <ItemPrice>22.90</ItemPrice>
      <UnitOfMeasurePrice>15.27</UnitOfMeasurePrice>
      <AllowDiscount>0</AllowDiscount>
      <itemStatus>1</itemStatus>
      <LastUpdateDate />
      <LastUpdateTime />
    </Product>
    <Product>
      <PriceUpdateDate>2018/11/16 11:32</PriceUpdateDate>
      <ItemCode>7290003009626</ItemCode>
      <ItemType>1</ItemType>
      <ItemName>סירופ 1.5 פריגת</ItemName>
      <ManufactureName>החברה המרכזית להפצת משקאות בעמ</ManufactureName>
      <ManufactureCountry />
      <ManufactureItemDescription />
      <UnitQty>יח`</UnitQty>
      <Quantity>1.50</Quantity>
      <UnitMeasure>1 ליטר</UnitMeasure>
      <BisWeighted>0</BisWeighted>
      <QtyInPackage>1</QtyInPackage>
      <ItemPrice>22.90</ItemPrice>
      <UnitOfMeasurePrice>15.27</UnitOfMeasurePrice>
      <AllowDiscount>0</AllowDiscount>
      <itemStatus>1</itemStatus>
      <LastUpdateDate />
      <LastUpdateTime />
    </Product>
    <Product>
      <PriceUpdateDate>2018/11/16 11:32</PriceUpdateDate>
      <ItemCode>7290003009633</ItemCode>
      <ItemType>1</ItemType>
      <ItemName>סירופ לימון פריגת (1.5 ליטר)</ItemName>
      <ManufactureName>החברה המרכזית להפצת משקאות בעמ</ManufactureName>
      <ManufactureCountry />
      <ManufactureItemDescription />
      <UnitQty>יח`</UnitQty>
      <Quantity>1.50</Quantity>
      <UnitMeasure>1 ליטר</UnitMeasure>
      <BisWeighted>0</BisWeighted>
      <QtyInPackage>1</QtyInPackage>
      <ItemPrice>22.90</ItemPrice>
      <UnitOfMeasurePrice>15.27</UnitOfMeasurePrice>
      <AllowDiscount>0</AllowDiscount>
      <itemStatus>1</itemStatus>
      <LastUpdateDate />
      <LastUpdateTime />
    </Product>
    <Product>
      <PriceUpdateDate>2015/01/29 12:00</PriceUpdateDate>
      <ItemCode>7290003009640</ItemCode>
      <ItemType>1</ItemType>
      <ItemName>מיץ סחוט תפוזים טבעי פריגת (1 ליטר)</ItemName>
      <ManufactureName>החב` המרכזית - טרה</ManufactureName>
      <ManufactureCountry />
      <ManufactureItemDescription />
      <UnitQty>יח`</UnitQty>
      <Quantity>1000</Quantity>
      <UnitMeasure>מ"ל</UnitMeasure>
      <BisWeighted>0</BisWeighted>
      <QtyInPackage>1</QtyInPackage>
      <ItemPrice>16</ItemPrice>
      <UnitOfMeasurePrice>1.57</UnitOfMeasurePrice>
      <AllowDiscount>0</AllowDiscount>
      <itemStatus>1</itemStatus>
      <LastUpdateDate />
      <LastUpdateTime />
    </Product>
    <Product>
      <PriceUpdateDate>2019/04/29 10:59</PriceUpdateDate>
      <ItemCode>7290003015627</ItemCode>
      <ItemType>1</ItemType>
      <ItemName>ריצפז פרש 2 ליטר אפרסק</ItemName>
      <ManufactureName>החברה הדרומית לשיווק בעמ</ManufactureName>
      <ManufactureCountry />
      <ManufactureItemDescription />
      <UnitQty>יח`</UnitQty>
      <Quantity>2</Quantity>
      <UnitMeasure>1 ליטר</UnitMeasure>
      <BisWeighted>0</BisWeighted>
      <QtyInPackage>1</QtyInPackage>
      <ItemPrice>21.90</ItemPrice>
      <UnitOfMeasurePrice>10.95</UnitOfMeasurePrice>
      <AllowDiscount>1</AllowDiscount>
      <itemStatus>1</itemStatus>
      <LastUpdateDate />
      <LastUpdateTime />
    </Product>
    <Product>
      <PriceUpdateDate>2019/04/29 10:59</PriceUpdateDate>
      <ItemCode>7290003015634</ItemCode>
      <ItemType>1</ItemType>
      <ItemName>ריצפז פרש 2 ליטר פסיפלורה</ItemName>
      <ManufactureName>החברה הדרומית לשיווק בעמ</ManufactureName>
      <ManufactureCountry />
      <ManufactureItemDescription />
      <UnitQty>יח`</UnitQty>
      <Quantity>2</Quantity>
      <UnitMeasure>1 ליטר</UnitMeasure>
      <BisWeighted>0</BisWeighted>
      <QtyInPackage>1</QtyInPackage>
      <ItemPrice>21.90</ItemPrice>
      <UnitOfMeasurePrice>10.95</UnitOfMeasurePrice>
      <AllowDiscount>1</AllowDiscount>
      <itemStatus>1</itemStatus>
      <LastUpdateDate />
      <LastUpdateTime />
    </Product>
    <Product>
      <PriceUpdateDate>2019/04/29 10:59</PriceUpdateDate>
      <ItemCode>7290003015641</ItemCode>
      <ItemType>1</ItemType>
      <ItemName>ריצפז פרש 2 ליטר יסמין</ItemName>
      <ManufactureName>החברה הדרומית לשיווק בעמ</ManufactureName>
      <ManufactureCountry />
      <ManufactureItemDescription />
      <UnitQty>יח`</UnitQty>
      <Quantity>2</Quantity>
      <UnitMeasure>1 ליטר</UnitMeasure>
      <BisWeighted>0</BisWeighted>
      <QtyInPackage>1</QtyInPackage>
      <ItemPrice>21.90</ItemPrice>
      <UnitOfMeasurePrice>10.95</UnitOfMeasurePrice>
      <AllowDiscount>1</AllowDiscount>
      <itemStatus>1</itemStatus>
      <LastUpdateDate />
      <LastUpdateTime />
    </Product>
    <Product>
      <PriceUpdateDate>2015/12/01 20:58</PriceUpdateDate>
      <ItemCode>7290003015917</ItemCode>
      <ItemType>1</ItemType>
      <ItemName>סנומט מגן רולאון 50 מל</ItemName>
      <ManufactureName>החברה הדרומית לשיווק בעמ</ManufactureName>
      <ManufactureCountry />
      <ManufactureItemDescription />
      <UnitQty>יח`</UnitQty>
      <Quantity>50</Quantity>
      <UnitMeasure>מ"ל</UnitMeasure>
      <BisWeighted>0</BisWeighted>
      <QtyInPackage>1</QtyInPackage>
      <ItemPrice>21.90</ItemPrice>
      <UnitOfMeasurePrice>43.80</UnitOfMeasurePrice>
      <AllowDiscount>0</AllowDiscount>
      <itemStatus>1</itemStatus>
      <LastUpdateDate />
      <LastUpdateTime />
    </Product>
    <Product>
      <PriceUpdateDate>2015/07/09 10:41</PriceUpdateDate>
      <ItemCode>7290003023165</ItemCode>
      <ItemType>1</ItemType>
      <ItemName>שוקו 2% יטבתה (2 ליטר)</ItemName>
      <ManufactureName>שטראוס גרופ בעמ/מצונן</ManufactureName>
      <ManufactureCountry />
      <ManufactureItemDescription />
      <UnitQty>יח`</UnitQty>
      <Quantity>2</Quantity>
      <UnitMeasure>1 ליטר</UnitMeasure>
      <BisWeighted>0</BisWeighted>
      <QtyInPackage>1</QtyInPackage>
      <ItemPrice>20</ItemPrice>
      <UnitOfMeasurePrice>10</UnitOfMeasurePrice>
      <AllowDiscount>1</AllowDiscount>
      <itemStatus>1</itemStatus>
      <LastUpdateDate />
      <LastUpdateTime />
    </Product>
    <Product>
      <PriceUpdateDate>2015/05/28 11:19</PriceUpdateDate>
      <ItemCode>7290003026036</ItemCode>
      <ItemType>1</ItemType>
      <ItemName>קמיל בלו סנסטיב אל סבון</ItemName>
      <ManufactureName>פישר תעשיות פרמצבטיות בעמ</ManufactureName>
      <ManufactureCountry />
      <ManufactureItemDescription />
      <UnitQty>יח`</UnitQty>
      <Quantity>1</Quantity>
      <UnitMeasure>1 ליטר</UnitMeasure>
      <BisWeighted>0</BisWeighted>
      <QtyInPackage>1</QtyInPackage>
      <ItemPrice>29.90</ItemPrice>
      <UnitOfMeasurePrice>29.90</UnitOfMeasurePrice>
      <AllowDiscount>1</AllowDiscount>
      <itemStatus>1</itemStatus>
      <LastUpdateDate />
      <LastUpdateTime />
    </Product>
    <Product>
      <PriceUpdateDate>2015/05/28 11:19</PriceUpdateDate>
      <ItemCode>7290003026227</ItemCode>
      <ItemType>1</ItemType>
      <ItemName>קמיל בלו סנסטיב אל דמע</ItemName>
      <ManufactureName>פישר תעשיות פרמצבטיות בעמ</ManufactureName>
      <ManufactureCountry />
      <ManufactureItemDescription />
      <UnitQty>יח`</UnitQty>
      <Quantity>1</Quantity>
      <UnitMeasure>1 ליטר</UnitMeasure>
      <BisWeighted>0</BisWeighted>
      <QtyInPackage>1</QtyInPackage>
      <ItemPrice>29.90</ItemPrice>
      <UnitOfMeasurePrice>29.90</UnitOfMeasurePrice>
      <AllowDiscount>1</AllowDiscount>
      <itemStatus>1</itemStatus>
      <LastUpdateDate />
      <LastUpdateTime />
    </Product>
    <Product>
      <PriceUpdateDate>2015/01/13 09:53</PriceUpdateDate>
      <ItemCode>7290003026234</ItemCode>
      <ItemType>1</ItemType>
      <ItemName>תחליב לתינוק קמיל בלו סנסיטיב 500 מל</ItemName>
      <ManufactureName>פישר תעשיות פרמצבטיות בעמ</ManufactureName>
      <ManufactureCountry />
      <ManufactureItemDescription />
      <UnitQty>יח`</UnitQty>
      <Quantity>500</Quantity>
      <UnitMeasure>מ"ל</UnitMeasure>
      <BisWeighted>0</BisWeighted>
      <QtyInPackage>1</QtyInPackage>
      <ItemPrice>29.90</ItemPrice>
      <UnitOfMeasurePrice>5.98</UnitOfMeasurePrice>
      <AllowDiscount>0</AllowDiscount>
      <itemStatus>1</itemStatus>
      <LastUpdateDate />
      <LastUpdateTime />
    </Product>
    <Product>
      <PriceUpdateDate>2015/07/09 10:41</PriceUpdateDate>
      <ItemCode>7290003029181</ItemCode>
      <ItemType>1</ItemType>
      <ItemName>שוקו 2% בבקבוק יטבתה (1 ליטר)</ItemName>
      <ManufactureName>שטראוס גרופ בעמ/מצונן</ManufactureName>
      <ManufactureCountry />
      <ManufactureItemDescription />
      <UnitQty>יח`</UnitQty>
      <Quantity>1</Quantity>
      <UnitMeasure>1 ליטר</UnitMeasure>
      <BisWeighted>0</BisWeighted>
      <QtyInPackage>1</QtyInPackage>
      <ItemPrice>11.60</ItemPrice>
      <UnitOfMeasurePrice>11.60</UnitOfMeasurePrice>
      <AllowDiscount>0</AllowDiscount>
      <itemStatus>1</itemStatus>
      <LastUpdateDate />
      <LastUpdateTime />
    </Product>
    <Product>
      <PriceUpdateDate>2015/07/09 10:41</PriceUpdateDate>
      <ItemCode>7290003029372</ItemCode>
      <ItemType>1</ItemType>
      <ItemName>משקה חלב בטעם בננה 2% יטבתה (1 ליטר</ItemName>
      <ManufactureName>שטראוס גרופ בעמ/מצונן</ManufactureName>
      <ManufactureCountry />
      <ManufactureItemDescription />
      <UnitQty>יח`</UnitQty>
      <Quantity>1</Quantity>
      <UnitMeasure>1 ליטר</UnitMeasure>
      <BisWeighted>0</BisWeighted>
      <QtyInPackage>1</QtyInPackage>
      <ItemPrice>11.60</ItemPrice>
      <UnitOfMeasurePrice>11.60</UnitOfMeasurePrice>
      <AllowDiscount>0</AllowDiscount>
      <itemStatus>1</itemStatus>
      <LastUpdateDate />
      <LastUpdateTime />
    </Product>
    <Product>
      <PriceUpdateDate>2013/12/31 12:18</PriceUpdateDate>
      <ItemCode>7290003029389</ItemCode>
      <ItemType>1</ItemType>
      <ItemName>שוקו בננה בקבוק</ItemName>
      <ManufactureName>שטראוס גרופ בעמ/מצונן</ManufactureName>
      <ManufactureCountry />
      <ManufactureItemDescription />
      <UnitQty>יח`</UnitQty>
      <Quantity>250</Quantity>
      <UnitMeasure>מ"ל</UnitMeasure>
      <BisWeighted>0</BisWeighted>
      <QtyInPackage>1</QtyInPackage>
      <ItemPrice>5.30</ItemPrice>
      <UnitOfMeasurePrice>2.12</UnitOfMeasurePrice>
      <AllowDiscount>0</AllowDiscount>
      <itemStatus>1</itemStatus>
      <LastUpdateDate />
      <LastUpdateTime />
    </Product>
    <Product>
      <PriceUpdateDate>2013/12/31 12:18</PriceUpdateDate>
      <ItemCode>7290003029433</ItemCode>
      <ItemType>1</ItemType>
      <ItemName>שוקו 2% עם פקק ספורט יטבתה (250 מל)</ItemName>
      <ManufactureName>שטראוס גרופ בעמ/מצונן</ManufactureName>
      <ManufactureCountry />
      <ManufactureItemDescription />
      <UnitQty>יח`</UnitQty>
      <Quantity>250</Quantity>
      <UnitMeasure>מ"ל</UnitMeasure>
      <BisWeighted>0</BisWeighted>
      <QtyInPackage>1</QtyInPackage>
      <ItemPrice>5.30</ItemPrice>
      <UnitOfMeasurePrice>2.12</UnitOfMeasurePrice>
      <AllowDiscount>0</AllowDiscount>
      <itemStatus>1</itemStatus>
      <LastUpdateDate />
      <LastUpdateTime />
    </Product>
    <Product>
      <PriceUpdateDate>2015/07/09 10:41</PriceUpdateDate>
      <ItemCode>7290003029532</ItemCode>
      <ItemType>1</ItemType>
      <ItemName>משקה מוקה 2% יטבתה (1 ליטר) פיקו</ItemName>
      <ManufactureName>שטראוס גרופ בעמ/מצונן</ManufactureName>
      <ManufactureCountry />
      <ManufactureItemDescription />
      <UnitQty>יח`</UnitQty>
      <Quantity>1</Quantity>
      <UnitMeasure>1 ליטר</UnitMeasure>
      <BisWeighted>0</BisWeighted>
      <QtyInPackage>1</QtyInPackage>
      <ItemPrice>11.60</ItemPrice>
      <UnitOfMeasurePrice>11.60</UnitOfMeasurePrice>
      <AllowDiscount>0</AllowDiscount>
      <itemStatus>1</itemStatus>
      <LastUpdateDate />
      <LastUpdateTime />
    </Product>
    <Product>
      <PriceUpdateDate>2013/12/31 12:18</PriceUpdateDate>
      <ItemCode>7290003029617</ItemCode>
      <ItemType>1</ItemType>
      <ItemName>שמנת חמוצה 15% יטבתה (100 מל)</ItemName>
      <ManufactureName>שטראוס גרופ בעמ/מצונן</ManufactureName>
      <ManufactureCountry />
      <ManufactureItemDescription />
      <UnitQty>יח`</UnitQty>
      <Quantity>125</Quantity>
      <UnitMeasure>מ"ל</UnitMeasure>
      <BisWeighted>0</BisWeighted>
      <QtyInPackage>1</QtyInPackage>
      <ItemPrice>1.90</ItemPrice>
      <UnitOfMeasurePrice>1.52</UnitOfMeasurePrice>
      <AllowDiscount>0</AllowDiscount>
      <itemStatus>1</itemStatus>
      <LastUpdateDate />
      <LastUpdateTime />
    </Product>
    <Product>
      <PriceUpdateDate>2014/07/17 12:41</PriceUpdateDate>
      <ItemCode>7290003029792</ItemCode>
      <ItemType>1</ItemType>
      <ItemName>שוקו 2% יטבתה (225x8 מל)</ItemName>
      <ManufactureName>שטראוס גרופ בעמ/מצונן</ManufactureName>
      <ManufactureCountry />
      <ManufactureItemDescription />
      <UnitQty>יח`</UnitQty>
      <Quantity>1.80</Quantity>
      <UnitMeasure>1 ליטר</UnitMeasure>
      <BisWeighted>0</BisWeighted>
      <QtyInPackage>1</QtyInPackage>
      <ItemPrice>19.90</ItemPrice>
      <UnitOfMeasurePrice>11.06</UnitOfMeasurePrice>
      <AllowDiscount>0</AllowDiscount>
      <itemStatus>1</itemStatus>
      <LastUpdateDate />
      <LastUpdateTime />
    </Product>
    <Product>
      <PriceUpdateDate>2015/12/30 12:25</PriceUpdateDate>
      <ItemCode>7290003029815</ItemCode>
      <ItemType>1</ItemType>
      <ItemName>חלב מועשר 3% בכד יטבתה 2 ליטר</ItemName>
      <ManufactureName>שטראוס גרופ בעמ/מצונן</ManufactureName>
      <ManufactureCountry />
      <ManufactureItemDescription />
      <UnitQty>יח`</UnitQty>
      <Quantity>2000</Quantity>
      <UnitMeasure>מ"ל</UnitMeasure>
      <BisWeighted>0</BisWeighted>
      <QtyInPackage>1</QtyInPackage>
      <ItemPrice>14.90</ItemPrice>
      <UnitOfMeasurePrice>0.75</UnitOfMeasurePrice>
      <AllowDiscount>0</AllowDiscount>
      <itemStatus>1</itemStatus>
      <LastUpdateDate />
      <LastUpdateTime />
    </Product>
    <Product>
      <PriceUpdateDate>2015/07/09 10:41</PriceUpdateDate>
      <ItemCode>7290003029907</ItemCode>
      <ItemType>1</ItemType>
      <ItemName>משקה חלב אייס קפה 2% יטבתה (1 ליטר פ</ItemName>
      <ManufactureName>שטראוס גרופ בעמ/מצונן</ManufactureName>
      <ManufactureCountry />
      <ManufactureItemDescription />
      <UnitQty>יח`</UnitQty>
      <Quantity>1</Quantity>
      <UnitMeasure>1 ליטר</UnitMeasure>
      <BisWeighted>0</BisWeighted>
      <QtyInPackage>1</QtyInPackage>
      <ItemPrice>11.60</ItemPrice>
      <UnitOfMeasurePrice>11.60</UnitOfMeasurePrice>
      <AllowDiscount>0</AllowDiscount>
      <itemStatus>1</itemStatus>
      <LastUpdateDate />
      <LastUpdateTime />
    </Product>
    <Product>
      <PriceUpdateDate>2015/02/04 12:51</PriceUpdateDate>
      <ItemCode>7290003031733</ItemCode>
      <ItemType>1</ItemType>
      <ItemName>פסטרמה גחלים מחפוד 400 גר` טירת צבי</ItemName>
      <ManufactureName>תנובה קפואים</ManufactureName>
      <ManufactureCountry />
      <ManufactureItemDescription />
      <UnitQty>יח`</UnitQty>
      <Quantity>400</Quantity>
      <UnitMeasure>גרם</UnitMeasure>
      <BisWeighted>0</BisWeighted>
      <QtyInPackage>1</QtyInPackage>
      <ItemPrice>34.90</ItemPrice>
      <UnitOfMeasurePrice>8.73</UnitOfMeasurePrice>
      <AllowDiscount>0</AllowDiscount>
      <itemStatus>1</itemStatus>
      <LastUpdateDate />
      <LastUpdateTime />
    </Product>
    <Product>
      <PriceUpdateDate>2014/12/25 14:10</PriceUpdateDate>
      <ItemCode>7290003031740</ItemCode>
      <ItemType>1</ItemType>
      <ItemName>פסטרמה בדבש מחפוד 400  גר`טירת צבי</ItemName>
      <ManufactureName>תנובה קפואים</ManufactureName>
      <ManufactureCountry />
      <ManufactureItemDescription />
      <UnitQty>יח`</UnitQty>
      <Quantity>400</Quantity>
      <UnitMeasure>גרם</UnitMeasure>
      <BisWeighted>0</BisWeighted>
      <QtyInPackage>1</QtyInPackage>
      <ItemPrice>34.90</ItemPrice>
      <UnitOfMeasurePrice>8.73</UnitOfMeasurePrice>
      <AllowDiscount>0</AllowDiscount>
      <itemStatus>1</itemStatus>
      <LastUpdateDate />
      <LastUpdateTime />
    </Product>
    <Product>
      <PriceUpdateDate>2019/11/03 09:12</PriceUpdateDate>
      <ItemCode>7290003031788</ItemCode>
      <ItemType>1</ItemType>
      <ItemName>צמד כפרי 800  גר`מחפוד טירת צבי</ItemName>
      <ManufactureName>תנובה קפואים</ManufactureName>
      <ManufactureCountry />
      <ManufactureItemDescription />
      <UnitQty>יח`</UnitQty>
      <Quantity>800</Quantity>
      <UnitMeasure>גרם</UnitMeasure>
      <BisWeighted>0</BisWeighted>
      <QtyInPackage>1</QtyInPackage>
      <ItemPrice>24.90</ItemPrice>
      <UnitOfMeasurePrice>3.11</UnitOfMeasurePrice>
      <AllowDiscount>0</AllowDiscount>
      <itemStatus>1</itemStatus>
      <LastUpdateDate />
      <LastUpdateTime />
    </Product>
    <Product>
      <PriceUpdateDate>2018/12/30 14:18</PriceUpdateDate>
      <ItemCode>7290003047642</ItemCode>
      <ItemType>1</ItemType>
      <ItemName>תה ילו לייבל ליפטון (100)</ItemName>
      <ManufactureName>יוניליוור ישראל שיווק בעמ</ManufactureName>
      <ManufactureCountry />
      <ManufactureItemDescription />
      <UnitQty>יח`</UnitQty>
      <Quantity>150</Quantity>
      <UnitMeasure>גרם</UnitMeasure>
      <BisWeighted>0</BisWeighted>
      <QtyInPackage>1</QtyInPackage>
      <ItemPrice>11.90</ItemPrice>
      <UnitOfMeasurePrice>7.93</UnitOfMeasurePrice>
      <AllowDiscount>1</AllowDiscount>
      <itemStatus>1</itemStatus>
      <LastUpdateDate />
      <LastUpdateTime />
    </Product>
    <Product>
      <PriceUpdateDate>2015/05/03 12:13</PriceUpdateDate>
      <ItemCode>7290003054657</ItemCode>
      <ItemType>1</ItemType>
      <ItemName>חרדל דיז`ון ריין דה דיז`ון (370 גרם)</ItemName>
      <ManufactureName>דיפלומט היינץ</ManufactureName>
      <ManufactureCountry />
      <ManufactureItemDescription />
      <UnitQty>יח`</UnitQty>
      <Quantity>370</Quantity>
      <UnitMeasure>גרם</UnitMeasure>
      <BisWeighted>0</BisWeighted>
      <QtyInPackage>1</QtyInPackage>
      <ItemPrice>11.90</ItemPrice>
      <UnitOfMeasurePrice>3.22</UnitOfMeasurePrice>
      <AllowDiscount>0</AllowDiscount>
      <itemStatus>1</itemStatus>
      <LastUpdateDate />
      <LastUpdateTime />
    </Product>
    <Product>
      <PriceUpdateDate>2015/03/03 16:32</PriceUpdateDate>
      <ItemCode>7290003069682</ItemCode>
      <ItemType>1</ItemType>
      <ItemName>בצק פילאס תורכי שלושת האופים (500 גרם)</ItemName>
      <ManufactureName>נטו מלינדה סחר בעמ</ManufactureName>
      <ManufactureCountry />
      <ManufactureItemDescription />
      <UnitQty>יח`</UnitQty>
      <Quantity>500</Quantity>
      <UnitMeasure>גרם</UnitMeasure>
      <BisWeighted>0</BisWeighted>
      <QtyInPackage>1</QtyInPackage>
      <ItemPrice>19.90</ItemPrice>
      <UnitOfMeasurePrice>3.98</UnitOfMeasurePrice>
      <AllowDiscount>1</AllowDiscount>
      <itemStatus>1</itemStatus>
      <LastUpdateDate />
      <LastUpdateTime />
    </Product>
    <Product>
      <PriceUpdateDate>2019/12/15 12:32</PriceUpdateDate>
      <ItemCode>7290003069705</ItemCode>
      <ItemType>1</ItemType>
      <ItemName>פיצה אישית גבינה תפזורת</ItemName>
      <ManufactureName>נטו מלינדה סחר בעמ</ManufactureName>
      <ManufactureCountry />
      <ManufactureItemDescription />
      <UnitQty>יח`</UnitQty>
      <Quantity>80</Quantity>
      <UnitMeasure>גרם</UnitMeasure>
      <BisWeighted>0</BisWeighted>
      <QtyInPackage>1</QtyInPackage>
      <ItemPrice>2.50</ItemPrice>
      <UnitOfMeasurePrice>3.13</UnitOfMeasurePrice>
      <AllowDiscount>0</AllowDiscount>
      <itemStatus>1</itemStatus>
      <LastUpdateDate />
      <LastUpdateTime />
    </Product>
    <Product>
      <PriceUpdateDate>2015/11/30 15:02</PriceUpdateDate>
      <ItemCode>7290003102136</ItemCode>
      <ItemType>1</ItemType>
      <ItemName>צמר גפן קוטון סופט (100 גרם)</ItemName>
      <ManufactureName>אינטרסן 1996 בעמ</ManufactureName>
      <ManufactureCountry />
      <ManufactureItemDescription />
      <UnitQty>יח`</UnitQty>
      <Quantity>1</Quantity>
      <UnitMeasure />
      <BisWeighted>0</BisWeighted>
      <QtyInPackage>1</QtyInPackage>
      <ItemPrice>4.90</ItemPrice>
      <UnitOfMeasurePrice>4.90</UnitOfMeasurePrice>
      <AllowDiscount>0</AllowDiscount>
      <itemStatus>1</itemStatus>
      <LastUpdateDate />
      <LastUpdateTime />
    </Product>
    <Product>
      <PriceUpdateDate>2013/12/31 12:19</PriceUpdateDate>
      <ItemCode>7290003102280</ItemCode>
      <ItemType>1</ItemType>
      <ItemName>צמרוני אוזניים עם שסתום טוליפס (55)</ItemName>
      <ManufactureName>אינטרסן 1996 בעמ</ManufactureName>
      <ManufactureCountry />
      <ManufactureItemDescription />
      <UnitQty>יח`</UnitQty>
      <Quantity>1</Quantity>
      <UnitMeasure>יח`</UnitMeasure>
      <BisWeighted>0</BisWeighted>
      <QtyInPackage>1</QtyInPackage>
      <ItemPrice>3.90</ItemPrice>
      <UnitOfMeasurePrice>3.90</UnitOfMeasurePrice>
      <AllowDiscount>0</AllowDiscount>
      <itemStatus>1</itemStatus>
      <LastUpdateDate />
      <LastUpdateTime />
    </Product>
    <Product>
      <PriceUpdateDate>2014/08/18 08:46</PriceUpdateDate>
      <ItemCode>7290003107216</ItemCode>
      <ItemType>1</ItemType>
      <ItemName>קמח לבן בהיר 1 קג דגן מוביל</ItemName>
      <ManufactureName>טחנות קמח דגן (2006) בעמ</ManufactureName>
      <ManufactureCountry />
      <ManufactureItemDescription />
      <UnitQty>יח`</UnitQty>
      <Quantity>1</Quantity>
      <UnitMeasure>ק"ג</UnitMeasure>
      <BisWeighted>0</BisWeighted>
      <QtyInPackage>1</QtyInPackage>
      <ItemPrice>4.90</ItemPrice>
      <UnitOfMeasurePrice>4.90</UnitOfMeasurePrice>
      <AllowDiscount>0</AllowDiscount>
      <itemStatus>1</itemStatus>
      <LastUpdateDate />
      <LastUpdateTime />
    </Product>
    <Product>
      <PriceUpdateDate>2014/08/18 08:46</PriceUpdateDate>
      <ItemCode>7290003107223</ItemCode>
      <ItemType>1</ItemType>
      <ItemName>סולת 1 קג דגן מוביל</ItemName>
      <ManufactureName>טחנות קמח דגן (2006) בעמ</ManufactureName>
      <ManufactureCountry />
      <ManufactureItemDescription />
      <UnitQty>יח`</UnitQty>
      <Quantity>1</Quantity>
      <UnitMeasure>ק"ג</UnitMeasure>
      <BisWeighted>0</BisWeighted>
      <QtyInPackage>1</QtyInPackage>
      <ItemPrice>4.90</ItemPrice>
      <UnitOfMeasurePrice>4.90</UnitOfMeasurePrice>
      <AllowDiscount>0</AllowDiscount>
      <itemStatus>1</itemStatus>
      <LastUpdateDate />
      <LastUpdateTime />
    </Product>
    <Product>
      <PriceUpdateDate>2016/08/01 08:25</PriceUpdateDate>
      <ItemCode>7290003107315</ItemCode>
      <ItemType>1</ItemType>
      <ItemName>סולת בשקית טחנת קמח דגן (1 קג)</ItemName>
      <ManufactureName>טחנות קמח דגן (2006) בעמ</ManufactureName>
      <ManufactureCountry />
      <ManufactureItemDescription />
      <UnitQty>יח`</UnitQty>
      <Quantity>1</Quantity>
      <UnitMeasure>ק"ג</UnitMeasure>
      <BisWeighted>0</BisWeighted>
      <QtyInPackage>1</QtyInPackage>
      <ItemPrice>2.90</ItemPrice>
      <UnitOfMeasurePrice>2.90</UnitOfMeasurePrice>
      <AllowDiscount>1</AllowDiscount>
      <itemStatus>1</itemStatus>
      <LastUpdateDate />
      <LastUpdateTime />
    </Product>
    <Product>
      <PriceUpdateDate>2016/08/01 08:25</PriceUpdateDate>
      <ItemCode>7290003107346</ItemCode>
      <ItemType>1</ItemType>
      <ItemName>קמח חיטה לבן בדץ טחנת קמח דגן (1 קג)</ItemName>
      <ManufactureName>טחנות קמח דגן (2006) בעמ</ManufactureName>
      <ManufactureCountry />
      <ManufactureItemDescription />
      <UnitQty>יח`</UnitQty>
      <Quantity>1</Quantity>
      <UnitMeasure>ק"ג</UnitMeasure>
      <BisWeighted>0</BisWeighted>
      <QtyInPackage>1</QtyInPackage>
      <ItemPrice>2.90</ItemPrice>
      <UnitOfMeasurePrice>2.90</UnitOfMeasurePrice>
      <AllowDiscount>1</AllowDiscount>
      <itemStatus>1</itemStatus>
      <LastUpdateDate />
      <LastUpdateTime />
    </Product>
    <Product>
      <PriceUpdateDate>2018/11/16 11:33</PriceUpdateDate>
      <ItemCode>7290003119110</ItemCode>
      <ItemType>1</ItemType>
      <ItemName>מארז קוקה-קולה (1.5x6 ליטר)</ItemName>
      <ManufactureName>החברה המרכזית להפצת משקאות בעמ</ManufactureName>
      <ManufactureCountry />
      <ManufactureItemDescription />
      <UnitQty>יח`</UnitQty>
      <Quantity>9</Quantity>
      <UnitMeasure>1 ליטר</UnitMeasure>
      <BisWeighted>0</BisWeighted>
      <QtyInPackage>1</QtyInPackage>
      <ItemPrice>35.90</ItemPrice>
      <UnitOfMeasurePrice>3.99</UnitOfMeasurePrice>
      <AllowDiscount>0</AllowDiscount>
      <itemStatus>1</itemStatus>
      <LastUpdateDate />
      <LastUpdateTime />
    </Product>
    <Product>
      <PriceUpdateDate>2018/11/16 11:33</PriceUpdateDate>
      <ItemCode>7290003119165</ItemCode>
      <ItemType>1</ItemType>
      <ItemName>מארז דיאט קוקה-קולה (1.5x6 ליטר)</ItemName>
      <ManufactureName>החברה המרכזית להפצת משקאות בעמ</ManufactureName>
      <ManufactureCountry />
      <ManufactureItemDescription />
      <UnitQty>יח`</UnitQty>
      <Quantity>9</Quantity>
      <UnitMeasure>1 ליטר</UnitMeasure>
      <BisWeighted>0</BisWeighted>
      <QtyInPackage>1</QtyInPackage>
      <ItemPrice>35.90</ItemPrice>
      <UnitOfMeasurePrice>3.99</UnitOfMeasurePrice>
      <AllowDiscount>0</AllowDiscount>
      <itemStatus>1</itemStatus>
      <LastUpdateDate />
      <LastUpdateTime />
    </Product>
    <Product>
      <PriceUpdateDate>2014/08/22 08:06</PriceUpdateDate>
      <ItemCode>7290003121083</ItemCode>
      <ItemType>1</ItemType>
      <ItemName>ארוחת נודלס בטעם בשר מג`יק (85 גרם)</ItemName>
      <ManufactureName>נטו מלינדה סחר בעמ</ManufactureName>
      <ManufactureCountry />
      <ManufactureItemDescription />
      <UnitQty>יח`</UnitQty>
      <Quantity>85</Quantity>
      <UnitMeasure>גרם</UnitMeasure>
      <BisWeighted>0</BisWeighted>
      <QtyInPackage>1</QtyInPackage>
      <ItemPrice>2.90</ItemPrice>
      <UnitOfMeasurePrice>3.41</UnitOfMeasurePrice>
      <AllowDiscount>1</AllowDiscount>
      <itemStatus>1</itemStatus>
      <LastUpdateDate />
      <LastUpdateTime />
    </Product>
    <Product>
      <PriceUpdateDate>2014/08/22 08:06</PriceUpdateDate>
      <ItemCode>7290003121090</ItemCode>
      <ItemType>1</ItemType>
      <ItemName>ארוחת נודלס בטעם ירקות מג`יק (85 גרם)</ItemName>
      <ManufactureName>נטו מלינדה סחר בעמ</ManufactureName>
      <ManufactureCountry />
      <ManufactureItemDescription />
      <UnitQty>יח`</UnitQty>
      <Quantity>85</Quantity>
      <UnitMeasure>גרם</UnitMeasure>
      <BisWeighted>0</BisWeighted>
      <QtyInPackage>1</QtyInPackage>
      <ItemPrice>2.90</ItemPrice>
      <UnitOfMeasurePrice>3.41</UnitOfMeasurePrice>
      <AllowDiscount>1</AllowDiscount>
      <itemStatus>1</itemStatus>
      <LastUpdateDate />
      <LastUpdateTime />
    </Product>
    <Product>
      <PriceUpdateDate>2014/08/22 08:06</PriceUpdateDate>
      <ItemCode>7290003121106</ItemCode>
      <ItemType>1</ItemType>
      <ItemName>ארוחת נודלס בטעם עוף מג`יק (85 גרם)</ItemName>
      <ManufactureName>נטו מלינדה סחר בעמ</ManufactureName>
      <ManufactureCountry />
      <ManufactureItemDescription />
      <UnitQty>יח`</UnitQty>
      <Quantity>85</Quantity>
      <UnitMeasure>גרם</UnitMeasure>
      <BisWeighted>0</BisWeighted>
      <QtyInPackage>1</QtyInPackage>
      <ItemPrice>2.90</ItemPrice>
      <UnitOfMeasurePrice>3.41</UnitOfMeasurePrice>
      <AllowDiscount>1</AllowDiscount>
      <itemStatus>1</itemStatus>
      <LastUpdateDate />
      <LastUpdateTime />
    </Product>
    <Product>
      <PriceUpdateDate>2018/10/10 11:10</PriceUpdateDate>
      <ItemCode>7290003126712</ItemCode>
      <ItemType>1</ItemType>
      <ItemName>יוגורט עיזים 3.9% משק צוריאל (150 גרם)</ItemName>
      <ManufactureName>החב` המרכזית - טרה</ManufactureName>
      <ManufactureCountry />
      <ManufactureItemDescription />
      <UnitQty>יח`</UnitQty>
      <Quantity>140</Quantity>
      <UnitMeasure>מ"ל</UnitMeasure>
      <BisWeighted>0</BisWeighted>
      <QtyInPackage>1</QtyInPackage>
      <ItemPrice>6.30</ItemPrice>
      <UnitOfMeasurePrice>4.50</UnitOfMeasurePrice>
      <AllowDiscount>1</AllowDiscount>
      <itemStatus>1</itemStatus>
      <LastUpdateDate />
      <LastUpdateTime />
    </Product>
    <Product>
      <PriceUpdateDate>2017/06/05 11:40</PriceUpdateDate>
      <ItemCode>7290003130184</ItemCode>
      <ItemType>1</ItemType>
      <ItemName>מלח למדיח כלים פיניש (2x2 קג)</ItemName>
      <ManufactureName>רקיט בנקיזר (ניר איסט) בעמ</ManufactureName>
      <ManufactureCountry />
      <ManufactureItemDescription />
      <UnitQty>יח`</UnitQty>
      <Quantity>4</Quantity>
      <UnitMeasure>ק"ג</UnitMeasure>
      <BisWeighted>0</BisWeighted>
      <QtyInPackage>1</QtyInPackage>
      <ItemPrice>25.90</ItemPrice>
      <UnitOfMeasurePrice>6.48</UnitOfMeasurePrice>
      <AllowDiscount>1</AllowDiscount>
      <itemStatus>1</itemStatus>
      <LastUpdateDate />
      <LastUpdateTime />
    </Product>
    <Product>
      <PriceUpdateDate>2015/01/25 12:57</PriceUpdateDate>
      <ItemCode>7290003130344</ItemCode>
      <ItemType>1</ItemType>
      <ItemName>אבקה לניקוי והברקה קלינדה (550x3 גרם)</ItemName>
      <ManufactureName>רקיט בנקיזר (ניר איסט) בעמ</ManufactureName>
      <ManufactureCountry />
      <ManufactureItemDescription />
      <UnitQty>יח`</UnitQty>
      <Quantity>1.65</Quantity>
      <UnitMeasure>ק"ג</UnitMeasure>
      <BisWeighted>0</BisWeighted>
      <QtyInPackage>1</QtyInPackage>
      <ItemPrice>19.90</ItemPrice>
      <UnitOfMeasurePrice>12.06</UnitOfMeasurePrice>
      <AllowDiscount>0</AllowDiscount>
      <itemStatus>1</itemStatus>
      <LastUpdateDate />
      <LastUpdateTime />
    </Product>
    <Product>
      <PriceUpdateDate>2017/03/02 08:13</PriceUpdateDate>
      <ItemCode>7290003140237</ItemCode>
      <ItemType>1</ItemType>
      <ItemName>סילאן בבקבוק לחיץ קליית גת (360 גרם)</ItemName>
      <ManufactureName>ליימן שליסל בעמ</ManufactureName>
      <ManufactureCountry />
      <ManufactureItemDescription />
      <UnitQty>יח`</UnitQty>
      <Quantity>360</Quantity>
      <UnitMeasure>גרם</UnitMeasure>
      <BisWeighted>0</BisWeighted>
      <QtyInPackage>1</QtyInPackage>
      <ItemPrice>14.90</ItemPrice>
      <UnitOfMeasurePrice>4.14</UnitOfMeasurePrice>
      <AllowDiscount>0</AllowDiscount>
      <itemStatus>1</itemStatus>
      <LastUpdateDate />
      <LastUpdateTime />
    </Product>
    <Product>
      <PriceUpdateDate>2015/05/28 15:21</PriceUpdateDate>
      <ItemCode>7290003141159</ItemCode>
      <ItemType>1</ItemType>
      <ItemName>חטיפי מרשמלו יוגטה (180 גרם)</ItemName>
      <ManufactureName>ליימן שליסל בעמ</ManufactureName>
      <ManufactureCountry />
      <ManufactureItemDescription />
      <UnitQty>יח`</UnitQty>
      <Quantity>1</Quantity>
      <UnitMeasure />
      <BisWeighted>0</BisWeighted>
      <QtyInPackage>1</QtyInPackage>
      <ItemPrice>8.90</ItemPrice>
      <UnitOfMeasurePrice>8.90</UnitOfMeasurePrice>
      <AllowDiscount>1</AllowDiscount>
      <itemStatus>1</itemStatus>
      <LastUpdateDate />
      <LastUpdateTime />
    </Product>
    <Product>
      <PriceUpdateDate>2014/12/10 09:19</PriceUpdateDate>
      <ItemCode>7290003142422</ItemCode>
      <ItemType>1</ItemType>
      <ItemName>גרעיני חמניה ללא מלח קליית גת (180 גרם)</ItemName>
      <ManufactureName>ליימן שליסל בעמ</ManufactureName>
      <ManufactureCountry />
      <ManufactureItemDescription />
      <UnitQty>יח`</UnitQty>
      <Quantity>180</Quantity>
      <UnitMeasure>גרם</UnitMeasure>
      <BisWeighted>0</BisWeighted>
      <QtyInPackage>1</QtyInPackage>
      <ItemPrice>6.90</ItemPrice>
      <UnitOfMeasurePrice>3.83</UnitOfMeasurePrice>
      <AllowDiscount>1</AllowDiscount>
      <itemStatus>1</itemStatus>
      <LastUpdateDate />
      <LastUpdateTime />
    </Product>
    <Product>
      <PriceUpdateDate>2018/01/02 09:36</PriceUpdateDate>
      <ItemCode>7290003143139</ItemCode>
      <ItemType>1</ItemType>
      <ItemName>סילאן קליית גת (900 גרם)</ItemName>
      <ManufactureName>ליימן שליסל בעמ</ManufactureName>
      <ManufactureCountry />
      <ManufactureItemDescription />
      <UnitQty>יח`</UnitQty>
      <Quantity>900</Quantity>
      <UnitMeasure>גרם</UnitMeasure>
      <BisWeighted>0</BisWeighted>
      <QtyInPackage>1</QtyInPackage>
      <ItemPrice>14.90</ItemPrice>
      <UnitOfMeasurePrice>1.66</UnitOfMeasurePrice>
      <AllowDiscount>0</AllowDiscount>
      <itemStatus>1</itemStatus>
      <LastUpdateDate />
      <LastUpdateTime />
    </Product>
    <Product>
      <PriceUpdateDate>2018/02/06 10:09</PriceUpdateDate>
      <ItemCode>7290003143146</ItemCode>
      <ItemType>1</ItemType>
      <ItemName>ממרח תמרים קליית גת (450 גרם)</ItemName>
      <ManufactureName>ליימן שליסל בעמ</ManufactureName>
      <ManufactureCountry />
      <ManufactureItemDescription />
      <UnitQty>יח`</UnitQty>
      <Quantity>450</Quantity>
      <UnitMeasure>גרם</UnitMeasure>
      <BisWeighted>0</BisWeighted>
      <QtyInPackage>1</QtyInPackage>
      <ItemPrice>6.90</ItemPrice>
      <UnitOfMeasurePrice>1.53</UnitOfMeasurePrice>
      <AllowDiscount>0</AllowDiscount>
      <itemStatus>1</itemStatus>
      <LastUpdateDate />
      <LastUpdateTime />
    </Product>
    <Product>
      <PriceUpdateDate>2015/05/28 15:21</PriceUpdateDate>
      <ItemCode>7290003143276</ItemCode>
      <ItemType>1</ItemType>
      <ItemName>מרשמלו מגולגל יוגטה (180 גרם)</ItemName>
      <ManufactureName>ליימן שליסל בעמ</ManufactureName>
      <ManufactureCountry />
      <ManufactureItemDescription />
      <UnitQty>יח`</UnitQty>
      <Quantity>1</Quantity>
      <UnitMeasure />
      <BisWeighted>0</BisWeighted>
      <QtyInPackage>1</QtyInPackage>
      <ItemPrice>8.90</ItemPrice>
      <UnitOfMeasurePrice>8.90</UnitOfMeasurePrice>
      <AllowDiscount>1</AllowDiscount>
      <itemStatus>1</itemStatus>
      <LastUpdateDate />
      <LastUpdateTime />
    </Product>
    <Product>
      <PriceUpdateDate>2019/02/03 12:20</PriceUpdateDate>
      <ItemCode>7290003144068</ItemCode>
      <ItemType>1</ItemType>
      <ItemName>שוקולד מריר 60% צ`וקטה (100x3 גרם)</ItemName>
      <ManufactureName>ליימן שליסל בעמ</ManufactureName>
      <ManufactureCountry />
      <ManufactureItemDescription />
      <UnitQty>יח`</UnitQty>
      <Quantity>300</Quantity>
      <UnitMeasure>גרם</UnitMeasure>
      <BisWeighted>0</BisWeighted>
      <QtyInPackage>1</QtyInPackage>
      <ItemPrice>9.90</ItemPrice>
      <UnitOfMeasurePrice>3.30</UnitOfMeasurePrice>
      <AllowDiscount>0</AllowDiscount>
      <itemStatus>1</itemStatus>
      <LastUpdateDate />
      <LastUpdateTime />
    </Product>
    <Product>
      <PriceUpdateDate>2015/05/20 08:03</PriceUpdateDate>
      <ItemCode>7290003144082</ItemCode>
      <ItemType>1</ItemType>
      <ItemName>עוגות אישיות צ`וקטה (30x10 גרם)</ItemName>
      <ManufactureName>ליימן שליסל בעמ</ManufactureName>
      <ManufactureCountry />
      <ManufactureItemDescription />
      <UnitQty>יח`</UnitQty>
      <Quantity>300</Quantity>
      <UnitMeasure>גרם</UnitMeasure>
      <BisWeighted>0</BisWeighted>
      <QtyInPackage>1</QtyInPackage>
      <ItemPrice>13.90</ItemPrice>
      <UnitOfMeasurePrice>4.63</UnitOfMeasurePrice>
      <AllowDiscount>1</AllowDiscount>
      <itemStatus>1</itemStatus>
      <LastUpdateDate />
      <LastUpdateTime />
    </Product>
    <Product>
      <PriceUpdateDate>2016/09/14 07:50</PriceUpdateDate>
      <ItemCode>7290003144310</ItemCode>
      <ItemType>1</ItemType>
      <ItemName>תערובת אגוזים וחמוציות150 גר`</ItemName>
      <ManufactureName>ליימן שליסל בעמ</ManufactureName>
      <ManufactureCountry />
      <ManufactureItemDescription />
      <UnitQty>יח`</UnitQty>
      <Quantity>150</Quantity>
      <UnitMeasure>גרם</UnitMeasure>
      <BisWeighted>0</BisWeighted>
      <QtyInPackage>1</QtyInPackage>
      <ItemPrice>19.90</ItemPrice>
      <UnitOfMeasurePrice>13.27</UnitOfMeasurePrice>
      <AllowDiscount>1</AllowDiscount>
      <itemStatus>1</itemStatus>
      <LastUpdateDate />
      <LastUpdateTime />
    </Product>
    <Product>
      <PriceUpdateDate>2018/01/02 09:36</PriceUpdateDate>
      <ItemCode>7290003144419</ItemCode>
      <ItemType>1</ItemType>
      <ItemName>סילאן טבעי קליית גת (710 גרם)</ItemName>
      <ManufactureName>ליימן שליסל בעמ</ManufactureName>
      <ManufactureCountry />
      <ManufactureItemDescription />
      <UnitQty>יח`</UnitQty>
      <Quantity>710</Quantity>
      <UnitMeasure>גרם</UnitMeasure>
      <BisWeighted>0</BisWeighted>
      <QtyInPackage>1</QtyInPackage>
      <ItemPrice>24.90</ItemPrice>
      <UnitOfMeasurePrice>3.51</UnitOfMeasurePrice>
      <AllowDiscount>1</AllowDiscount>
      <itemStatus>1</itemStatus>
      <LastUpdateDate />
      <LastUpdateTime />
    </Product>
    <Product>
      <PriceUpdateDate>2017/03/05 08:18</PriceUpdateDate>
      <ItemCode>7290003144518</ItemCode>
      <ItemType>1</ItemType>
      <ItemName>צ`וקטה טראפלס 150 גר`</ItemName>
      <ManufactureName>ליימן שליסל בעמ</ManufactureName>
      <ManufactureCountry />
      <ManufactureItemDescription />
      <UnitQty>יח`</UnitQty>
      <Quantity>150</Quantity>
      <UnitMeasure>גרם</UnitMeasure>
      <BisWeighted>0</BisWeighted>
      <QtyInPackage>1</QtyInPackage>
      <ItemPrice>9.90</ItemPrice>
      <UnitOfMeasurePrice>6.60</UnitOfMeasurePrice>
      <AllowDiscount>0</AllowDiscount>
      <itemStatus>1</itemStatus>
      <LastUpdateDate />
      <LastUpdateTime />
    </Product>
    <Product>
      <PriceUpdateDate>2016/05/10 08:18</PriceUpdateDate>
      <ItemCode>7290003144587</ItemCode>
      <ItemType>1</ItemType>
      <ItemName>צ`וקטה עוגות אישיות מגולגלות 6 יח` - חלב</ItemName>
      <ManufactureName>ליימן שליסל בעמ</ManufactureName>
      <ManufactureCountry />
      <ManufactureItemDescription />
      <UnitQty>יח`</UnitQty>
      <Quantity>222</Quantity>
      <UnitMeasure>גרם</UnitMeasure>
      <BisWeighted>0</BisWeighted>
      <QtyInPackage>1</QtyInPackage>
      <ItemPrice>9.90</ItemPrice>
      <UnitOfMeasurePrice>4.46</UnitOfMeasurePrice>
      <AllowDiscount>0</AllowDiscount>
      <itemStatus>1</itemStatus>
      <LastUpdateDate />
      <LastUpdateTime />
    </Product>
    <Product>
      <PriceUpdateDate>2018/06/27 14:50</PriceUpdateDate>
      <ItemCode>7290003144600</ItemCode>
      <ItemType>1</ItemType>
      <ItemName>שוקולד מריר 48% מארז 6יח</ItemName>
      <ManufactureName>ליימן שליסל בעמ</ManufactureName>
      <ManufactureCountry />
      <ManufactureItemDescription />
      <UnitQty>יח`</UnitQty>
      <Quantity>300</Quantity>
      <UnitMeasure>גרם</UnitMeasure>
      <BisWeighted>0</BisWeighted>
      <QtyInPackage>1</QtyInPackage>
      <ItemPrice>19.90</ItemPrice>
      <UnitOfMeasurePrice>6.63</UnitOfMeasurePrice>
      <AllowDiscount>1</AllowDiscount>
      <itemStatus>1</itemStatus>
      <LastUpdateDate />
      <LastUpdateTime />
    </Product>
    <Product>
      <PriceUpdateDate>2016/08/10 08:44</PriceUpdateDate>
      <ItemCode>7290003144693</ItemCode>
      <ItemType>1</ItemType>
      <ItemName>סוכריות טופי יוגטה 850 גר`</ItemName>
      <ManufactureName>ליימן שליסל בעמ</ManufactureName>
      <ManufactureCountry />
      <ManufactureItemDescription />
      <UnitQty>יח`</UnitQty>
      <Quantity>850</Quantity>
      <UnitMeasure>גרם</UnitMeasure>
      <BisWeighted>0</BisWeighted>
      <QtyInPackage>1</QtyInPackage>
      <ItemPrice>20.90</ItemPrice>
      <UnitOfMeasurePrice>2.46</UnitOfMeasurePrice>
      <AllowDiscount>1</AllowDiscount>
      <itemStatus>1</itemStatus>
      <LastUpdateDate />
      <LastUpdateTime />
    </Product>
    <Product>
      <PriceUpdateDate>2016/08/10 08:44</PriceUpdateDate>
      <ItemCode>7290003144778</ItemCode>
      <ItemType>1</ItemType>
      <ItemName>צ`וקטה צדפי שוקולד 125 גרם</ItemName>
      <ManufactureName>ליימן שליסל בעמ</ManufactureName>
      <ManufactureCountry />
      <ManufactureItemDescription />
      <UnitQty>יח`</UnitQty>
      <Quantity>125</Quantity>
      <UnitMeasure>גרם</UnitMeasure>
      <BisWeighted>0</BisWeighted>
      <QtyInPackage>1</QtyInPackage>
      <ItemPrice>9.90</ItemPrice>
      <UnitOfMeasurePrice>7.92</UnitOfMeasurePrice>
      <AllowDiscount>0</AllowDiscount>
      <itemStatus>1</itemStatus>
      <LastUpdateDate />
      <LastUpdateTime />
    </Product>
    <Product>
      <PriceUpdateDate>2017/01/23 07:58</PriceUpdateDate>
      <ItemCode>7290003144945</ItemCode>
      <ItemType>1</ItemType>
      <ItemName>צ`וקטה עוגות אישיות בטעם קוקוס 350 גרם</ItemName>
      <ManufactureName>ליימן שליסל בעמ</ManufactureName>
      <ManufactureCountry />
      <ManufactureItemDescription />
      <UnitQty>יח`</UnitQty>
      <Quantity>350</Quantity>
      <UnitMeasure>גרם</UnitMeasure>
      <BisWeighted>0</BisWeighted>
      <QtyInPackage>1</QtyInPackage>
      <ItemPrice>13.90</ItemPrice>
      <UnitOfMeasurePrice>3.97</UnitOfMeasurePrice>
      <AllowDiscount>1</AllowDiscount>
      <itemStatus>1</itemStatus>
      <LastUpdateDate />
      <LastUpdateTime />
    </Product>
    <Product>
      <PriceUpdateDate>2016/12/19 08:02</PriceUpdateDate>
      <ItemCode>7290003145539</ItemCode>
      <ItemType>1</ItemType>
      <ItemName>צ`וקטה שוקולד מריר מארז שישייה</ItemName>
      <ManufactureName>ליימן שליסל בעמ</ManufactureName>
      <ManufactureCountry />
      <ManufactureItemDescription />
      <UnitQty>יח`</UnitQty>
      <Quantity>600</Quantity>
      <UnitMeasure>גרם</UnitMeasure>
      <BisWeighted>0</BisWeighted>
      <QtyInPackage>1</QtyInPackage>
      <ItemPrice>19.90</ItemPrice>
      <UnitOfMeasurePrice>3.32</UnitOfMeasurePrice>
      <AllowDiscount>0</AllowDiscount>
      <itemStatus>1</itemStatus>
      <LastUpdateDate />
      <LastUpdateTime />
    </Product>
    <Product>
      <PriceUpdateDate>2015/12/02 09:17</PriceUpdateDate>
      <ItemCode>7290003145751</ItemCode>
      <ItemType>1</ItemType>
      <ItemName>אגוזי קשיו קלויים קליית גת (200 גרם)</ItemName>
      <ManufactureName>ליימן שליסל בעמ</ManufactureName>
      <ManufactureCountry />
      <ManufactureItemDescription />
      <UnitQty>יח`</UnitQty>
      <Quantity>200</Quantity>
      <UnitMeasure>גרם</UnitMeasure>
      <BisWeighted>0</BisWeighted>
      <QtyInPackage>1</QtyInPackage>
      <ItemPrice>22.90</ItemPrice>
      <UnitOfMeasurePrice>11.45</UnitOfMeasurePrice>
      <AllowDiscount>1</AllowDiscount>
      <itemStatus>1</itemStatus>
      <LastUpdateDate />
      <LastUpdateTime />
    </Product>
    <Product>
      <PriceUpdateDate>2017/01/18 08:06</PriceUpdateDate>
      <ItemCode>7290003145959</ItemCode>
      <ItemType>1</ItemType>
      <ItemName>פקאן טבעי 150 גר</ItemName>
      <ManufactureName>ליימן שליסל בעמ</ManufactureName>
      <ManufactureCountry />
      <ManufactureItemDescription />
      <UnitQty>יח`</UnitQty>
      <Quantity>150</Quantity>
      <UnitMeasure>גרם</UnitMeasure>
      <BisWeighted>0</BisWeighted>
      <QtyInPackage>1</QtyInPackage>
      <ItemPrice>21.90</ItemPrice>
      <UnitOfMeasurePrice>14.60</UnitOfMeasurePrice>
      <AllowDiscount>0</AllowDiscount>
      <itemStatus>1</itemStatus>
      <LastUpdateDate />
      <LastUpdateTime />
    </Product>
    <Product>
      <PriceUpdateDate>2015/12/01 09:25</PriceUpdateDate>
      <ItemCode>7290003153831</ItemCode>
      <ItemType>1</ItemType>
      <ItemName>שוש אפוי חטיף בוטנים עלית (80 גרם)</ItemName>
      <ManufactureName>שטראוס פריטו ליי בעמ</ManufactureName>
      <ManufactureCountry />
      <ManufactureItemDescription />
      <UnitQty>יח`</UnitQty>
      <Quantity>80</Quantity>
      <UnitMeasure>גרם</UnitMeasure>
      <BisWeighted>0</BisWeighted>
      <QtyInPackage>1</QtyInPackage>
      <ItemPrice>3.50</ItemPrice>
      <UnitOfMeasurePrice>4.38</UnitOfMeasurePrice>
      <AllowDiscount>1</AllowDiscount>
      <itemStatus>1</itemStatus>
      <LastUpdateDate />
      <LastUpdateTime />
    </Product>
    <Product>
      <PriceUpdateDate>2019/02/03 12:21</PriceUpdateDate>
      <ItemCode>7290003185719</ItemCode>
      <ItemType>1</ItemType>
      <ItemName>קבב רומני 500 גר` טיבונוויל</ItemName>
      <ManufactureName>נטו מלינדה סחר בעמ</ManufactureName>
      <ManufactureCountry />
      <ManufactureItemDescription />
      <UnitQty>יח`</UnitQty>
      <Quantity>500</Quantity>
      <UnitMeasure>גרם</UnitMeasure>
      <BisWeighted>0</BisWeighted>
      <QtyInPackage>1</QtyInPackage>
      <ItemPrice>20.90</ItemPrice>
      <UnitOfMeasurePrice>4.18</UnitOfMeasurePrice>
      <AllowDiscount>1</AllowDiscount>
      <itemStatus>1</itemStatus>
      <LastUpdateDate />
      <LastUpdateTime />
    </Product>
    <Product>
      <PriceUpdateDate>2019/02/03 12:21</PriceUpdateDate>
      <ItemCode>7290003185726</ItemCode>
      <ItemType>1</ItemType>
      <ItemName>קבב מזרחי 500 גר` טיבונוויל</ItemName>
      <ManufactureName>נטו מלינדה סחר בעמ</ManufactureName>
      <ManufactureCountry />
      <ManufactureItemDescription />
      <UnitQty>יח`</UnitQty>
      <Quantity>500</Quantity>
      <UnitMeasure>גרם</UnitMeasure>
      <BisWeighted>0</BisWeighted>
      <QtyInPackage>1</QtyInPackage>
      <ItemPrice>20.90</ItemPrice>
      <UnitOfMeasurePrice>4.18</UnitOfMeasurePrice>
      <AllowDiscount>1</AllowDiscount>
      <itemStatus>1</itemStatus>
      <LastUpdateDate />
      <LastUpdateTime />
    </Product>
    <Product>
      <PriceUpdateDate>2016/07/03 11:12</PriceUpdateDate>
      <ItemCode>7290003189076</ItemCode>
      <ItemType>1</ItemType>
      <ItemName>פיצרלה מגורדת 22% כפיר (500 גרם)</ItemName>
      <ManufactureName>צ.י תעשיות מזון יבנה בעמ</ManufactureName>
      <ManufactureCountry />
      <ManufactureItemDescription />
      <UnitQty>יח`</UnitQty>
      <Quantity>500</Quantity>
      <UnitMeasure>גרם</UnitMeasure>
      <BisWeighted>0</BisWeighted>
      <QtyInPackage>1</QtyInPackage>
      <ItemPrice>20.90</ItemPrice>
      <UnitOfMeasurePrice>4.18</UnitOfMeasurePrice>
      <AllowDiscount>1</AllowDiscount>
      <itemStatus>1</itemStatus>
      <LastUpdateDate />
      <LastUpdateTime />
    </Product>
    <Product>
      <PriceUpdateDate>2017/05/01 08:35</PriceUpdateDate>
      <ItemCode>7290003189137</ItemCode>
      <ItemType>1</ItemType>
      <ItemName>1 קג שוויצרי</ItemName>
      <ManufactureName>צ.י תעשיות מזון יבנה בעמ</ManufactureName>
      <ManufactureCountry />
      <ManufactureItemDescription />
      <UnitQty>יח`</UnitQty>
      <Quantity>1</Quantity>
      <UnitMeasure>ק"ג</UnitMeasure>
      <BisWeighted>0</BisWeighted>
      <QtyInPackage>1</QtyInPackage>
      <ItemPrice>35.40</ItemPrice>
      <UnitOfMeasurePrice>35.40</UnitOfMeasurePrice>
      <AllowDiscount>0</AllowDiscount>
      <itemStatus>1</itemStatus>
      <LastUpdateDate />
      <LastUpdateTime />
    </Product>
    <Product>
      <PriceUpdateDate>2017/05/01 08:35</PriceUpdateDate>
      <ItemCode>7290003189144</ItemCode>
      <ItemType>1</ItemType>
      <ItemName>1 קג הולנדי</ItemName>
      <ManufactureName>צ.י תעשיות מזון יבנה בעמ</ManufactureName>
      <ManufactureCountry />
      <ManufactureItemDescription />
      <UnitQty>יח`</UnitQty>
      <Quantity>1</Quantity>
      <UnitMeasure>ק"ג</UnitMeasure>
      <BisWeighted>0</BisWeighted>
      <QtyInPackage>1</QtyInPackage>
      <ItemPrice>35.40</ItemPrice>
      <UnitOfMeasurePrice>35.40</UnitOfMeasurePrice>
      <AllowDiscount>0</AllowDiscount>
      <itemStatus>1</itemStatus>
      <LastUpdateDate />
      <LastUpdateTime />
    </Product>
    <Product>
      <PriceUpdateDate>2014/08/19 11:43</PriceUpdateDate>
      <ItemCode>7290003189205</ItemCode>
      <ItemType>1</ItemType>
      <ItemName>הצהובה הטובה לייט קלאסי</ItemName>
      <ManufactureName>צ.י תעשיות מזון יבנה בעמ</ManufactureName>
      <ManufactureCountry />
      <ManufactureItemDescription />
      <UnitQty>יח`</UnitQty>
      <Quantity>200</Quantity>
      <UnitMeasure>גרם</UnitMeasure>
      <BisWeighted>0</BisWeighted>
      <QtyInPackage>1</QtyInPackage>
      <ItemPrice>12.90</ItemPrice>
      <UnitOfMeasurePrice>6.45</UnitOfMeasurePrice>
      <AllowDiscount>1</AllowDiscount>
      <itemStatus>1</itemStatus>
      <LastUpdateDate />
      <LastUpdateTime />
    </Product>
    <Product>
      <PriceUpdateDate>2019/02/03 12:33</PriceUpdateDate>
      <ItemCode>7290003189267</ItemCode>
      <ItemType>1</ItemType>
      <ItemName>הצהובה הטובה 5% קלאסית</ItemName>
      <ManufactureName>צ.י תעשיות מזון יבנה בעמ</ManufactureName>
      <ManufactureCountry />
      <ManufactureItemDescription />
      <UnitQty>יח`</UnitQty>
      <Quantity>200</Quantity>
      <UnitMeasure>גרם</UnitMeasure>
      <BisWeighted>0</BisWeighted>
      <QtyInPackage>1</QtyInPackage>
      <ItemPrice>12.90</ItemPrice>
      <UnitOfMeasurePrice>6.45</UnitOfMeasurePrice>
      <AllowDiscount>1</AllowDiscount>
      <itemStatus>1</itemStatus>
      <LastUpdateDate />
      <LastUpdateTime />
    </Product>
    <Product>
      <PriceUpdateDate>2019/02/03 12:33</PriceUpdateDate>
      <ItemCode>7290003189557</ItemCode>
      <ItemType>1</ItemType>
      <ItemName>הצהובה הטובה 5% מעושנת</ItemName>
      <ManufactureName>צ.י תעשיות מזון יבנה בעמ</ManufactureName>
      <ManufactureCountry />
      <ManufactureItemDescription />
      <UnitQty>יח`</UnitQty>
      <Quantity>200</Quantity>
      <UnitMeasure>גרם</UnitMeasure>
      <BisWeighted>0</BisWeighted>
      <QtyInPackage>1</QtyInPackage>
      <ItemPrice>12.90</ItemPrice>
      <UnitOfMeasurePrice>6.45</UnitOfMeasurePrice>
      <AllowDiscount>1</AllowDiscount>
      <itemStatus>1</itemStatus>
      <LastUpdateDate />
      <LastUpdateTime />
    </Product>
    <Product>
      <PriceUpdateDate>2019/02/03 12:33</PriceUpdateDate>
      <ItemCode>7290003189571</ItemCode>
      <ItemType>1</ItemType>
      <ItemName>הצהובה הטובה 5% לייט שמיר</ItemName>
      <ManufactureName>צ.י תעשיות מזון יבנה בעמ</ManufactureName>
      <ManufactureCountry />
      <ManufactureItemDescription />
      <UnitQty>יח`</UnitQty>
      <Quantity>200</Quantity>
      <UnitMeasure>גרם</UnitMeasure>
      <BisWeighted>0</BisWeighted>
      <QtyInPackage>1</QtyInPackage>
      <ItemPrice>12.90</ItemPrice>
      <UnitOfMeasurePrice>6.45</UnitOfMeasurePrice>
      <AllowDiscount>1</AllowDiscount>
      <itemStatus>1</itemStatus>
      <LastUpdateDate />
      <LastUpdateTime />
    </Product>
    <Product>
      <PriceUpdateDate>2019/01/23 22:28</PriceUpdateDate>
      <ItemCode>7290003220380</ItemCode>
      <ItemType>1</ItemType>
      <ItemName>עוגיות סנדוויץ שוקו 150 גר` מעדני המלך</ItemName>
      <ManufactureName>רזיט שיווק בעמ</ManufactureName>
      <ManufactureCountry />
      <ManufactureItemDescription />
      <UnitQty>יח`</UnitQty>
      <Quantity>150</Quantity>
      <UnitMeasure>גרם</UnitMeasure>
      <BisWeighted>0</BisWeighted>
      <QtyInPackage>1</QtyInPackage>
      <ItemPrice>3.90</ItemPrice>
      <UnitOfMeasurePrice>2.60</UnitOfMeasurePrice>
      <AllowDiscount>1</AllowDiscount>
      <itemStatus>1</itemStatus>
      <LastUpdateDate />
      <LastUpdateTime />
    </Product>
    <Product>
      <PriceUpdateDate>2019/01/23 22:28</PriceUpdateDate>
      <ItemCode>7290003220403</ItemCode>
      <ItemType>1</ItemType>
      <ItemName>קרקר מלח 110 גר` מעדני המלך</ItemName>
      <ManufactureName>רזיט שיווק בעמ</ManufactureName>
      <ManufactureCountry />
      <ManufactureItemDescription />
      <UnitQty>יח`</UnitQty>
      <Quantity>110</Quantity>
      <UnitMeasure>גרם</UnitMeasure>
      <BisWeighted>0</BisWeighted>
      <QtyInPackage>1</QtyInPackage>
      <ItemPrice>2.20</ItemPrice>
      <UnitOfMeasurePrice>2</UnitOfMeasurePrice>
      <AllowDiscount>1</AllowDiscount>
      <itemStatus>1</itemStatus>
      <LastUpdateDate />
      <LastUpdateTime />
    </Product>
    <Product>
      <PriceUpdateDate>2019/01/23 22:28</PriceUpdateDate>
      <ItemCode>7290003220410</ItemCode>
      <ItemType>1</ItemType>
      <ItemName>קרקר שושמום 110 גר` מעדני המלך</ItemName>
      <ManufactureName>רזיט שיווק בעמ</ManufactureName>
      <ManufactureCountry />
      <ManufactureItemDescription />
      <UnitQty>יח`</UnitQty>
      <Quantity>110</Quantity>
      <UnitMeasure>גרם</UnitMeasure>
      <BisWeighted>0</BisWeighted>
      <QtyInPackage>1</QtyInPackage>
      <ItemPrice>2.20</ItemPrice>
      <UnitOfMeasurePrice>2</UnitOfMeasurePrice>
      <AllowDiscount>1</AllowDiscount>
      <itemStatus>1</itemStatus>
      <LastUpdateDate />
      <LastUpdateTime />
    </Product>
    <Product>
      <PriceUpdateDate>2019/01/23 22:28</PriceUpdateDate>
      <ItemCode>7290003220434</ItemCode>
      <ItemType>1</ItemType>
      <ItemName>פתיבר 110 גר` מעדני המלך</ItemName>
      <ManufactureName>רזיט שיווק בעמ</ManufactureName>
      <ManufactureCountry />
      <ManufactureItemDescription />
      <UnitQty>יח`</UnitQty>
      <Quantity>110</Quantity>
      <UnitMeasure>גרם</UnitMeasure>
      <BisWeighted>0</BisWeighted>
      <QtyInPackage>1</QtyInPackage>
      <ItemPrice>2.20</ItemPrice>
      <UnitOfMeasurePrice>2</UnitOfMeasurePrice>
      <AllowDiscount>1</AllowDiscount>
      <itemStatus>1</itemStatus>
      <LastUpdateDate />
      <LastUpdateTime />
    </Product>
    <Product>
      <PriceUpdateDate>2019/01/23 22:28</PriceUpdateDate>
      <ItemCode>7290003220441</ItemCode>
      <ItemType>1</ItemType>
      <ItemName>פתי בר שוקו 110 גר` מעדני המלך</ItemName>
      <ManufactureName>רזיט שיווק בעמ</ManufactureName>
      <ManufactureCountry />
      <ManufactureItemDescription />
      <UnitQty>יח`</UnitQty>
      <Quantity>110</Quantity>
      <UnitMeasure>גרם</UnitMeasure>
      <BisWeighted>0</BisWeighted>
      <QtyInPackage>1</QtyInPackage>
      <ItemPrice>2.20</ItemPrice>
      <UnitOfMeasurePrice>2</UnitOfMeasurePrice>
      <AllowDiscount>1</AllowDiscount>
      <itemStatus>1</itemStatus>
      <LastUpdateDate />
      <LastUpdateTime />
    </Product>
    <Product>
      <PriceUpdateDate>2019/03/24 12:39</PriceUpdateDate>
      <ItemCode>7290003229109</ItemCode>
      <ItemType>1</ItemType>
      <ItemName>פסטרמה הודו בפפריקה טירת צבי (400 גרם)</ItemName>
      <ManufactureName>תנובה קפואים</ManufactureName>
      <ManufactureCountry />
      <ManufactureItemDescription />
      <UnitQty>יח`</UnitQty>
      <Quantity>400</Quantity>
      <UnitMeasure>גרם</UnitMeasure>
      <BisWeighted>0</BisWeighted>
      <QtyInPackage>1</QtyInPackage>
      <ItemPrice>31.90</ItemPrice>
      <UnitOfMeasurePrice>7.98</UnitOfMeasurePrice>
      <AllowDiscount>1</AllowDiscount>
      <itemStatus>1</itemStatus>
      <LastUpdateDate />
      <LastUpdateTime />
    </Product>
    <Product>
      <PriceUpdateDate>2019/03/24 12:39</PriceUpdateDate>
      <ItemCode>7290003229116</ItemCode>
      <ItemType>1</ItemType>
      <ItemName>פסטרמה בדבש 3% שומן טירת צבי (400 גרם)</ItemName>
      <ManufactureName>תנובה קפואים</ManufactureName>
      <ManufactureCountry />
      <ManufactureItemDescription />
      <UnitQty>יח`</UnitQty>
      <Quantity>400</Quantity>
      <UnitMeasure>גרם</UnitMeasure>
      <BisWeighted>0</BisWeighted>
      <QtyInPackage>1</QtyInPackage>
      <ItemPrice>31.90</ItemPrice>
      <UnitOfMeasurePrice>7.98</UnitOfMeasurePrice>
      <AllowDiscount>1</AllowDiscount>
      <itemStatus>1</itemStatus>
      <LastUpdateDate />
      <LastUpdateTime />
    </Product>
    <Product>
      <PriceUpdateDate>2015/05/27 12:39</PriceUpdateDate>
      <ItemCode>7290003229123</ItemCode>
      <ItemType>1</ItemType>
      <ItemName>פסטרמה גחלים 400 גר` טירת צבי</ItemName>
      <ManufactureName>תנובה קפואים</ManufactureName>
      <ManufactureCountry />
      <ManufactureItemDescription />
      <UnitQty>יח`</UnitQty>
      <Quantity>400</Quantity>
      <UnitMeasure>גרם</UnitMeasure>
      <BisWeighted>0</BisWeighted>
      <QtyInPackage>1</QtyInPackage>
      <ItemPrice>31.90</ItemPrice>
      <UnitOfMeasurePrice>7.98</UnitOfMeasurePrice>
      <AllowDiscount>1</AllowDiscount>
      <itemStatus>1</itemStatus>
      <LastUpdateDate />
      <LastUpdateTime />
    </Product>
    <Product>
      <PriceUpdateDate>2015/05/27 12:39</PriceUpdateDate>
      <ItemCode>7290003229147</ItemCode>
      <ItemType>1</ItemType>
      <ItemName>סלמי בסגנון איטלקי טירת צבי (300 גרם)</ItemName>
      <ManufactureName>תנובה קפואים</ManufactureName>
      <ManufactureCountry />
      <ManufactureItemDescription />
      <UnitQty>יח`</UnitQty>
      <Quantity>300</Quantity>
      <UnitMeasure>גרם</UnitMeasure>
      <BisWeighted>0</BisWeighted>
      <QtyInPackage>1</QtyInPackage>
      <ItemPrice>28.90</ItemPrice>
      <UnitOfMeasurePrice>9.63</UnitOfMeasurePrice>
      <AllowDiscount>1</AllowDiscount>
      <itemStatus>1</itemStatus>
      <LastUpdateDate />
      <LastUpdateTime />
    </Product>
    <Product>
      <PriceUpdateDate>2015/05/27 12:39</PriceUpdateDate>
      <ItemCode>7290003229154</ItemCode>
      <ItemType>1</ItemType>
      <ItemName>סלמי קוניאק טירת צבי (300 גרם)</ItemName>
      <ManufactureName>תנובה קפואים</ManufactureName>
      <ManufactureCountry />
      <ManufactureItemDescription />
      <UnitQty>יח`</UnitQty>
      <Quantity>300</Quantity>
      <UnitMeasure>גרם</UnitMeasure>
      <BisWeighted>0</BisWeighted>
      <QtyInPackage>1</QtyInPackage>
      <ItemPrice>28.90</ItemPrice>
      <UnitOfMeasurePrice>9.63</UnitOfMeasurePrice>
      <AllowDiscount>1</AllowDiscount>
      <itemStatus>1</itemStatus>
      <LastUpdateDate />
      <LastUpdateTime />
    </Product>
    <Product>
      <PriceUpdateDate>2019/03/24 12:39</PriceUpdateDate>
      <ItemCode>7290003229208</ItemCode>
      <ItemType>1</ItemType>
      <ItemName>פסטרמה ספרדית 360 גר` 2% טירת צבי</ItemName>
      <ManufactureName>תנובה קפואים</ManufactureName>
      <ManufactureCountry />
      <ManufactureItemDescription />
      <UnitQty>יח`</UnitQty>
      <Quantity>360</Quantity>
      <UnitMeasure>גרם</UnitMeasure>
      <BisWeighted>0</BisWeighted>
      <QtyInPackage>1</QtyInPackage>
      <ItemPrice>31.90</ItemPrice>
      <UnitOfMeasurePrice>8.86</UnitOfMeasurePrice>
      <AllowDiscount>1</AllowDiscount>
      <itemStatus>1</itemStatus>
      <LastUpdateDate />
      <LastUpdateTime />
    </Product>
    <Product>
      <PriceUpdateDate>2016/06/05 15:29</PriceUpdateDate>
      <ItemCode>7290003231270</ItemCode>
      <ItemType>1</ItemType>
      <ItemName>דאודורנט סטיק גו פרש דאב (50 גרם)</ItemName>
      <ManufactureName>יוניליוור ישראל שיווק בעמ</ManufactureName>
      <ManufactureCountry />
      <ManufactureItemDescription />
      <UnitQty>יח`</UnitQty>
      <Quantity>50</Quantity>
      <UnitMeasure>גרם</UnitMeasure>
      <BisWeighted>0</BisWeighted>
      <QtyInPackage>1</QtyInPackage>
      <ItemPrice>14.90</ItemPrice>
      <UnitOfMeasurePrice>29.80</UnitOfMeasurePrice>
      <AllowDiscount>0</AllowDiscount>
      <itemStatus>1</itemStatus>
      <LastUpdateDate />
      <LastUpdateTime />
    </Product>
    <Product>
      <PriceUpdateDate>2015/09/10 08:16</PriceUpdateDate>
      <ItemCode>7290003268252</ItemCode>
      <ItemType>1</ItemType>
      <ItemName>לחם חיטה מלא לילדים דגנית</ItemName>
      <ManufactureName>דגנית עין בר תעשיות מזון ואפיה</ManufactureName>
      <ManufactureCountry />
      <ManufactureItemDescription />
      <UnitQty>יח`</UnitQty>
      <Quantity>750</Quantity>
      <UnitMeasure>גרם</UnitMeasure>
      <BisWeighted>0</BisWeighted>
      <QtyInPackage>1</QtyInPackage>
      <ItemPrice>13.90</ItemPrice>
      <UnitOfMeasurePrice>1.85</UnitOfMeasurePrice>
      <AllowDiscount>1</AllowDiscount>
      <itemStatus>1</itemStatus>
      <LastUpdateDate />
      <LastUpdateTime />
    </Product>
    <Product>
      <PriceUpdateDate>2018/07/15 07:59</PriceUpdateDate>
      <ItemCode>7290003287253</ItemCode>
      <ItemType>1</ItemType>
      <ItemName>מרגז ארוז 500 גר קצבייה</ItemName>
      <ManufactureName>בלדי בעמ</ManufactureName>
      <ManufactureCountry />
      <ManufactureItemDescription />
      <UnitQty>יח`</UnitQty>
      <Quantity>500</Quantity>
      <UnitMeasure>גרם</UnitMeasure>
      <BisWeighted>0</BisWeighted>
      <QtyInPackage>1</QtyInPackage>
      <ItemPrice>27.90</ItemPrice>
      <UnitOfMeasurePrice>5.58</UnitOfMeasurePrice>
      <AllowDiscount>0</AllowDiscount>
      <itemStatus>1</itemStatus>
      <LastUpdateDate />
      <LastUpdateTime />
    </Product>
    <Product>
      <PriceUpdateDate>2020/02/02 13:13</PriceUpdateDate>
      <ItemCode>7290003287260</ItemCode>
      <ItemType>1</ItemType>
      <ItemName>צ`וריסוס ארוז 600 גר קצביה</ItemName>
      <ManufactureName>בלדי בעמ</ManufactureName>
      <ManufactureCountry />
      <ManufactureItemDescription />
      <UnitQty>יח`</UnitQty>
      <Quantity>600</Quantity>
      <UnitMeasure>גרם</UnitMeasure>
      <BisWeighted>0</BisWeighted>
      <QtyInPackage>1</QtyInPackage>
      <ItemPrice>27.90</ItemPrice>
      <UnitOfMeasurePrice>4.65</UnitOfMeasurePrice>
      <AllowDiscount>1</AllowDiscount>
      <itemStatus>1</itemStatus>
      <LastUpdateDate />
      <LastUpdateTime />
    </Product>
    <Product>
      <PriceUpdateDate>2020/02/02 13:13</PriceUpdateDate>
      <ItemCode>7290003287307</ItemCode>
      <ItemType>1</ItemType>
      <ItemName>קבב רומני ארוז 600 גר קצביה</ItemName>
      <ManufactureName>בלדי בעמ</ManufactureName>
      <ManufactureCountry />
      <ManufactureItemDescription />
      <UnitQty>יח`</UnitQty>
      <Quantity>600</Quantity>
      <UnitMeasure>גרם</UnitMeasure>
      <BisWeighted>0</BisWeighted>
      <QtyInPackage>1</QtyInPackage>
      <ItemPrice>27.90</ItemPrice>
      <UnitOfMeasurePrice>4.65</UnitOfMeasurePrice>
      <AllowDiscount>1</AllowDiscount>
      <itemStatus>1</itemStatus>
      <LastUpdateDate />
      <LastUpdateTime />
    </Product>
    <Product>
      <PriceUpdateDate>2020/02/02 13:13</PriceUpdateDate>
      <ItemCode>7290003287314</ItemCode>
      <ItemType>1</ItemType>
      <ItemName>קבב על מקל קינמון ארוז 520 גר קצביה</ItemName>
      <ManufactureName>בלדי בעמ</ManufactureName>
      <ManufactureCountry />
      <ManufactureItemDescription />
      <UnitQty>יח`</UnitQty>
      <Quantity>520</Quantity>
      <UnitMeasure>גרם</UnitMeasure>
      <BisWeighted>0</BisWeighted>
      <QtyInPackage>1</QtyInPackage>
      <ItemPrice>27.90</ItemPrice>
      <UnitOfMeasurePrice>5.37</UnitOfMeasurePrice>
      <AllowDiscount>0</AllowDiscount>
      <itemStatus>1</itemStatus>
      <LastUpdateDate />
      <LastUpdateTime />
    </Product>
    <Product>
      <PriceUpdateDate>2013/06/17 13:51</PriceUpdateDate>
      <ItemCode>7290003321155</ItemCode>
      <ItemType>1</ItemType>
      <ItemName>דנונה פרי בר פקאן</ItemName>
      <ManufactureName>שטראוס גרופ בעמ/מצונן</ManufactureName>
      <ManufactureCountry />
      <ManufactureItemDescription />
      <UnitQty>יח`</UnitQty>
      <Quantity>175</Quantity>
      <UnitMeasure>מ"ל</UnitMeasure>
      <BisWeighted>0</BisWeighted>
      <QtyInPackage>1</QtyInPackage>
      <ItemPrice>4.40</ItemPrice>
      <UnitOfMeasurePrice>2.51</UnitOfMeasurePrice>
      <AllowDiscount>0</AllowDiscount>
      <itemStatus>1</itemStatus>
      <LastUpdateDate />
      <LastUpdateTime />
    </Product>
    <Product>
      <PriceUpdateDate>2019/06/17 12:25</PriceUpdateDate>
      <ItemCode>7290003321292</ItemCode>
      <ItemType>1</ItemType>
      <ItemName>קרם גבינה 9% סקי (250 גרם</ItemName>
      <ManufactureName>שטראוס גרופ בעמ/מצונן</ManufactureName>
      <ManufactureCountry />
      <ManufactureItemDescription />
      <UnitQty>יח`</UnitQty>
      <Quantity>250</Quantity>
      <UnitMeasure>גרם</UnitMeasure>
      <BisWeighted>0</BisWeighted>
      <QtyInPackage>1</QtyInPackage>
      <ItemPrice>4.75</ItemPrice>
      <UnitOfMeasurePrice>1.90</UnitOfMeasurePrice>
      <AllowDiscount>0</AllowDiscount>
      <itemStatus>1</itemStatus>
      <LastUpdateDate />
      <LastUpdateTime />
    </Product>
    <Product>
      <PriceUpdateDate>2019/06/30 12:22</PriceUpdateDate>
      <ItemCode>7290003387205</ItemCode>
      <ItemType>1</ItemType>
      <ItemName>דאודורנט סטיק לגבר ספיד סטיק (56 גרם)</ItemName>
      <ManufactureName>ש.שסטוביץ בעמ</ManufactureName>
      <ManufactureCountry />
      <ManufactureItemDescription />
      <UnitQty>יח`</UnitQty>
      <Quantity>63.70</Quantity>
      <UnitMeasure>גרם</UnitMeasure>
      <BisWeighted>0</BisWeighted>
      <QtyInPackage>1</QtyInPackage>
      <ItemPrice>16.90</ItemPrice>
      <UnitOfMeasurePrice>26.53</UnitOfMeasurePrice>
      <AllowDiscount>0</AllowDiscount>
      <itemStatus>1</itemStatus>
      <LastUpdateDate />
      <LastUpdateTime />
    </Product>
    <Product>
      <PriceUpdateDate>2018/01/10 11:24</PriceUpdateDate>
      <ItemCode>7290003401369</ItemCode>
      <ItemType>1</ItemType>
      <ItemName>נטורל פורמולה קרם לחות קלאסי</ItemName>
      <ManufactureName>החברה הדרומית לשיווק בעמ</ManufactureName>
      <ManufactureCountry />
      <ManufactureItemDescription />
      <UnitQty>יח`</UnitQty>
      <Quantity>400</Quantity>
      <UnitMeasure>מ"ל</UnitMeasure>
      <BisWeighted>0</BisWeighted>
      <QtyInPackage>1</QtyInPackage>
      <ItemPrice>21.90</ItemPrice>
      <UnitOfMeasurePrice>5.48</UnitOfMeasurePrice>
      <AllowDiscount>1</AllowDiscount>
      <itemStatus>1</itemStatus>
      <LastUpdateDate />
      <LastUpdateTime />
    </Product>
    <Product>
      <PriceUpdateDate>2018/01/10 11:24</PriceUpdateDate>
      <ItemCode>7290003401376</ItemCode>
      <ItemType>1</ItemType>
      <ItemName>נטורל פורמולה קרם לחות</ItemName>
      <ManufactureName>החברה הדרומית לשיווק בעמ</ManufactureName>
      <ManufactureCountry />
      <ManufactureItemDescription />
      <UnitQty>יח`</UnitQty>
      <Quantity>400</Quantity>
      <UnitMeasure>מ"ל</UnitMeasure>
      <BisWeighted>0</BisWeighted>
      <QtyInPackage>1</QtyInPackage>
      <ItemPrice>21.90</ItemPrice>
      <UnitOfMeasurePrice>5.48</UnitOfMeasurePrice>
      <AllowDiscount>1</AllowDiscount>
      <itemStatus>1</itemStatus>
      <LastUpdateDate />
      <LastUpdateTime />
    </Product>
    <Product>
      <PriceUpdateDate>2018/01/10 11:24</PriceUpdateDate>
      <ItemCode>7290003401420</ItemCode>
      <ItemType>1</ItemType>
      <ItemName>נטורל פורמולה קרם לחות</ItemName>
      <ManufactureName>החברה הדרומית לשיווק בעמ</ManufactureName>
      <ManufactureCountry />
      <ManufactureItemDescription />
      <UnitQty>יח`</UnitQty>
      <Quantity>400</Quantity>
      <UnitMeasure>מ"ל</UnitMeasure>
      <BisWeighted>0</BisWeighted>
      <QtyInPackage>1</QtyInPackage>
      <ItemPrice>21.90</ItemPrice>
      <UnitOfMeasurePrice>5.48</UnitOfMeasurePrice>
      <AllowDiscount>1</AllowDiscount>
      <itemStatus>1</itemStatus>
      <LastUpdateDate />
      <LastUpdateTime />
    </Product>
    <Product>
      <PriceUpdateDate>2012/03/29 13:20</PriceUpdateDate>
      <ItemCode>7290003406579</ItemCode>
      <ItemType>1</ItemType>
      <ItemName>טחול עגל ממולא</ItemName>
      <ManufactureName>לאטי עזרא בעמ</ManufactureName>
      <ManufactureCountry />
      <ManufactureItemDescription />
      <UnitQty>ק"ג</UnitQty>
      <Quantity>1</Quantity>
      <UnitMeasure />
      <BisWeighted>1</BisWeighted>
      <QtyInPackage>1</QtyInPackage>
      <ItemPrice>64.99</ItemPrice>
      <UnitOfMeasurePrice>64.99</UnitOfMeasurePrice>
      <AllowDiscount>0</AllowDiscount>
      <itemStatus>1</itemStatus>
      <LastUpdateDate />
      <LastUpdateTime />
    </Product>
    <Product>
      <PriceUpdateDate>2017/07/21 08:53</PriceUpdateDate>
      <ItemCode>7290003411054</ItemCode>
      <ItemType>1</ItemType>
      <ItemName>דליקטס גדול 5 יח הנמל</ItemName>
      <ManufactureName>הנמל אריזות ושיווק (1984) בעמ</ManufactureName>
      <ManufactureCountry />
      <ManufactureItemDescription />
      <UnitQty>יח`</UnitQty>
      <Quantity>100</Quantity>
      <UnitMeasure>גרם</UnitMeasure>
      <BisWeighted>0</BisWeighted>
      <QtyInPackage>1</QtyInPackage>
      <ItemPrice>3.90</ItemPrice>
      <UnitOfMeasurePrice>3.90</UnitOfMeasurePrice>
      <AllowDiscount>1</AllowDiscount>
      <itemStatus>1</itemStatus>
      <LastUpdateDate />
      <LastUpdateTime />
    </Product>
    <Product>
      <PriceUpdateDate>2018/07/19 15:15</PriceUpdateDate>
      <ItemCode>7290003411405</ItemCode>
      <ItemType>1</ItemType>
      <ItemName>נר נשמה 24 שעות פח</ItemName>
      <ManufactureName>הנמל אריזות ושיווק (1984) בעמ</ManufactureName>
      <ManufactureCountry />
      <ManufactureItemDescription />
      <UnitQty>יח`</UnitQty>
      <Quantity>1</Quantity>
      <UnitMeasure />
      <BisWeighted>0</BisWeighted>
      <QtyInPackage>1</QtyInPackage>
      <ItemPrice>1.90</ItemPrice>
      <UnitOfMeasurePrice>1.90</UnitOfMeasurePrice>
      <AllowDiscount>0</AllowDiscount>
      <itemStatus>1</itemStatus>
      <LastUpdateDate />
      <LastUpdateTime />
    </Product>
    <Product>
      <PriceUpdateDate>2019/03/11 11:42</PriceUpdateDate>
      <ItemCode>7290003411573</ItemCode>
      <ItemType>1</ItemType>
      <ItemName>צלחות עמוקות לבן 30 יחידות</ItemName>
      <ManufactureName>הנמל אריזות ושיווק (1984) בעמ</ManufactureName>
      <ManufactureCountry />
      <ManufactureItemDescription />
      <UnitQty>יח`</UnitQty>
      <Quantity>1</Quantity>
      <UnitMeasure />
      <BisWeighted>0</BisWeighted>
      <QtyInPackage>1</QtyInPackage>
      <ItemPrice>8.90</ItemPrice>
      <UnitOfMeasurePrice>8.90</UnitOfMeasurePrice>
      <AllowDiscount>0</AllowDiscount>
      <itemStatus>1</itemStatus>
      <LastUpdateDate />
      <LastUpdateTime />
    </Product>
    <Product>
      <PriceUpdateDate>2019/03/11 11:42</PriceUpdateDate>
      <ItemCode>7290003411696</ItemCode>
      <ItemType>1</ItemType>
      <ItemName>מרקיות לבן 25 יחידות</ItemName>
      <ManufactureName>הנמל אריזות ושיווק (1984) בעמ</ManufactureName>
      <ManufactureCountry />
      <ManufactureItemDescription />
      <UnitQty>יח`</UnitQty>
      <Quantity>25</Quantity>
      <UnitMeasure>יח`</UnitMeasure>
      <BisWeighted>0</BisWeighted>
      <QtyInPackage>1</QtyInPackage>
      <ItemPrice>3.90</ItemPrice>
      <UnitOfMeasurePrice>0.16</UnitOfMeasurePrice>
      <AllowDiscount>1</AllowDiscount>
      <itemStatus>1</itemStatus>
      <LastUpdateDate />
      <LastUpdateTime />
    </Product>
    <Product>
      <PriceUpdateDate>2017/03/09 08:10</PriceUpdateDate>
      <ItemCode>7290003411993</ItemCode>
      <ItemType>1</ItemType>
      <ItemName>גפרורים</ItemName>
      <ManufactureName>הנמל אריזות ושיווק (1984) בעמ</ManufactureName>
      <ManufactureCountry />
      <ManufactureItemDescription />
      <UnitQty>יח`</UnitQty>
      <Quantity>1</Quantity>
      <UnitMeasure />
      <BisWeighted>0</BisWeighted>
      <QtyInPackage>1</QtyInPackage>
      <ItemPrice>2.90</ItemPrice>
      <UnitOfMeasurePrice>2.90</UnitOfMeasurePrice>
      <AllowDiscount>0</AllowDiscount>
      <itemStatus>1</itemStatus>
      <LastUpdateDate />
      <LastUpdateTime />
    </Product>
    <Product>
      <PriceUpdateDate>2018/02/07 15:27</PriceUpdateDate>
      <ItemCode>7290003427154</ItemCode>
      <ItemType>1</ItemType>
      <ItemName>שמן זית כתית מעולה 750 מל זיתא</ItemName>
      <ManufactureName>תה ויסוצקי (ישראל) בעמ</ManufactureName>
      <ManufactureCountry />
      <ManufactureItemDescription />
      <UnitQty>יח`</UnitQty>
      <Quantity>750</Quantity>
      <UnitMeasure>מ"ל</UnitMeasure>
      <BisWeighted>0</BisWeighted>
      <QtyInPackage>1</QtyInPackage>
      <ItemPrice>32.90</ItemPrice>
      <UnitOfMeasurePrice>4.39</UnitOfMeasurePrice>
      <AllowDiscount>0</AllowDiscount>
      <itemStatus>1</itemStatus>
      <LastUpdateDate />
      <LastUpdateTime />
    </Product>
    <Product>
      <PriceUpdateDate>2015/12/01 16:21</PriceUpdateDate>
      <ItemCode>7290003438006</ItemCode>
      <ItemType>1</ItemType>
      <ItemName>ממרח פסטו איטלקי 180 גר` אוליביה</ItemName>
      <ManufactureName>גורי מוצרי צריכה (1991) בעמ</ManufactureName>
      <ManufactureCountry />
      <ManufactureItemDescription />
      <UnitQty>יח`</UnitQty>
      <Quantity>190</Quantity>
      <UnitMeasure>גרם</UnitMeasure>
      <BisWeighted>0</BisWeighted>
      <QtyInPackage>1</QtyInPackage>
      <ItemPrice>14.90</ItemPrice>
      <UnitOfMeasurePrice>7.84</UnitOfMeasurePrice>
      <AllowDiscount>0</AllowDiscount>
      <itemStatus>1</itemStatus>
      <LastUpdateDate />
      <LastUpdateTime />
    </Product>
    <Product>
      <PriceUpdateDate>2015/05/03 10:14</PriceUpdateDate>
      <ItemCode>7290003438013</ItemCode>
      <ItemType>1</ItemType>
      <ItemName>ממרח זיתים ירוקים אוליביה (190 גרם)</ItemName>
      <ManufactureName>גורי מוצרי צריכה (1991) בעמ</ManufactureName>
      <ManufactureCountry />
      <ManufactureItemDescription />
      <UnitQty>יח`</UnitQty>
      <Quantity>190</Quantity>
      <UnitMeasure>גרם</UnitMeasure>
      <BisWeighted>0</BisWeighted>
      <QtyInPackage>1</QtyInPackage>
      <ItemPrice>13.90</ItemPrice>
      <UnitOfMeasurePrice>7.32</UnitOfMeasurePrice>
      <AllowDiscount>0</AllowDiscount>
      <itemStatus>1</itemStatus>
      <LastUpdateDate />
      <LastUpdateTime />
    </Product>
    <Product>
      <PriceUpdateDate>2015/05/03 10:14</PriceUpdateDate>
      <ItemCode>7290003438709</ItemCode>
      <ItemType>1</ItemType>
      <ItemName>ממרח זיתים שחורים אוליביה (190 גרם)</ItemName>
      <ManufactureName>גורי מוצרי צריכה (1991) בעמ</ManufactureName>
      <ManufactureCountry />
      <ManufactureItemDescription />
      <UnitQty>יח`</UnitQty>
      <Quantity>190</Quantity>
      <UnitMeasure>גרם</UnitMeasure>
      <BisWeighted>0</BisWeighted>
      <QtyInPackage>1</QtyInPackage>
      <ItemPrice>13.90</ItemPrice>
      <UnitOfMeasurePrice>7.32</UnitOfMeasurePrice>
      <AllowDiscount>0</AllowDiscount>
      <itemStatus>1</itemStatus>
      <LastUpdateDate />
      <LastUpdateTime />
    </Product>
    <Product>
      <PriceUpdateDate>2015/12/01 16:21</PriceUpdateDate>
      <ItemCode>7290003438853</ItemCode>
      <ItemType>1</ItemType>
      <ItemName>אריסה חריפה אוליביה (185 גרם)</ItemName>
      <ManufactureName>גורי מוצרי צריכה (1991) בעמ</ManufactureName>
      <ManufactureCountry />
      <ManufactureItemDescription />
      <UnitQty>יח`</UnitQty>
      <Quantity>180</Quantity>
      <UnitMeasure>גרם</UnitMeasure>
      <BisWeighted>0</BisWeighted>
      <QtyInPackage>1</QtyInPackage>
      <ItemPrice>14.90</ItemPrice>
      <UnitOfMeasurePrice>8.28</UnitOfMeasurePrice>
      <AllowDiscount>0</AllowDiscount>
      <itemStatus>1</itemStatus>
      <LastUpdateDate />
      <LastUpdateTime />
    </Product>
    <Product>
      <PriceUpdateDate>2015/05/27 14:08</PriceUpdateDate>
      <ItemCode>7290003438990</ItemCode>
      <ItemType>1</ItemType>
      <ItemName>עיטורי עגבניות מיובשות אוליביה (280 גרם)</ItemName>
      <ManufactureName>גורי מוצרי צריכה (1991) בעמ</ManufactureName>
      <ManufactureCountry />
      <ManufactureItemDescription />
      <UnitQty>יח`</UnitQty>
      <Quantity>220</Quantity>
      <UnitMeasure>גרם</UnitMeasure>
      <BisWeighted>0</BisWeighted>
      <QtyInPackage>1</QtyInPackage>
      <ItemPrice>19.90</ItemPrice>
      <UnitOfMeasurePrice>9.05</UnitOfMeasurePrice>
      <AllowDiscount>0</AllowDiscount>
      <itemStatus>1</itemStatus>
      <LastUpdateDate />
      <LastUpdateTime />
    </Product>
    <Product>
      <PriceUpdateDate>2015/05/29 10:29</PriceUpdateDate>
      <ItemCode>7290003450602</ItemCode>
      <ItemType>1</ItemType>
      <ItemName>חרדל היינץ (255 גרם)</ItemName>
      <ManufactureName>דיפלומט היינץ</ManufactureName>
      <ManufactureCountry />
      <ManufactureItemDescription />
      <UnitQty>יח`</UnitQty>
      <Quantity>255</Quantity>
      <UnitMeasure>גרם</UnitMeasure>
      <BisWeighted>0</BisWeighted>
      <QtyInPackage>1</QtyInPackage>
      <ItemPrice>11.90</ItemPrice>
      <UnitOfMeasurePrice>4.67</UnitOfMeasurePrice>
      <AllowDiscount>0</AllowDiscount>
      <itemStatus>1</itemStatus>
      <LastUpdateDate />
      <LastUpdateTime />
    </Product>
    <Product>
      <PriceUpdateDate>2015/05/27 14:17</PriceUpdateDate>
      <ItemCode>7290003457991</ItemCode>
      <ItemType>1</ItemType>
      <ItemName>מאגדת-קורנטו קלאסיק</ItemName>
      <ManufactureName>גלידות שטראוס בעמ</ManufactureName>
      <ManufactureCountry />
      <ManufactureItemDescription />
      <UnitQty>יח`</UnitQty>
      <Quantity>300</Quantity>
      <UnitMeasure>גרם</UnitMeasure>
      <BisWeighted>0</BisWeighted>
      <QtyInPackage>1</QtyInPackage>
      <ItemPrice>32.90</ItemPrice>
      <UnitOfMeasurePrice>10.97</UnitOfMeasurePrice>
      <AllowDiscount>1</AllowDiscount>
      <itemStatus>1</itemStatus>
      <LastUpdateDate />
      <LastUpdateTime />
    </Product>
    <Product>
      <PriceUpdateDate>2015/09/08 11:20</PriceUpdateDate>
      <ItemCode>7290003514007</ItemCode>
      <ItemType>1</ItemType>
      <ItemName>שקדי מרק מנה (400 גרם)</ItemName>
      <ManufactureName>ש.שסטוביץ בעמ</ManufactureName>
      <ManufactureCountry />
      <ManufactureItemDescription />
      <UnitQty>יח`</UnitQty>
      <Quantity>400</Quantity>
      <UnitMeasure>גרם</UnitMeasure>
      <BisWeighted>0</BisWeighted>
      <QtyInPackage>1</QtyInPackage>
      <ItemPrice>9.90</ItemPrice>
      <UnitOfMeasurePrice>2.48</UnitOfMeasurePrice>
      <AllowDiscount>0</AllowDiscount>
      <itemStatus>1</itemStatus>
      <LastUpdateDate />
      <LastUpdateTime />
    </Product>
    <Product>
      <PriceUpdateDate>2018/02/11 11:50</PriceUpdateDate>
      <ItemCode>7290003514571</ItemCode>
      <ItemType>1</ItemType>
      <ItemName>פריכונים אורז עם מלח מנה (100 גרם)</ItemName>
      <ManufactureName>ש.שסטוביץ בעמ</ManufactureName>
      <ManufactureCountry />
      <ManufactureItemDescription />
      <UnitQty>יח`</UnitQty>
      <Quantity>100</Quantity>
      <UnitMeasure>גרם</UnitMeasure>
      <BisWeighted>0</BisWeighted>
      <QtyInPackage>1</QtyInPackage>
      <ItemPrice>4.90</ItemPrice>
      <UnitOfMeasurePrice>4.90</UnitOfMeasurePrice>
      <AllowDiscount>0</AllowDiscount>
      <itemStatus>1</itemStatus>
      <LastUpdateDate />
      <LastUpdateTime />
    </Product>
    <Product>
      <PriceUpdateDate>2017/12/27 08:43</PriceUpdateDate>
      <ItemCode>7290003521074</ItemCode>
      <ItemType>1</ItemType>
      <ItemName>סרקל מרכך שיער לילדים דר. פישר (1 ליטר)</ItemName>
      <ManufactureName>פישר תעשיות פרמצבטיות בעמ</ManufactureName>
      <ManufactureCountry />
      <ManufactureItemDescription />
      <UnitQty>יח`</UnitQty>
      <Quantity>1000</Quantity>
      <UnitMeasure>מ"ל</UnitMeasure>
      <BisWeighted>0</BisWeighted>
      <QtyInPackage>1</QtyInPackage>
      <ItemPrice>27.90</ItemPrice>
      <UnitOfMeasurePrice>2.79</UnitOfMeasurePrice>
      <AllowDiscount>0</AllowDiscount>
      <itemStatus>1</itemStatus>
      <LastUpdateDate />
      <LastUpdateTime />
    </Product>
    <Product>
      <PriceUpdateDate>2015/01/13 09:53</PriceUpdateDate>
      <ItemCode>7290003521210</ItemCode>
      <ItemType>1</ItemType>
      <ItemName>סרקל מרכך שיער לילדים דר. פישר (2 ליטר)</ItemName>
      <ManufactureName>פישר תעשיות פרמצבטיות בעמ</ManufactureName>
      <ManufactureCountry />
      <ManufactureItemDescription />
      <UnitQty>יח`</UnitQty>
      <Quantity>2</Quantity>
      <UnitMeasure>1 ליטר</UnitMeasure>
      <BisWeighted>0</BisWeighted>
      <QtyInPackage>1</QtyInPackage>
      <ItemPrice>39.90</ItemPrice>
      <UnitOfMeasurePrice>19.95</UnitOfMeasurePrice>
      <AllowDiscount>0</AllowDiscount>
      <itemStatus>1</itemStatus>
      <LastUpdateDate />
      <LastUpdateTime />
    </Product>
    <Product>
      <PriceUpdateDate>2015/01/13 09:53</PriceUpdateDate>
      <ItemCode>7290003521463</ItemCode>
      <ItemType>1</ItemType>
      <ItemName>קמיל פלוס שמפו 2 ליטר</ItemName>
      <ManufactureName>פישר תעשיות פרמצבטיות בעמ</ManufactureName>
      <ManufactureCountry />
      <ManufactureItemDescription />
      <UnitQty>יח`</UnitQty>
      <Quantity>2</Quantity>
      <UnitMeasure>1 ליטר</UnitMeasure>
      <BisWeighted>0</BisWeighted>
      <QtyInPackage>1</QtyInPackage>
      <ItemPrice>39.90</ItemPrice>
      <UnitOfMeasurePrice>19.95</UnitOfMeasurePrice>
      <AllowDiscount>0</AllowDiscount>
      <itemStatus>1</itemStatus>
      <LastUpdateDate />
      <LastUpdateTime />
    </Product>
    <Product>
      <PriceUpdateDate>2020/03/17 13:39</PriceUpdateDate>
      <ItemCode>7290003522606</ItemCode>
      <ItemType>1</ItemType>
      <ItemName>מגבונים אנטיבקטריאלים לניקוי וחיטוי משטח</ItemName>
      <ManufactureName>פישר תעשיות פרמצבטיות בעמ</ManufactureName>
      <ManufactureCountry />
      <ManufactureItemDescription />
      <UnitQty>יח`</UnitQty>
      <Quantity>1</Quantity>
      <UnitMeasure />
      <BisWeighted>0</BisWeighted>
      <QtyInPackage>1</QtyInPackage>
      <ItemPrice>24.90</ItemPrice>
      <UnitOfMeasurePrice>24.90</UnitOfMeasurePrice>
      <AllowDiscount>0</AllowDiscount>
      <itemStatus>1</itemStatus>
      <LastUpdateDate />
      <LastUpdateTime />
    </Product>
    <Product>
      <PriceUpdateDate>2016/07/05 10:09</PriceUpdateDate>
      <ItemCode>7290003550753</ItemCode>
      <ItemType>1</ItemType>
      <ItemName>נתחי טונה בהירה בשמן פוסידון (108x4 גרם)</ItemName>
      <ManufactureName>נטו מלינדה סחר בעמ</ManufactureName>
      <ManufactureCountry />
      <ManufactureItemDescription />
      <UnitQty>יח`</UnitQty>
      <Quantity>432</Quantity>
      <UnitMeasure>גרם</UnitMeasure>
      <BisWeighted>0</BisWeighted>
      <QtyInPackage>1</QtyInPackage>
      <ItemPrice>19.90</ItemPrice>
      <UnitOfMeasurePrice>4.61</UnitOfMeasurePrice>
      <AllowDiscount>1</AllowDiscount>
      <itemStatus>1</itemStatus>
      <LastUpdateDate />
      <LastUpdateTime />
    </Product>
    <Product>
      <PriceUpdateDate>2020/01/05 11:29</PriceUpdateDate>
      <ItemCode>7290003570041</ItemCode>
      <ItemType>1</ItemType>
      <ItemName>דק דק אנטריקוט 300 גר` מוצפי מינוט</ItemName>
      <ManufactureName>בלדי בעמ</ManufactureName>
      <ManufactureCountry />
      <ManufactureItemDescription />
      <UnitQty>יח`</UnitQty>
      <Quantity>300</Quantity>
      <UnitMeasure>גרם</UnitMeasure>
      <BisWeighted>0</BisWeighted>
      <QtyInPackage>1</QtyInPackage>
      <ItemPrice>34.90</ItemPrice>
      <UnitOfMeasurePrice>11.63</UnitOfMeasurePrice>
      <AllowDiscount>1</AllowDiscount>
      <itemStatus>1</itemStatus>
      <LastUpdateDate />
      <LastUpdateTime />
    </Product>
    <Product>
      <PriceUpdateDate>2018/01/08 12:23</PriceUpdateDate>
      <ItemCode>7290003578061</ItemCode>
      <ItemType>1</ItemType>
      <ItemName>לבבות דקל שלמים וילי פוד (400 גרם)</ItemName>
      <ManufactureName>ג.וילי-פוד אינטרנשיונל בעמ</ManufactureName>
      <ManufactureCountry />
      <ManufactureItemDescription />
      <UnitQty>יח`</UnitQty>
      <Quantity>400</Quantity>
      <UnitMeasure>גרם</UnitMeasure>
      <BisWeighted>0</BisWeighted>
      <QtyInPackage>1</QtyInPackage>
      <ItemPrice>8.90</ItemPrice>
      <UnitOfMeasurePrice>2.23</UnitOfMeasurePrice>
      <AllowDiscount>1</AllowDiscount>
      <itemStatus>1</itemStatus>
      <LastUpdateDate />
      <LastUpdateTime />
    </Product>
    <Product>
      <PriceUpdateDate>2019/02/03 12:17</PriceUpdateDate>
      <ItemCode>7290003578108</ItemCode>
      <ItemType>1</ItemType>
      <ItemName>חתיכות אננס בסירופ קל וילי פוד (850 גרם)</ItemName>
      <ManufactureName>ג.וילי-פוד אינטרנשיונל בעמ</ManufactureName>
      <ManufactureCountry />
      <ManufactureItemDescription />
      <UnitQty>יח`</UnitQty>
      <Quantity>820</Quantity>
      <UnitMeasure>גרם</UnitMeasure>
      <BisWeighted>0</BisWeighted>
      <QtyInPackage>1</QtyInPackage>
      <ItemPrice>6.80</ItemPrice>
      <UnitOfMeasurePrice>0.83</UnitOfMeasurePrice>
      <AllowDiscount>1</AllowDiscount>
      <itemStatus>1</itemStatus>
      <LastUpdateDate />
      <LastUpdateTime />
    </Product>
    <Product>
      <PriceUpdateDate>2019/02/03 12:17</PriceUpdateDate>
      <ItemCode>7290003578177</ItemCode>
      <ItemType>1</ItemType>
      <ItemName>תירס צעיר שלם וילי פוד (410 גרם)</ItemName>
      <ManufactureName>ג.וילי-פוד אינטרנשיונל בעמ</ManufactureName>
      <ManufactureCountry />
      <ManufactureItemDescription />
      <UnitQty>יח`</UnitQty>
      <Quantity>410</Quantity>
      <UnitMeasure>גרם</UnitMeasure>
      <BisWeighted>0</BisWeighted>
      <QtyInPackage>1</QtyInPackage>
      <ItemPrice>4.90</ItemPrice>
      <UnitOfMeasurePrice>1.20</UnitOfMeasurePrice>
      <AllowDiscount>1</AllowDiscount>
      <itemStatus>1</itemStatus>
      <LastUpdateDate />
      <LastUpdateTime />
    </Product>
    <Product>
      <PriceUpdateDate>2019/06/02 12:48</PriceUpdateDate>
      <ItemCode>7290003578290</ItemCode>
      <ItemType>1</ItemType>
      <ItemName>מקלוני אורז</ItemName>
      <ManufactureName>ג.וילי-פוד אינטרנשיונל בעמ</ManufactureName>
      <ManufactureCountry />
      <ManufactureItemDescription />
      <UnitQty>יח`</UnitQty>
      <Quantity>300</Quantity>
      <UnitMeasure>גרם</UnitMeasure>
      <BisWeighted>0</BisWeighted>
      <QtyInPackage>1</QtyInPackage>
      <ItemPrice>4.90</ItemPrice>
      <UnitOfMeasurePrice>1.63</UnitOfMeasurePrice>
      <AllowDiscount>0</AllowDiscount>
      <itemStatus>1</itemStatus>
      <LastUpdateDate />
      <LastUpdateTime />
    </Product>
    <Product>
      <PriceUpdateDate>2018/12/25 18:40</PriceUpdateDate>
      <ItemCode>7290003578498</ItemCode>
      <ItemType>1</ItemType>
      <ItemName>חמאה מפינפלד ללא תופסת מלח 500 גר` וילי</ItemName>
      <ManufactureName>ג.וילי-פוד אינטרנשיונל בעמ</ManufactureName>
      <ManufactureCountry />
      <ManufactureItemDescription />
      <UnitQty>יח`</UnitQty>
      <Quantity>500</Quantity>
      <UnitMeasure>גרם</UnitMeasure>
      <BisWeighted>0</BisWeighted>
      <QtyInPackage>1</QtyInPackage>
      <ItemPrice>27.90</ItemPrice>
      <UnitOfMeasurePrice>5.58</UnitOfMeasurePrice>
      <AllowDiscount>0</AllowDiscount>
      <itemStatus>1</itemStatus>
      <LastUpdateDate />
      <LastUpdateTime />
    </Product>
    <Product>
      <PriceUpdateDate>2019/01/15 08:38</PriceUpdateDate>
      <ItemCode>7290003608089</ItemCode>
      <ItemType>1</ItemType>
      <ItemName>משקה קל תות בננה ספרינג (1.5 ליטר)</ItemName>
      <ManufactureName>יפאורה</ManufactureName>
      <ManufactureCountry />
      <ManufactureItemDescription />
      <UnitQty>יח`</UnitQty>
      <Quantity>1500</Quantity>
      <UnitMeasure>מ"ל</UnitMeasure>
      <BisWeighted>0</BisWeighted>
      <QtyInPackage>1</QtyInPackage>
      <ItemPrice>6.40</ItemPrice>
      <UnitOfMeasurePrice>0.43</UnitOfMeasurePrice>
      <AllowDiscount>1</AllowDiscount>
      <itemStatus>1</itemStatus>
      <LastUpdateDate />
      <LastUpdateTime />
    </Product>
    <Product>
      <PriceUpdateDate>2019/03/24 12:39</PriceUpdateDate>
      <ItemCode>7290003608546</ItemCode>
      <ItemType>1</ItemType>
      <ItemName>משקה קל תות בננה תפוזינה (1.5 ליטר)</ItemName>
      <ManufactureName>יפאורה</ManufactureName>
      <ManufactureCountry />
      <ManufactureItemDescription />
      <UnitQty>יח`</UnitQty>
      <Quantity>1500</Quantity>
      <UnitMeasure>גרם</UnitMeasure>
      <BisWeighted>0</BisWeighted>
      <QtyInPackage>1</QtyInPackage>
      <ItemPrice>6.50</ItemPrice>
      <UnitOfMeasurePrice>0.43</UnitOfMeasurePrice>
      <AllowDiscount>1</AllowDiscount>
      <itemStatus>1</itemStatus>
      <LastUpdateDate />
      <LastUpdateTime />
    </Product>
    <Product>
      <PriceUpdateDate>2015/05/03 11:34</PriceUpdateDate>
      <ItemCode>7290003608621</ItemCode>
      <ItemType>1</ItemType>
      <ItemName>קולה אר. סי. (1.5x6 ליטר)</ItemName>
      <ManufactureName>יפאורה</ManufactureName>
      <ManufactureCountry />
      <ManufactureItemDescription />
      <UnitQty>יח`</UnitQty>
      <Quantity>9000</Quantity>
      <UnitMeasure>מ"ל</UnitMeasure>
      <BisWeighted>0</BisWeighted>
      <QtyInPackage>1</QtyInPackage>
      <ItemPrice>25.90</ItemPrice>
      <UnitOfMeasurePrice>0.29</UnitOfMeasurePrice>
      <AllowDiscount>0</AllowDiscount>
      <itemStatus>1</itemStatus>
      <LastUpdateDate />
      <LastUpdateTime />
    </Product>
    <Product>
      <PriceUpdateDate>2019/03/24 12:39</PriceUpdateDate>
      <ItemCode>7290003608898</ItemCode>
      <ItemType>1</ItemType>
      <ItemName>משקה קל תפוזינה תפוז 1.5 ליטר לייט</ItemName>
      <ManufactureName>יפאורה</ManufactureName>
      <ManufactureCountry />
      <ManufactureItemDescription />
      <UnitQty>יח`</UnitQty>
      <Quantity>1500</Quantity>
      <UnitMeasure>מ"ל</UnitMeasure>
      <BisWeighted>0</BisWeighted>
      <QtyInPackage>1</QtyInPackage>
      <ItemPrice>6.50</ItemPrice>
      <UnitOfMeasurePrice>0.43</UnitOfMeasurePrice>
      <AllowDiscount>1</AllowDiscount>
      <itemStatus>1</itemStatus>
      <LastUpdateDate />
      <LastUpdateTime />
    </Product>
    <Product>
      <PriceUpdateDate>2018/11/14 08:23</PriceUpdateDate>
      <ItemCode>7290003643004</ItemCode>
      <ItemType>1</ItemType>
      <ItemName>אורז בסמטי קלאסי סוגת (1 קג)</ItemName>
      <ManufactureName>סוגת תעשיות בעמ</ManufactureName>
      <ManufactureCountry />
      <ManufactureItemDescription />
      <UnitQty>יח`</UnitQty>
      <Quantity>1000</Quantity>
      <UnitMeasure>גרם</UnitMeasure>
      <BisWeighted>0</BisWeighted>
      <QtyInPackage>1</QtyInPackage>
      <ItemPrice>13.90</ItemPrice>
      <UnitOfMeasurePrice>1.39</UnitOfMeasurePrice>
      <AllowDiscount>0</AllowDiscount>
      <itemStatus>1</itemStatus>
      <LastUpdateDate />
      <LastUpdateTime />
    </Product>
    <Product>
      <PriceUpdateDate>2015/06/28 14:11</PriceUpdateDate>
      <ItemCode>7290003643295</ItemCode>
      <ItemType>1</ItemType>
      <ItemName>אורז בסגנון פרסי לבן אורזיל (1 קג)</ItemName>
      <ManufactureName>סוגת תעשיות בעמ</ManufactureName>
      <ManufactureCountry />
      <ManufactureItemDescription />
      <UnitQty>יח`</UnitQty>
      <Quantity>1000</Quantity>
      <UnitMeasure>גרם</UnitMeasure>
      <BisWeighted>0</BisWeighted>
      <QtyInPackage>1</QtyInPackage>
      <ItemPrice>5.90</ItemPrice>
      <UnitOfMeasurePrice>0.59</UnitOfMeasurePrice>
      <AllowDiscount>1</AllowDiscount>
      <itemStatus>1</itemStatus>
      <LastUpdateDate />
      <LastUpdateTime />
    </Product>
    <Product>
      <PriceUpdateDate>2014/04/23 12:03</PriceUpdateDate>
      <ItemCode>7290003643325</ItemCode>
      <ItemType>1</ItemType>
      <ItemName>קוסקוס בינוני סוגת (350 גרם)</ItemName>
      <ManufactureName>סוגת תעשיות בעמ</ManufactureName>
      <ManufactureCountry />
      <ManufactureItemDescription />
      <UnitQty>יח`</UnitQty>
      <Quantity>350</Quantity>
      <UnitMeasure>גרם</UnitMeasure>
      <BisWeighted>0</BisWeighted>
      <QtyInPackage>1</QtyInPackage>
      <ItemPrice>4.90</ItemPrice>
      <UnitOfMeasurePrice>1.40</UnitOfMeasurePrice>
      <AllowDiscount>1</AllowDiscount>
      <itemStatus>1</itemStatus>
      <LastUpdateDate />
      <LastUpdateTime />
    </Product>
    <Product>
      <PriceUpdateDate>2015/04/30 15:13</PriceUpdateDate>
      <ItemCode>7290003643646</ItemCode>
      <ItemType>1</ItemType>
      <ItemName>סוכר דמררה סוגת 1 קג</ItemName>
      <ManufactureName>סוגת תעשיות בעמ</ManufactureName>
      <ManufactureCountry />
      <ManufactureItemDescription />
      <UnitQty>יח`</UnitQty>
      <Quantity>1000</Quantity>
      <UnitMeasure>גרם</UnitMeasure>
      <BisWeighted>0</BisWeighted>
      <QtyInPackage>1</QtyInPackage>
      <ItemPrice>11.90</ItemPrice>
      <UnitOfMeasurePrice>1.19</UnitOfMeasurePrice>
      <AllowDiscount>1</AllowDiscount>
      <itemStatus>1</itemStatus>
      <LastUpdateDate />
      <LastUpdateTime />
    </Product>
    <Product>
      <PriceUpdateDate>2015/03/16 12:36</PriceUpdateDate>
      <ItemCode>7290003643684</ItemCode>
      <ItemType>1</ItemType>
      <ItemName>אפונה סוגת (500 גרם)</ItemName>
      <ManufactureName>סוגת תעשיות בעמ</ManufactureName>
      <ManufactureCountry />
      <ManufactureItemDescription />
      <UnitQty>יח`</UnitQty>
      <Quantity>500</Quantity>
      <UnitMeasure>גרם</UnitMeasure>
      <BisWeighted>0</BisWeighted>
      <QtyInPackage>1</QtyInPackage>
      <ItemPrice>6.90</ItemPrice>
      <UnitOfMeasurePrice>1.38</UnitOfMeasurePrice>
      <AllowDiscount>1</AllowDiscount>
      <itemStatus>1</itemStatus>
      <LastUpdateDate />
      <LastUpdateTime />
    </Product>
    <Product>
      <PriceUpdateDate>2018/02/05 11:49</PriceUpdateDate>
      <ItemCode>7290003643707</ItemCode>
      <ItemType>1</ItemType>
      <ItemName>גריסים סוגת (500 גרם)</ItemName>
      <ManufactureName>סוגת תעשיות בעמ</ManufactureName>
      <ManufactureCountry />
      <ManufactureItemDescription />
      <UnitQty>יח`</UnitQty>
      <Quantity>500</Quantity>
      <UnitMeasure>גרם</UnitMeasure>
      <BisWeighted>0</BisWeighted>
      <QtyInPackage>1</QtyInPackage>
      <ItemPrice>5.90</ItemPrice>
      <UnitOfMeasurePrice>1.18</UnitOfMeasurePrice>
      <AllowDiscount>1</AllowDiscount>
      <itemStatus>1</itemStatus>
      <LastUpdateDate />
      <LastUpdateTime />
    </Product>
    <Product>
      <PriceUpdateDate>2015/03/02 10:31</PriceUpdateDate>
      <ItemCode>7290003643752</ItemCode>
      <ItemType>1</ItemType>
      <ItemName>עדשים ירוקות סוגת (500 גרם)</ItemName>
      <ManufactureName>סוגת תעשיות בעמ</ManufactureName>
      <ManufactureCountry />
      <ManufactureItemDescription />
      <UnitQty>יח`</UnitQty>
      <Quantity>500</Quantity>
      <UnitMeasure>גרם</UnitMeasure>
      <BisWeighted>0</BisWeighted>
      <QtyInPackage>1</QtyInPackage>
      <ItemPrice>6.90</ItemPrice>
      <UnitOfMeasurePrice>1.38</UnitOfMeasurePrice>
      <AllowDiscount>1</AllowDiscount>
      <itemStatus>1</itemStatus>
      <LastUpdateDate />
      <LastUpdateTime />
    </Product>
    <Product>
      <PriceUpdateDate>2015/03/02 10:31</PriceUpdateDate>
      <ItemCode>7290003643769</ItemCode>
      <ItemType>1</ItemType>
      <ItemName>עדשים אדומות סוגת (500 גרם)</ItemName>
      <ManufactureName>סוגת תעשיות בעמ</ManufactureName>
      <ManufactureCountry />
      <ManufactureItemDescription />
      <UnitQty>יח`</UnitQty>
      <Quantity>500</Quantity>
      <UnitMeasure>גרם</UnitMeasure>
      <BisWeighted>0</BisWeighted>
      <QtyInPackage>1</QtyInPackage>
      <ItemPrice>8.90</ItemPrice>
      <UnitOfMeasurePrice>1.78</UnitOfMeasurePrice>
      <AllowDiscount>1</AllowDiscount>
      <itemStatus>1</itemStatus>
      <LastUpdateDate />
      <LastUpdateTime />
    </Product>
    <Product>
      <PriceUpdateDate>2015/03/02 10:31</PriceUpdateDate>
      <ItemCode>7290003643776</ItemCode>
      <ItemType>1</ItemType>
      <ItemName>פופקורן סוגת (500 גרם)</ItemName>
      <ManufactureName>סוגת תעשיות בעמ</ManufactureName>
      <ManufactureCountry />
      <ManufactureItemDescription />
      <UnitQty>יח`</UnitQty>
      <Quantity>500</Quantity>
      <UnitMeasure>גרם</UnitMeasure>
      <BisWeighted>0</BisWeighted>
      <QtyInPackage>1</QtyInPackage>
      <ItemPrice>6.90</ItemPrice>
      <UnitOfMeasurePrice>1.38</UnitOfMeasurePrice>
      <AllowDiscount>1</AllowDiscount>
      <itemStatus>1</itemStatus>
      <LastUpdateDate />
      <LastUpdateTime />
    </Product>
    <Product>
      <PriceUpdateDate>2015/06/28 14:11</PriceUpdateDate>
      <ItemCode>7290003643806</ItemCode>
      <ItemType>1</ItemType>
      <ItemName>שעועית לבנה יבשה סוגת (500 גרם)</ItemName>
      <ManufactureName>סוגת תעשיות בעמ</ManufactureName>
      <ManufactureCountry />
      <ManufactureItemDescription />
      <UnitQty>יח`</UnitQty>
      <Quantity>500</Quantity>
      <UnitMeasure>גרם</UnitMeasure>
      <BisWeighted>0</BisWeighted>
      <QtyInPackage>1</QtyInPackage>
      <ItemPrice>12.90</ItemPrice>
      <UnitOfMeasurePrice>2.58</UnitOfMeasurePrice>
      <AllowDiscount>1</AllowDiscount>
      <itemStatus>1</itemStatus>
      <LastUpdateDate />
      <LastUpdateTime />
    </Product>
    <Product>
      <PriceUpdateDate>2015/03/16 12:36</PriceUpdateDate>
      <ItemCode>7290003643813</ItemCode>
      <ItemType>1</ItemType>
      <ItemName>שעועית אדומה סוגת (500 גרם)</ItemName>
      <ManufactureName>סוגת תעשיות בעמ</ManufactureName>
      <ManufactureCountry />
      <ManufactureItemDescription />
      <UnitQty>יח`</UnitQty>
      <Quantity>500</Quantity>
      <UnitMeasure>גרם</UnitMeasure>
      <BisWeighted>0</BisWeighted>
      <QtyInPackage>1</QtyInPackage>
      <ItemPrice>10.90</ItemPrice>
      <UnitOfMeasurePrice>2.18</UnitOfMeasurePrice>
      <AllowDiscount>1</AllowDiscount>
      <itemStatus>1</itemStatus>
      <LastUpdateDate />
      <LastUpdateTime />
    </Product>
    <Product>
      <PriceUpdateDate>2017/05/10 07:22</PriceUpdateDate>
      <ItemCode>7290003643820</ItemCode>
      <ItemType>1</ItemType>
      <ItemName>חומוס ענק סוגת (500 גרם)</ItemName>
      <ManufactureName>סוגת תעשיות בעמ</ManufactureName>
      <ManufactureCountry />
      <ManufactureItemDescription />
      <UnitQty>יח`</UnitQty>
      <Quantity>500</Quantity>
      <UnitMeasure>גרם</UnitMeasure>
      <BisWeighted>0</BisWeighted>
      <QtyInPackage>1</QtyInPackage>
      <ItemPrice>12.90</ItemPrice>
      <UnitOfMeasurePrice>2.58</UnitOfMeasurePrice>
      <AllowDiscount>1</AllowDiscount>
      <itemStatus>1</itemStatus>
      <LastUpdateDate />
      <LastUpdateTime />
    </Product>
    <Product>
      <PriceUpdateDate>2018/11/16 11:33</PriceUpdateDate>
      <ItemCode>7290003667109</ItemCode>
      <ItemType>1</ItemType>
      <ItemName>משקה אורנג` פאנטה (1.5 ליטר)</ItemName>
      <ManufactureName>החברה המרכזית להפצת משקאות בעמ</ManufactureName>
      <ManufactureCountry />
      <ManufactureItemDescription />
      <UnitQty>יח`</UnitQty>
      <Quantity>1.50</Quantity>
      <UnitMeasure>1 ליטר</UnitMeasure>
      <BisWeighted>0</BisWeighted>
      <QtyInPackage>1</QtyInPackage>
      <ItemPrice>7.70</ItemPrice>
      <UnitOfMeasurePrice>5.13</UnitOfMeasurePrice>
      <AllowDiscount>0</AllowDiscount>
      <itemStatus>1</itemStatus>
      <LastUpdateDate />
      <LastUpdateTime />
    </Product>
    <Product>
      <PriceUpdateDate>2018/11/16 11:32</PriceUpdateDate>
      <ItemCode>7290003667369</ItemCode>
      <ItemType>1</ItemType>
      <ItemName>משקה קל תות בננה פריגת (1.5 ליטר)</ItemName>
      <ManufactureName>החברה המרכזית להפצת משקאות בעמ</ManufactureName>
      <ManufactureCountry />
      <ManufactureItemDescription />
      <UnitQty>יח`</UnitQty>
      <Quantity>1500</Quantity>
      <UnitMeasure>מ"ל</UnitMeasure>
      <BisWeighted>0</BisWeighted>
      <QtyInPackage>1</QtyInPackage>
      <ItemPrice>7.20</ItemPrice>
      <UnitOfMeasurePrice>0.48</UnitOfMeasurePrice>
      <AllowDiscount>1</AllowDiscount>
      <itemStatus>1</itemStatus>
      <LastUpdateDate />
      <LastUpdateTime />
    </Product>
    <Product>
      <PriceUpdateDate>2018/11/16 11:33</PriceUpdateDate>
      <ItemCode>7290003667673</ItemCode>
      <ItemType>1</ItemType>
      <ItemName>משקה דיאט אורנג` פאנטה (1.5 ליטר)</ItemName>
      <ManufactureName>החברה המרכזית להפצת משקאות בעמ</ManufactureName>
      <ManufactureCountry />
      <ManufactureItemDescription />
      <UnitQty>יח`</UnitQty>
      <Quantity>1.50</Quantity>
      <UnitMeasure>1 ליטר</UnitMeasure>
      <BisWeighted>0</BisWeighted>
      <QtyInPackage>1</QtyInPackage>
      <ItemPrice>7.70</ItemPrice>
      <UnitOfMeasurePrice>5.13</UnitOfMeasurePrice>
      <AllowDiscount>0</AllowDiscount>
      <itemStatus>1</itemStatus>
      <LastUpdateDate />
      <LastUpdateTime />
    </Product>
    <Product>
      <PriceUpdateDate>2014/12/31 10:45</PriceUpdateDate>
      <ItemCode>7290003681303</ItemCode>
      <ItemType>1</ItemType>
      <ItemName>שעועית מעורבת 500  גר`מיה</ItemName>
      <ManufactureName>מיה תעשיות מזון מ.ת.מ. בעמ</ManufactureName>
      <ManufactureCountry />
      <ManufactureItemDescription />
      <UnitQty>יח`</UnitQty>
      <Quantity>500</Quantity>
      <UnitMeasure>גרם</UnitMeasure>
      <BisWeighted>0</BisWeighted>
      <QtyInPackage>1</QtyInPackage>
      <ItemPrice>11.90</ItemPrice>
      <UnitOfMeasurePrice>2.38</UnitOfMeasurePrice>
      <AllowDiscount>0</AllowDiscount>
      <itemStatus>1</itemStatus>
      <LastUpdateDate />
      <LastUpdateTime />
    </Product>
    <Product>
      <PriceUpdateDate>2015/12/17 11:05</PriceUpdateDate>
      <ItemCode>7290003681334</ItemCode>
      <ItemType>1</ItemType>
      <ItemName>קוקוס מיה (400 גרם)</ItemName>
      <ManufactureName>מיה תעשיות מזון מ.ת.מ. בעמ</ManufactureName>
      <ManufactureCountry />
      <ManufactureItemDescription />
      <UnitQty>יח`</UnitQty>
      <Quantity>400</Quantity>
      <UnitMeasure>גרם</UnitMeasure>
      <BisWeighted>0</BisWeighted>
      <QtyInPackage>1</QtyInPackage>
      <ItemPrice>11.90</ItemPrice>
      <UnitOfMeasurePrice>2.98</UnitOfMeasurePrice>
      <AllowDiscount>1</AllowDiscount>
      <itemStatus>1</itemStatus>
      <LastUpdateDate />
      <LastUpdateTime />
    </Product>
    <Product>
      <PriceUpdateDate>2014/05/11 13:25</PriceUpdateDate>
      <ItemCode>7290003681693</ItemCode>
      <ItemType>1</ItemType>
      <ItemName>חומוס לבן ענק מיה (500 גרם)</ItemName>
      <ManufactureName>מיה תעשיות מזון מ.ת.מ. בעמ</ManufactureName>
      <ManufactureCountry />
      <ManufactureItemDescription />
      <UnitQty>יח`</UnitQty>
      <Quantity>500</Quantity>
      <UnitMeasure>גרם</UnitMeasure>
      <BisWeighted>0</BisWeighted>
      <QtyInPackage>1</QtyInPackage>
      <ItemPrice>10.90</ItemPrice>
      <UnitOfMeasurePrice>2.18</UnitOfMeasurePrice>
      <AllowDiscount>0</AllowDiscount>
      <itemStatus>1</itemStatus>
      <LastUpdateDate />
      <LastUpdateTime />
    </Product>
    <Product>
      <PriceUpdateDate>2015/12/01 16:31</PriceUpdateDate>
      <ItemCode>7290003681716</ItemCode>
      <ItemType>1</ItemType>
      <ItemName>גריסי פנינה מיה (500 גרם)</ItemName>
      <ManufactureName>מיה תעשיות מזון מ.ת.מ. בעמ</ManufactureName>
      <ManufactureCountry />
      <ManufactureItemDescription />
      <UnitQty>יח`</UnitQty>
      <Quantity>500</Quantity>
      <UnitMeasure>גרם</UnitMeasure>
      <BisWeighted>0</BisWeighted>
      <QtyInPackage>1</QtyInPackage>
      <ItemPrice>6.90</ItemPrice>
      <UnitOfMeasurePrice>1.38</UnitOfMeasurePrice>
      <AllowDiscount>0</AllowDiscount>
      <itemStatus>1</itemStatus>
      <LastUpdateDate />
      <LastUpdateTime />
    </Product>
    <Product>
      <PriceUpdateDate>2015/03/02 14:33</PriceUpdateDate>
      <ItemCode>7290003681785</ItemCode>
      <ItemType>1</ItemType>
      <ItemName>אורז בסגנון פרסי זהב מיה (1 קג)</ItemName>
      <ManufactureName>מיה תעשיות מזון מ.ת.מ. בעמ</ManufactureName>
      <ManufactureCountry />
      <ManufactureItemDescription />
      <UnitQty>יח`</UnitQty>
      <Quantity>1</Quantity>
      <UnitMeasure>ק"ג</UnitMeasure>
      <BisWeighted>0</BisWeighted>
      <QtyInPackage>1</QtyInPackage>
      <ItemPrice>7.90</ItemPrice>
      <UnitOfMeasurePrice>7.90</UnitOfMeasurePrice>
      <AllowDiscount>0</AllowDiscount>
      <itemStatus>1</itemStatus>
      <LastUpdateDate />
      <LastUpdateTime />
    </Product>
    <Product>
      <PriceUpdateDate>2016/04/06 12:47</PriceUpdateDate>
      <ItemCode>7290003681792</ItemCode>
      <ItemType>1</ItemType>
      <ItemName>סוכריות טופי פירות מיה (850 גרם)</ItemName>
      <ManufactureName>מיה תעשיות מזון מ.ת.מ. בעמ</ManufactureName>
      <ManufactureCountry />
      <ManufactureItemDescription />
      <UnitQty>יח`</UnitQty>
      <Quantity>850</Quantity>
      <UnitMeasure>גרם</UnitMeasure>
      <BisWeighted>0</BisWeighted>
      <QtyInPackage>1</QtyInPackage>
      <ItemPrice>15.90</ItemPrice>
      <UnitOfMeasurePrice>1.87</UnitOfMeasurePrice>
      <AllowDiscount>0</AllowDiscount>
      <itemStatus>1</itemStatus>
      <LastUpdateDate />
      <LastUpdateTime />
    </Product>
    <Product>
      <PriceUpdateDate>2015/03/02 14:33</PriceUpdateDate>
      <ItemCode>7290003681945</ItemCode>
      <ItemType>1</ItemType>
      <ItemName>מיץ לימון טבעי מיה (500 מל)</ItemName>
      <ManufactureName>מיה תעשיות מזון מ.ת.מ. בעמ</ManufactureName>
      <ManufactureCountry />
      <ManufactureItemDescription />
      <UnitQty>יח`</UnitQty>
      <Quantity>500</Quantity>
      <UnitMeasure>מ"ל</UnitMeasure>
      <BisWeighted>0</BisWeighted>
      <QtyInPackage>1</QtyInPackage>
      <ItemPrice>11.90</ItemPrice>
      <UnitOfMeasurePrice>2.38</UnitOfMeasurePrice>
      <AllowDiscount>0</AllowDiscount>
      <itemStatus>1</itemStatus>
      <LastUpdateDate />
      <LastUpdateTime />
    </Product>
    <Product>
      <PriceUpdateDate>2015/01/13 08:39</PriceUpdateDate>
      <ItemCode>7290003726141</ItemCode>
      <ItemType>1</ItemType>
      <ItemName>טופו משק גאיה (300 גרם)</ItemName>
      <ManufactureName>מחלבות גד שיווק 1992 בעמ</ManufactureName>
      <ManufactureCountry />
      <ManufactureItemDescription />
      <UnitQty>יח`</UnitQty>
      <Quantity>320</Quantity>
      <UnitMeasure>גרם</UnitMeasure>
      <BisWeighted>0</BisWeighted>
      <QtyInPackage>1</QtyInPackage>
      <ItemPrice>11.90</ItemPrice>
      <UnitOfMeasurePrice>3.72</UnitOfMeasurePrice>
      <AllowDiscount>0</AllowDiscount>
      <itemStatus>1</itemStatus>
      <LastUpdateDate />
      <LastUpdateTime />
    </Product>
    <Product>
      <PriceUpdateDate>2019/05/27 16:11</PriceUpdateDate>
      <ItemCode>7290003726592</ItemCode>
      <ItemType>1</ItemType>
      <ItemName>טופו ויילר 300 גר` בטעם פסטו</ItemName>
      <ManufactureName>שטראוס גרופ בעמ/מצונן</ManufactureName>
      <ManufactureCountry />
      <ManufactureItemDescription />
      <UnitQty>יח`</UnitQty>
      <Quantity>300</Quantity>
      <UnitMeasure>גרם</UnitMeasure>
      <BisWeighted>0</BisWeighted>
      <QtyInPackage>1</QtyInPackage>
      <ItemPrice>11.90</ItemPrice>
      <UnitOfMeasurePrice>3.97</UnitOfMeasurePrice>
      <AllowDiscount>0</AllowDiscount>
      <itemStatus>1</itemStatus>
      <LastUpdateDate />
      <LastUpdateTime />
    </Product>
    <Product>
      <PriceUpdateDate>2019/05/27 16:11</PriceUpdateDate>
      <ItemCode>7290003726615</ItemCode>
      <ItemType>1</ItemType>
      <ItemName>טופו ויילר 300 גר`</ItemName>
      <ManufactureName>שטראוס גרופ בעמ/מצונן</ManufactureName>
      <ManufactureCountry />
      <ManufactureItemDescription />
      <UnitQty>יח`</UnitQty>
      <Quantity>300</Quantity>
      <UnitMeasure>גרם</UnitMeasure>
      <BisWeighted>0</BisWeighted>
      <QtyInPackage>1</QtyInPackage>
      <ItemPrice>11.90</ItemPrice>
      <UnitOfMeasurePrice>3.97</UnitOfMeasurePrice>
      <AllowDiscount>0</AllowDiscount>
      <itemStatus>1</itemStatus>
      <LastUpdateDate />
      <LastUpdateTime />
    </Product>
    <Product>
      <PriceUpdateDate>2020/02/14 06:23</PriceUpdateDate>
      <ItemCode>7290003726684</ItemCode>
      <ItemType>1</ItemType>
      <ItemName>טופו טבעי</ItemName>
      <ManufactureName>שטראוס גרופ בעמ/מצונן</ManufactureName>
      <ManufactureCountry />
      <ManufactureItemDescription />
      <UnitQty>יח`</UnitQty>
      <Quantity>300</Quantity>
      <UnitMeasure>גרם</UnitMeasure>
      <BisWeighted>0</BisWeighted>
      <QtyInPackage>1</QtyInPackage>
      <ItemPrice>13.90</ItemPrice>
      <UnitOfMeasurePrice>4.63</UnitOfMeasurePrice>
      <AllowDiscount>1</AllowDiscount>
      <itemStatus>1</itemStatus>
      <LastUpdateDate />
      <LastUpdateTime />
    </Product>
    <Product>
      <PriceUpdateDate>2015/05/03 10:15</PriceUpdateDate>
      <ItemCode>7290003744848</ItemCode>
      <ItemType>1</ItemType>
      <ItemName>אובלטים 300  גר`עם גריל</ItemName>
      <ManufactureName>שוקוטרייד בעמ</ManufactureName>
      <ManufactureCountry />
      <ManufactureItemDescription />
      <UnitQty>יח`</UnitQty>
      <Quantity>300</Quantity>
      <UnitMeasure>גרם</UnitMeasure>
      <BisWeighted>0</BisWeighted>
      <QtyInPackage>1</QtyInPackage>
      <ItemPrice>11.90</ItemPrice>
      <UnitOfMeasurePrice>3.97</UnitOfMeasurePrice>
      <AllowDiscount>0</AllowDiscount>
      <itemStatus>1</itemStatus>
      <LastUpdateDate />
      <LastUpdateTime />
    </Product>
    <Product>
      <PriceUpdateDate>2015/05/03 10:15</PriceUpdateDate>
      <ItemCode>7290003744855</ItemCode>
      <ItemType>1</ItemType>
      <ItemName>אובלטים 300  גר`עם שומשום</ItemName>
      <ManufactureName>שוקוטרייד בעמ</ManufactureName>
      <ManufactureCountry />
      <ManufactureItemDescription />
      <UnitQty>יח`</UnitQty>
      <Quantity>300</Quantity>
      <UnitMeasure>גרם</UnitMeasure>
      <BisWeighted>0</BisWeighted>
      <QtyInPackage>1</QtyInPackage>
      <ItemPrice>11.90</ItemPrice>
      <UnitOfMeasurePrice>3.97</UnitOfMeasurePrice>
      <AllowDiscount>0</AllowDiscount>
      <itemStatus>1</itemStatus>
      <LastUpdateDate />
      <LastUpdateTime />
    </Product>
    <Product>
      <PriceUpdateDate>2015/05/03 10:15</PriceUpdateDate>
      <ItemCode>7290003744862</ItemCode>
      <ItemType>1</ItemType>
      <ItemName>אובלטים מלוחים דקיקים זעתר ברט (300 גרם)</ItemName>
      <ManufactureName>שוקוטרייד בעמ</ManufactureName>
      <ManufactureCountry />
      <ManufactureItemDescription />
      <UnitQty>יח`</UnitQty>
      <Quantity>300</Quantity>
      <UnitMeasure>גרם</UnitMeasure>
      <BisWeighted>0</BisWeighted>
      <QtyInPackage>1</QtyInPackage>
      <ItemPrice>11.90</ItemPrice>
      <UnitOfMeasurePrice>3.97</UnitOfMeasurePrice>
      <AllowDiscount>0</AllowDiscount>
      <itemStatus>1</itemStatus>
      <LastUpdateDate />
      <LastUpdateTime />
    </Product>
    <Product>
      <PriceUpdateDate>2017/03/30 08:34</PriceUpdateDate>
      <ItemCode>7290003804368</ItemCode>
      <ItemType>1</ItemType>
      <ItemName>תיבוליות בזיליקום קנור (8 יח` - 72 גרם)</ItemName>
      <ManufactureName>יוניליוור ישראל שיווק בעמ</ManufactureName>
      <ManufactureCountry />
      <ManufactureItemDescription />
      <UnitQty>יח`</UnitQty>
      <Quantity>72</Quantity>
      <UnitMeasure>גרם</UnitMeasure>
      <BisWeighted>0</BisWeighted>
      <QtyInPackage>1</QtyInPackage>
      <ItemPrice>9.90</ItemPrice>
      <UnitOfMeasurePrice>13.75</UnitOfMeasurePrice>
      <AllowDiscount>1</AllowDiscount>
      <itemStatus>1</itemStatus>
      <LastUpdateDate />
      <LastUpdateTime />
    </Product>
    <Product>
      <PriceUpdateDate>2015/06/18 08:02</PriceUpdateDate>
      <ItemCode>7290003804894</ItemCode>
      <ItemType>1</ItemType>
      <ItemName>קורנפלקס ריבועים של אלופים בדצ קלאסי500</ItemName>
      <ManufactureName>יוניליוור ישראל שיווק בעמ</ManufactureName>
      <ManufactureCountry />
      <ManufactureItemDescription />
      <UnitQty>יח`</UnitQty>
      <Quantity>500</Quantity>
      <UnitMeasure>גרם</UnitMeasure>
      <BisWeighted>0</BisWeighted>
      <QtyInPackage>1</QtyInPackage>
      <ItemPrice>19.90</ItemPrice>
      <UnitOfMeasurePrice>3.98</UnitOfMeasurePrice>
      <AllowDiscount>1</AllowDiscount>
      <itemStatus>1</itemStatus>
      <LastUpdateDate />
      <LastUpdateTime />
    </Product>
    <Product>
      <PriceUpdateDate>2017/06/08 11:14</PriceUpdateDate>
      <ItemCode>7290003805501</ItemCode>
      <ItemType>1</ItemType>
      <ItemName>פתית בסגנון שוודי תלמה (300 גרם)</ItemName>
      <ManufactureName>יוניליוור ישראל שיווק בעמ</ManufactureName>
      <ManufactureCountry />
      <ManufactureItemDescription />
      <UnitQty>יח`</UnitQty>
      <Quantity>300</Quantity>
      <UnitMeasure>גרם</UnitMeasure>
      <BisWeighted>0</BisWeighted>
      <QtyInPackage>1</QtyInPackage>
      <ItemPrice>17.90</ItemPrice>
      <UnitOfMeasurePrice>5.97</UnitOfMeasurePrice>
      <AllowDiscount>1</AllowDiscount>
      <itemStatus>1</itemStatus>
      <LastUpdateDate />
      <LastUpdateTime />
    </Product>
    <Product>
      <PriceUpdateDate>2015/07/01 10:29</PriceUpdateDate>
      <ItemCode>7290003807178</ItemCode>
      <ItemType>1</ItemType>
      <ItemName>רוטב סויה סגנון סיני קנור (300 מל)</ItemName>
      <ManufactureName>יוניליוור ישראל שיווק בעמ</ManufactureName>
      <ManufactureCountry />
      <ManufactureItemDescription />
      <UnitQty>יח`</UnitQty>
      <Quantity>300</Quantity>
      <UnitMeasure>מ"ל</UnitMeasure>
      <BisWeighted>0</BisWeighted>
      <QtyInPackage>1</QtyInPackage>
      <ItemPrice>12.90</ItemPrice>
      <UnitOfMeasurePrice>4.30</UnitOfMeasurePrice>
      <AllowDiscount>1</AllowDiscount>
      <itemStatus>1</itemStatus>
      <LastUpdateDate />
      <LastUpdateTime />
    </Product>
    <Product>
      <PriceUpdateDate>2015/07/01 10:29</PriceUpdateDate>
      <ItemCode>7290003807482</ItemCode>
      <ItemType>1</ItemType>
      <ItemName>רוטב טריאקי קנור (300 מל)</ItemName>
      <ManufactureName>יוניליוור ישראל שיווק בעמ</ManufactureName>
      <ManufactureCountry />
      <ManufactureItemDescription />
      <UnitQty>יח`</UnitQty>
      <Quantity>300</Quantity>
      <UnitMeasure>מ"ל</UnitMeasure>
      <BisWeighted>0</BisWeighted>
      <QtyInPackage>1</QtyInPackage>
      <ItemPrice>12.90</ItemPrice>
      <UnitOfMeasurePrice>4.30</UnitOfMeasurePrice>
      <AllowDiscount>1</AllowDiscount>
      <itemStatus>1</itemStatus>
      <LastUpdateDate />
      <LastUpdateTime />
    </Product>
    <Product>
      <PriceUpdateDate>2018/02/05 11:47</PriceUpdateDate>
      <ItemCode>7290003864478</ItemCode>
      <ItemType>1</ItemType>
      <ItemName>סרדינים בשמן צמחי וילי פוד (110 גרם)</ItemName>
      <ManufactureName>ג.וילי-פוד אינטרנשיונל בעמ</ManufactureName>
      <ManufactureCountry />
      <ManufactureItemDescription />
      <UnitQty>יח`</UnitQty>
      <Quantity>110</Quantity>
      <UnitMeasure>גרם</UnitMeasure>
      <BisWeighted>0</BisWeighted>
      <QtyInPackage>1</QtyInPackage>
      <ItemPrice>5.90</ItemPrice>
      <UnitOfMeasurePrice>5.36</UnitOfMeasurePrice>
      <AllowDiscount>1</AllowDiscount>
      <itemStatus>1</itemStatus>
      <LastUpdateDate />
      <LastUpdateTime />
    </Product>
    <Product>
      <PriceUpdateDate>2018/02/05 11:47</PriceUpdateDate>
      <ItemCode>7290003864485</ItemCode>
      <ItemType>1</ItemType>
      <ItemName>סרדינים ברוטב עגבניות וילי פוד (110 גרם)</ItemName>
      <ManufactureName>ג.וילי-פוד אינטרנשיונל בעמ</ManufactureName>
      <ManufactureCountry />
      <ManufactureItemDescription />
      <UnitQty>יח`</UnitQty>
      <Quantity>110</Quantity>
      <UnitMeasure>גרם</UnitMeasure>
      <BisWeighted>0</BisWeighted>
      <QtyInPackage>1</QtyInPackage>
      <ItemPrice>5.90</ItemPrice>
      <UnitOfMeasurePrice>5.36</UnitOfMeasurePrice>
      <AllowDiscount>1</AllowDiscount>
      <itemStatus>1</itemStatus>
      <LastUpdateDate />
      <LastUpdateTime />
    </Product>
    <Product>
      <PriceUpdateDate>2018/02/05 11:47</PriceUpdateDate>
      <ItemCode>7290003864492</ItemCode>
      <ItemType>1</ItemType>
      <ItemName>סרדין בשמן צמחי 110 גר`</ItemName>
      <ManufactureName>ג.וילי-פוד אינטרנשיונל בעמ</ManufactureName>
      <ManufactureCountry />
      <ManufactureItemDescription />
      <UnitQty>יח`</UnitQty>
      <Quantity>120</Quantity>
      <UnitMeasure>גרם</UnitMeasure>
      <BisWeighted>0</BisWeighted>
      <QtyInPackage>1</QtyInPackage>
      <ItemPrice>5.90</ItemPrice>
      <UnitOfMeasurePrice>4.92</UnitOfMeasurePrice>
      <AllowDiscount>1</AllowDiscount>
      <itemStatus>1</itemStatus>
      <LastUpdateDate />
      <LastUpdateTime />
    </Product>
    <Product>
      <PriceUpdateDate>2014/10/30 10:45</PriceUpdateDate>
      <ItemCode>7290003882922</ItemCode>
      <ItemType>1</ItemType>
      <ItemName>עלי גפן ממולאים באורז 400 גר`.</ItemName>
      <ManufactureName>ג.וילי-פוד אינטרנשיונל בעמ</ManufactureName>
      <ManufactureCountry />
      <ManufactureItemDescription />
      <UnitQty>יח`</UnitQty>
      <Quantity>400</Quantity>
      <UnitMeasure>גרם</UnitMeasure>
      <BisWeighted>0</BisWeighted>
      <QtyInPackage>1</QtyInPackage>
      <ItemPrice>8.90</ItemPrice>
      <UnitOfMeasurePrice>2.23</UnitOfMeasurePrice>
      <AllowDiscount>0</AllowDiscount>
      <itemStatus>1</itemStatus>
      <LastUpdateDate />
      <LastUpdateTime />
    </Product>
    <Product>
      <PriceUpdateDate>2015/12/02 13:38</PriceUpdateDate>
      <ItemCode>7290003896141</ItemCode>
      <ItemType>1</ItemType>
      <ItemName>אלמנדוס חטיף ספרדי</ItemName>
      <ManufactureName>ליימן שליסל בעמ</ManufactureName>
      <ManufactureCountry />
      <ManufactureItemDescription />
      <UnitQty>יח`</UnitQty>
      <Quantity>200</Quantity>
      <UnitMeasure>גרם</UnitMeasure>
      <BisWeighted>0</BisWeighted>
      <QtyInPackage>1</QtyInPackage>
      <ItemPrice>9.90</ItemPrice>
      <UnitOfMeasurePrice>4.95</UnitOfMeasurePrice>
      <AllowDiscount>0</AllowDiscount>
      <itemStatus>1</itemStatus>
      <LastUpdateDate />
      <LastUpdateTime />
    </Product>
    <Product>
      <PriceUpdateDate>2013/06/09 12:06</PriceUpdateDate>
      <ItemCode>7290003903771</ItemCode>
      <ItemType>1</ItemType>
      <ItemName>קפוצ ינו פחית 200 גר`</ItemName>
      <ManufactureName>שטראוס גרופ בעמ</ManufactureName>
      <ManufactureCountry />
      <ManufactureItemDescription />
      <UnitQty>יח`</UnitQty>
      <Quantity>200</Quantity>
      <UnitMeasure>גרם</UnitMeasure>
      <BisWeighted>0</BisWeighted>
      <QtyInPackage>1</QtyInPackage>
      <ItemPrice>26.60</ItemPrice>
      <UnitOfMeasurePrice>13.30</UnitOfMeasurePrice>
      <AllowDiscount>0</AllowDiscount>
      <itemStatus>1</itemStatus>
      <LastUpdateDate />
      <LastUpdateTime />
    </Product>
    <Product>
      <PriceUpdateDate>2013/06/09 12:06</PriceUpdateDate>
      <ItemCode>7290003903788</ItemCode>
      <ItemType>1</ItemType>
      <ItemName>אבקת קפוצ`ינו וניל עלית (200 גרם)</ItemName>
      <ManufactureName>שטראוס גרופ בעמ</ManufactureName>
      <ManufactureCountry />
      <ManufactureItemDescription />
      <UnitQty>יח`</UnitQty>
      <Quantity>200</Quantity>
      <UnitMeasure>גרם</UnitMeasure>
      <BisWeighted>0</BisWeighted>
      <QtyInPackage>1</QtyInPackage>
      <ItemPrice>26.60</ItemPrice>
      <UnitOfMeasurePrice>13.30</UnitOfMeasurePrice>
      <AllowDiscount>0</AllowDiscount>
      <itemStatus>1</itemStatus>
      <LastUpdateDate />
      <LastUpdateTime />
    </Product>
    <Product>
      <PriceUpdateDate>2017/03/30 08:34</PriceUpdateDate>
      <ItemCode>7290003903955</ItemCode>
      <ItemType>1</ItemType>
      <ItemName>שוקולד פרה חלב עם קרם חלב עלית (100 גרם)</ItemName>
      <ManufactureName>שטראוס גרופ בעמ</ManufactureName>
      <ManufactureCountry />
      <ManufactureItemDescription />
      <UnitQty>יח`</UnitQty>
      <Quantity>100</Quantity>
      <UnitMeasure>גרם</UnitMeasure>
      <BisWeighted>0</BisWeighted>
      <QtyInPackage>1</QtyInPackage>
      <ItemPrice>4.90</ItemPrice>
      <UnitOfMeasurePrice>4.90</UnitOfMeasurePrice>
      <AllowDiscount>1</AllowDiscount>
      <itemStatus>1</itemStatus>
      <LastUpdateDate />
      <LastUpdateTime />
    </Product>
    <Product>
      <PriceUpdateDate>2020/03/12 06:53</PriceUpdateDate>
      <ItemCode>7290003976683</ItemCode>
      <ItemType>1</ItemType>
      <ItemName>תרסיס חיטוי  -400 טא`צ</ItemName>
      <ManufactureName>סאסאטק אגשח בעמ</ManufactureName>
      <ManufactureCountry />
      <ManufactureItemDescription />
      <UnitQty>יח`</UnitQty>
      <Quantity>1</Quantity>
      <UnitMeasure />
      <BisWeighted>0</BisWeighted>
      <QtyInPackage>1</QtyInPackage>
      <ItemPrice>19.90</ItemPrice>
      <UnitOfMeasurePrice>19.90</UnitOfMeasurePrice>
      <AllowDiscount>0</AllowDiscount>
      <itemStatus>1</itemStatus>
      <LastUpdateDate />
      <LastUpdateTime />
    </Product>
    <Product>
      <PriceUpdateDate>2015/12/02 11:05</PriceUpdateDate>
      <ItemCode>7290003989096</ItemCode>
      <ItemType>1</ItemType>
      <ItemName>חצילים פיקנטי אחלה (500 גרם)</ItemName>
      <ManufactureName>שטראוס גרופ בעמ/מצונן</ManufactureName>
      <ManufactureCountry />
      <ManufactureItemDescription />
      <UnitQty>יח`</UnitQty>
      <Quantity>575</Quantity>
      <UnitMeasure>גרם</UnitMeasure>
      <BisWeighted>0</BisWeighted>
      <QtyInPackage>1</QtyInPackage>
      <ItemPrice>15.90</ItemPrice>
      <UnitOfMeasurePrice>2.77</UnitOfMeasurePrice>
      <AllowDiscount>0</AllowDiscount>
      <itemStatus>1</itemStatus>
      <LastUpdateDate />
      <LastUpdateTime />
    </Product>
    <Product>
      <PriceUpdateDate>2015/12/02 11:05</PriceUpdateDate>
      <ItemCode>7290003989539</ItemCode>
      <ItemType>1</ItemType>
      <ItemName>רביולי עם גבינה שטראוס (400 גרם)</ItemName>
      <ManufactureName>שטראוס גרופ בעמ/מצונן</ManufactureName>
      <ManufactureCountry />
      <ManufactureItemDescription />
      <UnitQty>יח`</UnitQty>
      <Quantity>400</Quantity>
      <UnitMeasure>גרם</UnitMeasure>
      <BisWeighted>0</BisWeighted>
      <QtyInPackage>1</QtyInPackage>
      <ItemPrice>20.90</ItemPrice>
      <UnitOfMeasurePrice>5.23</UnitOfMeasurePrice>
      <AllowDiscount>1</AllowDiscount>
      <itemStatus>1</itemStatus>
      <LastUpdateDate />
      <LastUpdateTime />
    </Product>
    <Product>
      <PriceUpdateDate>2015/04/30 10:18</PriceUpdateDate>
      <ItemCode>7290004011284</ItemCode>
      <ItemType>1</ItemType>
      <ItemName>בסיס להכנת קצפת צמחי ריץ` (212 מל)</ItemName>
      <ManufactureName>נטו מלינדה סחר בעמ</ManufactureName>
      <ManufactureCountry />
      <ManufactureItemDescription />
      <UnitQty>יח`</UnitQty>
      <Quantity>212</Quantity>
      <UnitMeasure>מ"ל</UnitMeasure>
      <BisWeighted>0</BisWeighted>
      <QtyInPackage>1</QtyInPackage>
      <ItemPrice>8.90</ItemPrice>
      <UnitOfMeasurePrice>4.20</UnitOfMeasurePrice>
      <AllowDiscount>1</AllowDiscount>
      <itemStatus>1</itemStatus>
      <LastUpdateDate />
      <LastUpdateTime />
    </Product>
    <Product>
      <PriceUpdateDate>2015/01/28 13:49</PriceUpdateDate>
      <ItemCode>7290004011291</ItemCode>
      <ItemType>1</ItemType>
      <ItemName>בסיס להכנת קצפת צמחי ריץ` (425 מל)</ItemName>
      <ManufactureName>נטו מלינדה סחר בעמ</ManufactureName>
      <ManufactureCountry />
      <ManufactureItemDescription />
      <UnitQty>יח`</UnitQty>
      <Quantity>425</Quantity>
      <UnitMeasure>מ"ל</UnitMeasure>
      <BisWeighted>0</BisWeighted>
      <QtyInPackage>1</QtyInPackage>
      <ItemPrice>16.90</ItemPrice>
      <UnitOfMeasurePrice>3.98</UnitOfMeasurePrice>
      <AllowDiscount>0</AllowDiscount>
      <itemStatus>1</itemStatus>
      <LastUpdateDate />
      <LastUpdateTime />
    </Product>
    <Product>
      <PriceUpdateDate>2015/03/03 16:32</PriceUpdateDate>
      <ItemCode>7290004011338</ItemCode>
      <ItemType>1</ItemType>
      <ItemName>קצפת מתוקה מוכנה ספריי ריץ` (250 מל)</ItemName>
      <ManufactureName>נטו מלינדה סחר בעמ</ManufactureName>
      <ManufactureCountry />
      <ManufactureItemDescription />
      <UnitQty>יח`</UnitQty>
      <Quantity>250</Quantity>
      <UnitMeasure>מ"ל</UnitMeasure>
      <BisWeighted>0</BisWeighted>
      <QtyInPackage>1</QtyInPackage>
      <ItemPrice>15.90</ItemPrice>
      <UnitOfMeasurePrice>6.36</UnitOfMeasurePrice>
      <AllowDiscount>1</AllowDiscount>
      <itemStatus>1</itemStatus>
      <LastUpdateDate />
      <LastUpdateTime />
    </Product>
    <Product>
      <PriceUpdateDate>2015/01/01 09:20</PriceUpdateDate>
      <ItemCode>7290004011345</ItemCode>
      <ItemType>1</ItemType>
      <ItemName>קצפת 250 מל פרווה ארוסול</ItemName>
      <ManufactureName>נטו מלינדה סחר בעמ</ManufactureName>
      <ManufactureCountry />
      <ManufactureItemDescription />
      <UnitQty>יח`</UnitQty>
      <Quantity>250</Quantity>
      <UnitMeasure>מ"ל</UnitMeasure>
      <BisWeighted>0</BisWeighted>
      <QtyInPackage>1</QtyInPackage>
      <ItemPrice>15</ItemPrice>
      <UnitOfMeasurePrice>6</UnitOfMeasurePrice>
      <AllowDiscount>1</AllowDiscount>
      <itemStatus>1</itemStatus>
      <LastUpdateDate />
      <LastUpdateTime />
    </Product>
    <Product>
      <PriceUpdateDate>2016/02/15 14:05</PriceUpdateDate>
      <ItemCode>7290004011819</ItemCode>
      <ItemType>1</ItemType>
      <ItemName>המבורגר ריב אנטריקוט אל גאוצ`ו 360 גר</ItemName>
      <ManufactureName>נטו מלינדה סחר בעמ</ManufactureName>
      <ManufactureCountry />
      <ManufactureItemDescription />
      <UnitQty>יח`</UnitQty>
      <Quantity>360</Quantity>
      <UnitMeasure>גרם</UnitMeasure>
      <BisWeighted>0</BisWeighted>
      <QtyInPackage>1</QtyInPackage>
      <ItemPrice>22.90</ItemPrice>
      <UnitOfMeasurePrice>6.36</UnitOfMeasurePrice>
      <AllowDiscount>1</AllowDiscount>
      <itemStatus>1</itemStatus>
      <LastUpdateDate />
      <LastUpdateTime />
    </Product>
    <Product>
      <PriceUpdateDate>2018/08/15 14:02</PriceUpdateDate>
      <ItemCode>7290004030025</ItemCode>
      <ItemType>1</ItemType>
      <ItemName>מיץ תפוז שמוטי סחוט 100% פרי ניב 2 ליטר</ItemName>
      <ManufactureName>תנובה - פריניב</ManufactureName>
      <ManufactureCountry />
      <ManufactureItemDescription />
      <UnitQty>יח`</UnitQty>
      <Quantity>1</Quantity>
      <UnitMeasure />
      <BisWeighted>0</BisWeighted>
      <QtyInPackage>1</QtyInPackage>
      <ItemPrice>24.90</ItemPrice>
      <UnitOfMeasurePrice>24.90</UnitOfMeasurePrice>
      <AllowDiscount>1</AllowDiscount>
      <itemStatus>1</itemStatus>
      <LastUpdateDate />
      <LastUpdateTime />
    </Product>
    <Product>
      <PriceUpdateDate>2019/11/05 11:37</PriceUpdateDate>
      <ItemCode>7290004030032</ItemCode>
      <ItemType>1</ItemType>
      <ItemName>מיץ תפוז וולנסיה סחוט 100% פרי ניב 2 ליט</ItemName>
      <ManufactureName>תנובה - פריניב</ManufactureName>
      <ManufactureCountry />
      <ManufactureItemDescription />
      <UnitQty>יח`</UnitQty>
      <Quantity>1</Quantity>
      <UnitMeasure />
      <BisWeighted>0</BisWeighted>
      <QtyInPackage>1</QtyInPackage>
      <ItemPrice>19.90</ItemPrice>
      <UnitOfMeasurePrice>19.90</UnitOfMeasurePrice>
      <AllowDiscount>1</AllowDiscount>
      <itemStatus>1</itemStatus>
      <LastUpdateDate />
      <LastUpdateTime />
    </Product>
    <Product>
      <PriceUpdateDate>2019/01/15 08:33</PriceUpdateDate>
      <ItemCode>7290004030063</ItemCode>
      <ItemType>1</ItemType>
      <ItemName>סחוט 1 ליטר פרי ניב</ItemName>
      <ManufactureName>תנובה - פריניב</ManufactureName>
      <ManufactureCountry />
      <ManufactureItemDescription />
      <UnitQty>יח`</UnitQty>
      <Quantity>1000</Quantity>
      <UnitMeasure>מ"ל</UnitMeasure>
      <BisWeighted>0</BisWeighted>
      <QtyInPackage>1</QtyInPackage>
      <ItemPrice>12.90</ItemPrice>
      <UnitOfMeasurePrice>1.26</UnitOfMeasurePrice>
      <AllowDiscount>0</AllowDiscount>
      <itemStatus>1</itemStatus>
      <LastUpdateDate />
      <LastUpdateTime />
    </Product>
    <Product>
      <PriceUpdateDate>2019/01/15 08:33</PriceUpdateDate>
      <ItemCode>7290004030216</ItemCode>
      <ItemType>1</ItemType>
      <ItemName>נקטר חמוציות 25% פריניב (1 ליטר)</ItemName>
      <ManufactureName>תנובה - פריניב</ManufactureName>
      <ManufactureCountry />
      <ManufactureItemDescription />
      <UnitQty>יח`</UnitQty>
      <Quantity>1000</Quantity>
      <UnitMeasure>מ"ל</UnitMeasure>
      <BisWeighted>0</BisWeighted>
      <QtyInPackage>1</QtyInPackage>
      <ItemPrice>12.90</ItemPrice>
      <UnitOfMeasurePrice>1.26</UnitOfMeasurePrice>
      <AllowDiscount>0</AllowDiscount>
      <itemStatus>1</itemStatus>
      <LastUpdateDate />
      <LastUpdateTime />
    </Product>
    <Product>
      <PriceUpdateDate>2017/08/30 09:30</PriceUpdateDate>
      <ItemCode>7290004030223</ItemCode>
      <ItemType>1</ItemType>
      <ItemName>סחוט 1 ליטר תפוח פרי ניב</ItemName>
      <ManufactureName>תנובה - פריניב</ManufactureName>
      <ManufactureCountry />
      <ManufactureItemDescription />
      <UnitQty>יח`</UnitQty>
      <Quantity>1000</Quantity>
      <UnitMeasure>מ"ל</UnitMeasure>
      <BisWeighted>0</BisWeighted>
      <QtyInPackage>1</QtyInPackage>
      <ItemPrice>17.30</ItemPrice>
      <UnitOfMeasurePrice>1.70</UnitOfMeasurePrice>
      <AllowDiscount>1</AllowDiscount>
      <itemStatus>1</itemStatus>
      <LastUpdateDate />
      <LastUpdateTime />
    </Product>
    <Product>
      <PriceUpdateDate>2016/01/24 16:46</PriceUpdateDate>
      <ItemCode>7290004030414</ItemCode>
      <ItemType>1</ItemType>
      <ItemName>סחוט 2 ליטר תפוזים פרי ניב</ItemName>
      <ManufactureName>תנובה - פריניב</ManufactureName>
      <ManufactureCountry />
      <ManufactureItemDescription />
      <UnitQty>יח`</UnitQty>
      <Quantity>2000</Quantity>
      <UnitMeasure>מ"ל</UnitMeasure>
      <BisWeighted>0</BisWeighted>
      <QtyInPackage>1</QtyInPackage>
      <ItemPrice>19.90</ItemPrice>
      <UnitOfMeasurePrice>1</UnitOfMeasurePrice>
      <AllowDiscount>0</AllowDiscount>
      <itemStatus>1</itemStatus>
      <LastUpdateDate />
      <LastUpdateTime />
    </Product>
    <Product>
      <PriceUpdateDate>2019/01/15 08:33</PriceUpdateDate>
      <ItemCode>7290004030445</ItemCode>
      <ItemType>1</ItemType>
      <ItemName>סחוט 1 ליטר תפוזים פרי ניב</ItemName>
      <ManufactureName>תנובה - פריניב</ManufactureName>
      <ManufactureCountry />
      <ManufactureItemDescription />
      <UnitQty>יח`</UnitQty>
      <Quantity>1000</Quantity>
      <UnitMeasure>מ"ל</UnitMeasure>
      <BisWeighted>0</BisWeighted>
      <QtyInPackage>1</QtyInPackage>
      <ItemPrice>12.90</ItemPrice>
      <UnitOfMeasurePrice>1.26</UnitOfMeasurePrice>
      <AllowDiscount>0</AllowDiscount>
      <itemStatus>1</itemStatus>
      <LastUpdateDate />
      <LastUpdateTime />
    </Product>
    <Product>
      <PriceUpdateDate>2019/08/01 11:14</PriceUpdateDate>
      <ItemCode>7290004030544</ItemCode>
      <ItemType>1</ItemType>
      <ItemName>מיץ סחוט לימונענע 1 ליטר פרי ניב</ItemName>
      <ManufactureName>תנובה - פריניב</ManufactureName>
      <ManufactureCountry />
      <ManufactureItemDescription />
      <UnitQty>יח`</UnitQty>
      <Quantity>1000</Quantity>
      <UnitMeasure>מ"ל</UnitMeasure>
      <BisWeighted>0</BisWeighted>
      <QtyInPackage>1</QtyInPackage>
      <ItemPrice>12.90</ItemPrice>
      <UnitOfMeasurePrice>1.26</UnitOfMeasurePrice>
      <AllowDiscount>0</AllowDiscount>
      <itemStatus>1</itemStatus>
      <LastUpdateDate />
      <LastUpdateTime />
    </Product>
    <Product>
      <PriceUpdateDate>2016/05/23 19:34</PriceUpdateDate>
      <ItemCode>7290004030612</ItemCode>
      <ItemType>1</ItemType>
      <ItemName>מיץ קיווי אגס 1 ליטר ללא תוספת סוכר</ItemName>
      <ManufactureName>תנובה - פריניב</ManufactureName>
      <ManufactureCountry />
      <ManufactureItemDescription />
      <UnitQty>יח`</UnitQty>
      <Quantity>1</Quantity>
      <UnitMeasure>1 ליטר</UnitMeasure>
      <BisWeighted>0</BisWeighted>
      <QtyInPackage>1</QtyInPackage>
      <ItemPrice>14.20</ItemPrice>
      <UnitOfMeasurePrice>14.20</UnitOfMeasurePrice>
      <AllowDiscount>0</AllowDiscount>
      <itemStatus>1</itemStatus>
      <LastUpdateDate />
      <LastUpdateTime />
    </Product>
    <Product>
      <PriceUpdateDate>2017/03/13 08:01</PriceUpdateDate>
      <ItemCode>7290004030810</ItemCode>
      <ItemType>1</ItemType>
      <ItemName>שייק בננה תפוז פסיפלורה ללא סוכר</ItemName>
      <ManufactureName>תנובה - פריניב</ManufactureName>
      <ManufactureCountry />
      <ManufactureItemDescription />
      <UnitQty>יח`</UnitQty>
      <Quantity>1000</Quantity>
      <UnitMeasure>מ"ל</UnitMeasure>
      <BisWeighted>0</BisWeighted>
      <QtyInPackage>1</QtyInPackage>
      <ItemPrice>18.20</ItemPrice>
      <UnitOfMeasurePrice>1.79</UnitOfMeasurePrice>
      <AllowDiscount>1</AllowDiscount>
      <itemStatus>1</itemStatus>
      <LastUpdateDate />
      <LastUpdateTime />
    </Product>
    <Product>
      <PriceUpdateDate>2016/05/23 19:34</PriceUpdateDate>
      <ItemCode>7290004030834</ItemCode>
      <ItemType>1</ItemType>
      <ItemName>מיץ רימונים 1 ליטר</ItemName>
      <ManufactureName>תנובה - פריניב</ManufactureName>
      <ManufactureCountry />
      <ManufactureItemDescription />
      <UnitQty>יח`</UnitQty>
      <Quantity>1000</Quantity>
      <UnitMeasure>מ"ל</UnitMeasure>
      <BisWeighted>0</BisWeighted>
      <QtyInPackage>1</QtyInPackage>
      <ItemPrice>22.90</ItemPrice>
      <UnitOfMeasurePrice>2.26</UnitOfMeasurePrice>
      <AllowDiscount>0</AllowDiscount>
      <itemStatus>1</itemStatus>
      <LastUpdateDate />
      <LastUpdateTime />
    </Product>
    <Product>
      <PriceUpdateDate>2015/05/01 08:13</PriceUpdateDate>
      <ItemCode>7290004030964</ItemCode>
      <ItemType>1</ItemType>
      <ItemName>מיץ תפוח עץ צלול פריניב (2 ליטר)</ItemName>
      <ManufactureName>תנובה - פריניב</ManufactureName>
      <ManufactureCountry />
      <ManufactureItemDescription />
      <UnitQty>יח`</UnitQty>
      <Quantity>2000</Quantity>
      <UnitMeasure>מ"ל</UnitMeasure>
      <BisWeighted>0</BisWeighted>
      <QtyInPackage>1</QtyInPackage>
      <ItemPrice>16.90</ItemPrice>
      <UnitOfMeasurePrice>0.85</UnitOfMeasurePrice>
      <AllowDiscount>0</AllowDiscount>
      <itemStatus>1</itemStatus>
      <LastUpdateDate />
      <LastUpdateTime />
    </Product>
    <Product>
      <PriceUpdateDate>2018/10/11 19:17</PriceUpdateDate>
      <ItemCode>7290004048679</ItemCode>
      <ItemType>1</ItemType>
      <ItemName>קובה למרק שלושת האופים (כ18 יח` - 1 קג)</ItemName>
      <ManufactureName>נטו מלינדה סחר בעמ</ManufactureName>
      <ManufactureCountry />
      <ManufactureItemDescription />
      <UnitQty>יח`</UnitQty>
      <Quantity>1000</Quantity>
      <UnitMeasure>גרם</UnitMeasure>
      <BisWeighted>0</BisWeighted>
      <QtyInPackage>1</QtyInPackage>
      <ItemPrice>16.90</ItemPrice>
      <UnitOfMeasurePrice>1.69</UnitOfMeasurePrice>
      <AllowDiscount>0</AllowDiscount>
      <itemStatus>1</itemStatus>
      <LastUpdateDate />
      <LastUpdateTime />
    </Product>
    <Product>
      <PriceUpdateDate>2018/10/10 11:10</PriceUpdateDate>
      <ItemCode>7290004063016</ItemCode>
      <ItemType>1</ItemType>
      <ItemName>מלח שולחן מעולה סלית (1  קג)פיקוח</ItemName>
      <ManufactureName>סוגת תעשיות בעמ</ManufactureName>
      <ManufactureCountry />
      <ManufactureItemDescription />
      <UnitQty>יח`</UnitQty>
      <Quantity>1</Quantity>
      <UnitMeasure>ק"ג</UnitMeasure>
      <BisWeighted>0</BisWeighted>
      <QtyInPackage>1</QtyInPackage>
      <ItemPrice>1.90</ItemPrice>
      <UnitOfMeasurePrice>1.90</UnitOfMeasurePrice>
      <AllowDiscount>0</AllowDiscount>
      <itemStatus>1</itemStatus>
      <LastUpdateDate />
      <LastUpdateTime />
    </Product>
    <Product>
      <PriceUpdateDate>2018/10/10 11:10</PriceUpdateDate>
      <ItemCode>7290004063115</ItemCode>
      <ItemType>1</ItemType>
      <ItemName>מלח מטבח גס ארזינא (1  קג)פיקוח</ItemName>
      <ManufactureName>סוגת תעשיות בעמ</ManufactureName>
      <ManufactureCountry />
      <ManufactureItemDescription />
      <UnitQty>יח`</UnitQty>
      <Quantity>1</Quantity>
      <UnitMeasure>ק"ג</UnitMeasure>
      <BisWeighted>0</BisWeighted>
      <QtyInPackage>1</QtyInPackage>
      <ItemPrice>1.90</ItemPrice>
      <UnitOfMeasurePrice>1.90</UnitOfMeasurePrice>
      <AllowDiscount>0</AllowDiscount>
      <itemStatus>1</itemStatus>
      <LastUpdateDate />
      <LastUpdateTime />
    </Product>
    <Product>
      <PriceUpdateDate>2019/03/06 09:28</PriceUpdateDate>
      <ItemCode>7290004064099</ItemCode>
      <ItemType>1</ItemType>
      <ItemName>מטחנה מלח מהרי ההימלאיה</ItemName>
      <ManufactureName>תה ויסוצקי (ישראל) בעמ</ManufactureName>
      <ManufactureCountry />
      <ManufactureItemDescription />
      <UnitQty>יח`</UnitQty>
      <Quantity>250</Quantity>
      <UnitMeasure>גרם</UnitMeasure>
      <BisWeighted>0</BisWeighted>
      <QtyInPackage>1</QtyInPackage>
      <ItemPrice>16.90</ItemPrice>
      <UnitOfMeasurePrice>6.76</UnitOfMeasurePrice>
      <AllowDiscount>0</AllowDiscount>
      <itemStatus>1</itemStatus>
      <LastUpdateDate />
      <LastUpdateTime />
    </Product>
    <Product>
      <PriceUpdateDate>2018/03/25 11:53</PriceUpdateDate>
      <ItemCode>7290004064174</ItemCode>
      <ItemType>1</ItemType>
      <ItemName>מלח ההימלאיה דק בצנצנת 1 קג`</ItemName>
      <ManufactureName>תה ויסוצקי (ישראל) בעמ</ManufactureName>
      <ManufactureCountry />
      <ManufactureItemDescription />
      <UnitQty>יח`</UnitQty>
      <Quantity>1</Quantity>
      <UnitMeasure>ק"ג</UnitMeasure>
      <BisWeighted>0</BisWeighted>
      <QtyInPackage>1</QtyInPackage>
      <ItemPrice>17.90</ItemPrice>
      <UnitOfMeasurePrice>17.90</UnitOfMeasurePrice>
      <AllowDiscount>0</AllowDiscount>
      <itemStatus>1</itemStatus>
      <LastUpdateDate />
      <LastUpdateTime />
    </Product>
    <Product>
      <PriceUpdateDate>2018/03/25 11:53</PriceUpdateDate>
      <ItemCode>7290004064181</ItemCode>
      <ItemType>1</ItemType>
      <ItemName>מלח ההימלאיה גס בצנצנת 1 קג`</ItemName>
      <ManufactureName>תה ויסוצקי (ישראל) בעמ</ManufactureName>
      <ManufactureCountry />
      <ManufactureItemDescription />
      <UnitQty>יח`</UnitQty>
      <Quantity>1</Quantity>
      <UnitMeasure>ק"ג</UnitMeasure>
      <BisWeighted>0</BisWeighted>
      <QtyInPackage>1</QtyInPackage>
      <ItemPrice>17.90</ItemPrice>
      <UnitOfMeasurePrice>17.90</UnitOfMeasurePrice>
      <AllowDiscount>0</AllowDiscount>
      <itemStatus>1</itemStatus>
      <LastUpdateDate />
      <LastUpdateTime />
    </Product>
    <Product>
      <PriceUpdateDate>2018/10/18 08:38</PriceUpdateDate>
      <ItemCode>7290004064198</ItemCode>
      <ItemType>1</ItemType>
      <ItemName>מטחנת מלח אקסטרא תבלינים-ספייסי</ItemName>
      <ManufactureName>תה ויסוצקי (ישראל) בעמ</ManufactureName>
      <ManufactureCountry />
      <ManufactureItemDescription />
      <UnitQty>יח`</UnitQty>
      <Quantity>0</Quantity>
      <UnitMeasure>גרם</UnitMeasure>
      <BisWeighted>0</BisWeighted>
      <QtyInPackage>1</QtyInPackage>
      <ItemPrice>16.90</ItemPrice>
      <UnitOfMeasurePrice>16.90</UnitOfMeasurePrice>
      <AllowDiscount>0</AllowDiscount>
      <itemStatus>1</itemStatus>
      <LastUpdateDate />
      <LastUpdateTime />
    </Product>
    <Product>
      <PriceUpdateDate>2018/10/10 11:10</PriceUpdateDate>
      <ItemCode>7290004068011</ItemCode>
      <ItemType>1</ItemType>
      <ItemName>יוגורט כבשים 5% גד (600 גרם)</ItemName>
      <ManufactureName>מחלבות גד שיווק 1992 בעמ</ManufactureName>
      <ManufactureCountry />
      <ManufactureItemDescription />
      <UnitQty>יח`</UnitQty>
      <Quantity>600</Quantity>
      <UnitMeasure>גרם</UnitMeasure>
      <BisWeighted>0</BisWeighted>
      <QtyInPackage>1</QtyInPackage>
      <ItemPrice>17.90</ItemPrice>
      <UnitOfMeasurePrice>2.98</UnitOfMeasurePrice>
      <AllowDiscount>0</AllowDiscount>
      <itemStatus>1</itemStatus>
      <LastUpdateDate />
      <LastUpdateTime />
    </Product>
    <Product>
      <PriceUpdateDate>2018/10/10 11:10</PriceUpdateDate>
      <ItemCode>7290004068172</ItemCode>
      <ItemType>1</ItemType>
      <ItemName>יוגורט עיזים 5% גד (600 גרם)</ItemName>
      <ManufactureName>מחלבות גד שיווק 1992 בעמ</ManufactureName>
      <ManufactureCountry />
      <ManufactureItemDescription />
      <UnitQty>יח`</UnitQty>
      <Quantity>600</Quantity>
      <UnitMeasure>גרם</UnitMeasure>
      <BisWeighted>0</BisWeighted>
      <QtyInPackage>1</QtyInPackage>
      <ItemPrice>17.90</ItemPrice>
      <UnitOfMeasurePrice>2.98</UnitOfMeasurePrice>
      <AllowDiscount>0</AllowDiscount>
      <itemStatus>1</itemStatus>
      <LastUpdateDate />
      <LastUpdateTime />
    </Product>
    <Product>
      <PriceUpdateDate>2015/09/08 11:20</PriceUpdateDate>
      <ItemCode>7290004078263</ItemCode>
      <ItemType>1</ItemType>
      <ItemName>צימרונים בלונס) (200x2</ItemName>
      <ManufactureName>ש.שסטוביץ בעמ</ManufactureName>
      <ManufactureCountry />
      <ManufactureItemDescription />
      <UnitQty>יח`</UnitQty>
      <Quantity>1</Quantity>
      <UnitMeasure />
      <BisWeighted>0</BisWeighted>
      <QtyInPackage>1</QtyInPackage>
      <ItemPrice>9.90</ItemPrice>
      <UnitOfMeasurePrice>9.90</UnitOfMeasurePrice>
      <AllowDiscount>0</AllowDiscount>
      <itemStatus>1</itemStatus>
      <LastUpdateDate />
      <LastUpdateTime />
    </Product>
    <Product>
      <PriceUpdateDate>2016/01/12 08:18</PriceUpdateDate>
      <ItemCode>7290004078690</ItemCode>
      <ItemType>1</ItemType>
      <ItemName>WC ג`ל ניקוי לאסלה אג`קס (750 מל)</ItemName>
      <ManufactureName>ש.שסטוביץ בעמ</ManufactureName>
      <ManufactureCountry />
      <ManufactureItemDescription />
      <UnitQty>יח`</UnitQty>
      <Quantity>750</Quantity>
      <UnitMeasure>מ"ל</UnitMeasure>
      <BisWeighted>0</BisWeighted>
      <QtyInPackage>1</QtyInPackage>
      <ItemPrice>15.90</ItemPrice>
      <UnitOfMeasurePrice>2.12</UnitOfMeasurePrice>
      <AllowDiscount>0</AllowDiscount>
      <itemStatus>1</itemStatus>
      <LastUpdateDate />
      <LastUpdateTime />
    </Product>
    <Product>
      <PriceUpdateDate>2016/01/12 08:18</PriceUpdateDate>
      <ItemCode>7290004078942</ItemCode>
      <ItemType>1</ItemType>
      <ItemName>ליידי ספיד סטיק גל בסיסי מרענן</ItemName>
      <ManufactureName>ש.שסטוביץ בעמ</ManufactureName>
      <ManufactureCountry />
      <ManufactureItemDescription />
      <UnitQty>יח`</UnitQty>
      <Quantity>63</Quantity>
      <UnitMeasure>גרם</UnitMeasure>
      <BisWeighted>0</BisWeighted>
      <QtyInPackage>1</QtyInPackage>
      <ItemPrice>16.90</ItemPrice>
      <UnitOfMeasurePrice>26.83</UnitOfMeasurePrice>
      <AllowDiscount>0</AllowDiscount>
      <itemStatus>1</itemStatus>
      <LastUpdateDate />
      <LastUpdateTime />
    </Product>
    <Product>
      <PriceUpdateDate>2013/06/09 13:54</PriceUpdateDate>
      <ItemCode>7290004091248</ItemCode>
      <ItemType>1</ItemType>
      <ItemName>ג`ל פטרוליום וזלין (106 גרם)</ItemName>
      <ManufactureName>יוניליוור ישראל שיווק בעמ</ManufactureName>
      <ManufactureCountry />
      <ManufactureItemDescription />
      <UnitQty>יח`</UnitQty>
      <Quantity>106</Quantity>
      <UnitMeasure>מ"ל</UnitMeasure>
      <BisWeighted>0</BisWeighted>
      <QtyInPackage>1</QtyInPackage>
      <ItemPrice>14.90</ItemPrice>
      <UnitOfMeasurePrice>14.06</UnitOfMeasurePrice>
      <AllowDiscount>1</AllowDiscount>
      <itemStatus>1</itemStatus>
      <LastUpdateDate />
      <LastUpdateTime />
    </Product>
    <Product>
      <PriceUpdateDate>2015/12/02 11:49</PriceUpdateDate>
      <ItemCode>7290004091255</ItemCode>
      <ItemType>1</ItemType>
      <ItemName>ואזלין אינטנסיב קאר פטרוליום 225מל</ItemName>
      <ManufactureName>יוניליוור ישראל שיווק בעמ</ManufactureName>
      <ManufactureCountry />
      <ManufactureItemDescription />
      <UnitQty>יח`</UnitQty>
      <Quantity>225</Quantity>
      <UnitMeasure>מ"ל</UnitMeasure>
      <BisWeighted>0</BisWeighted>
      <QtyInPackage>1</QtyInPackage>
      <ItemPrice>21.90</ItemPrice>
      <UnitOfMeasurePrice>9.73</UnitOfMeasurePrice>
      <AllowDiscount>0</AllowDiscount>
      <itemStatus>1</itemStatus>
      <LastUpdateDate />
      <LastUpdateTime />
    </Product>
    <Product>
      <PriceUpdateDate>2018/08/13 09:32</PriceUpdateDate>
      <ItemCode>7290004119133</ItemCode>
      <ItemType>1</ItemType>
      <ItemName>יוגורט 7% תנובה (1.5 ליטר)</ItemName>
      <ManufactureName>תנובה - חלב</ManufactureName>
      <ManufactureCountry />
      <ManufactureItemDescription />
      <UnitQty>יח`</UnitQty>
      <Quantity>1.50</Quantity>
      <UnitMeasure>1 ליטר</UnitMeasure>
      <BisWeighted>0</BisWeighted>
      <QtyInPackage>1</QtyInPackage>
      <ItemPrice>17.50</ItemPrice>
      <UnitOfMeasurePrice>11.67</UnitOfMeasurePrice>
      <AllowDiscount>0</AllowDiscount>
      <itemStatus>1</itemStatus>
      <LastUpdateDate />
      <LastUpdateTime />
    </Product>
    <Product>
      <PriceUpdateDate>2013/12/31 12:18</PriceUpdateDate>
      <ItemCode>7290004119225</ItemCode>
      <ItemType>1</ItemType>
      <ItemName>יוגורט ביו 3% אננס יופלה (150 גרם)</ItemName>
      <ManufactureName>תנובה - חלב</ManufactureName>
      <ManufactureCountry />
      <ManufactureItemDescription />
      <UnitQty>יח`</UnitQty>
      <Quantity>150</Quantity>
      <UnitMeasure>מ"ל</UnitMeasure>
      <BisWeighted>0</BisWeighted>
      <QtyInPackage>1</QtyInPackage>
      <ItemPrice>4.90</ItemPrice>
      <UnitOfMeasurePrice>3.27</UnitOfMeasurePrice>
      <AllowDiscount>1</AllowDiscount>
      <itemStatus>1</itemStatus>
      <LastUpdateDate />
      <LastUpdateTime />
    </Product>
    <Product>
      <PriceUpdateDate>2018/08/13 09:32</PriceUpdateDate>
      <ItemCode>7290004119522</ItemCode>
      <ItemType>1</ItemType>
      <ItemName>שוקו שוק שקית 225 2%</ItemName>
      <ManufactureName>תנובה - חלב</ManufactureName>
      <ManufactureCountry />
      <ManufactureItemDescription />
      <UnitQty>יח`</UnitQty>
      <Quantity>225</Quantity>
      <UnitMeasure>מ"ל</UnitMeasure>
      <BisWeighted>0</BisWeighted>
      <QtyInPackage>1</QtyInPackage>
      <ItemPrice>2.90</ItemPrice>
      <UnitOfMeasurePrice>1.29</UnitOfMeasurePrice>
      <AllowDiscount>0</AllowDiscount>
      <itemStatus>1</itemStatus>
      <LastUpdateDate />
      <LastUpdateTime />
    </Product>
    <Product>
      <PriceUpdateDate>2018/08/13 09:32</PriceUpdateDate>
      <ItemCode>7290004119928</ItemCode>
      <ItemType>1</ItemType>
      <ItemName>מעדן חלב 3% בטעם וניל קרלו (125 גרם)</ItemName>
      <ManufactureName>תנובה - חלב</ManufactureName>
      <ManufactureCountry />
      <ManufactureItemDescription />
      <UnitQty>יח`</UnitQty>
      <Quantity>125</Quantity>
      <UnitMeasure>מ"ל</UnitMeasure>
      <BisWeighted>0</BisWeighted>
      <QtyInPackage>1</QtyInPackage>
      <ItemPrice>2.90</ItemPrice>
      <UnitOfMeasurePrice>2.32</UnitOfMeasurePrice>
      <AllowDiscount>0</AllowDiscount>
      <itemStatus>1</itemStatus>
      <LastUpdateDate />
      <LastUpdateTime />
    </Product>
    <Product>
      <PriceUpdateDate>2019/03/12 08:56</PriceUpdateDate>
      <ItemCode>7290004119973</ItemCode>
      <ItemType>1</ItemType>
      <ItemName>מעדן קרלו שוקו 125 גר`</ItemName>
      <ManufactureName>תנובה - חלב</ManufactureName>
      <ManufactureCountry />
      <ManufactureItemDescription />
      <UnitQty>יח`</UnitQty>
      <Quantity>125</Quantity>
      <UnitMeasure>מ"ל</UnitMeasure>
      <BisWeighted>0</BisWeighted>
      <QtyInPackage>1</QtyInPackage>
      <ItemPrice>2.80</ItemPrice>
      <UnitOfMeasurePrice>2.24</UnitOfMeasurePrice>
      <AllowDiscount>0</AllowDiscount>
      <itemStatus>1</itemStatus>
      <LastUpdateDate />
      <LastUpdateTime />
    </Product>
    <Product>
      <PriceUpdateDate>2018/08/13 09:32</PriceUpdateDate>
      <ItemCode>7290004120061</ItemCode>
      <ItemType>1</ItemType>
      <ItemName>מעדן חלב 1.5% שוניל קרלו (125 גרם)</ItemName>
      <ManufactureName>תנובה - חלב</ManufactureName>
      <ManufactureCountry />
      <ManufactureItemDescription />
      <UnitQty>יח`</UnitQty>
      <Quantity>125</Quantity>
      <UnitMeasure>מ"ל</UnitMeasure>
      <BisWeighted>0</BisWeighted>
      <QtyInPackage>1</QtyInPackage>
      <ItemPrice>3</ItemPrice>
      <UnitOfMeasurePrice>2.40</UnitOfMeasurePrice>
      <AllowDiscount>0</AllowDiscount>
      <itemStatus>1</itemStatus>
      <LastUpdateDate />
      <LastUpdateTime />
    </Product>
    <Product>
      <PriceUpdateDate>2013/12/31 12:18</PriceUpdateDate>
      <ItemCode>7290004120108</ItemCode>
      <ItemType>1</ItemType>
      <ItemName>דיאט יופלה דובדבן</ItemName>
      <ManufactureName>תנובה - חלב</ManufactureName>
      <ManufactureCountry />
      <ManufactureItemDescription />
      <UnitQty>יח`</UnitQty>
      <Quantity>150</Quantity>
      <UnitMeasure>מ"ל</UnitMeasure>
      <BisWeighted>0</BisWeighted>
      <QtyInPackage>1</QtyInPackage>
      <ItemPrice>4.90</ItemPrice>
      <UnitOfMeasurePrice>3.27</UnitOfMeasurePrice>
      <AllowDiscount>1</AllowDiscount>
      <itemStatus>1</itemStatus>
      <LastUpdateDate />
      <LastUpdateTime />
    </Product>
    <Product>
      <PriceUpdateDate>2018/08/13 09:32</PriceUpdateDate>
      <ItemCode>7290004120269</ItemCode>
      <ItemType>1</ItemType>
      <ItemName>שוקו שישיה</ItemName>
      <ManufactureName>תנובה - חלב</ManufactureName>
      <ManufactureCountry />
      <ManufactureItemDescription />
      <UnitQty>יח`</UnitQty>
      <Quantity>1350</Quantity>
      <UnitMeasure>מ"ל</UnitMeasure>
      <BisWeighted>0</BisWeighted>
      <QtyInPackage>1</QtyInPackage>
      <ItemPrice>16.90</ItemPrice>
      <UnitOfMeasurePrice>1.25</UnitOfMeasurePrice>
      <AllowDiscount>0</AllowDiscount>
      <itemStatus>1</itemStatus>
      <LastUpdateDate />
      <LastUpdateTime />
    </Product>
    <Product>
      <PriceUpdateDate>2019/06/10 13:31</PriceUpdateDate>
      <ItemCode>7290004120566</ItemCode>
      <ItemType>1</ItemType>
      <ItemName>גבינה בולגרית 24% פיראוס (250 גרם)</ItemName>
      <ManufactureName>תנובה - חלב</ManufactureName>
      <ManufactureCountry />
      <ManufactureItemDescription />
      <UnitQty>יח`</UnitQty>
      <Quantity>250</Quantity>
      <UnitMeasure>גרם</UnitMeasure>
      <BisWeighted>0</BisWeighted>
      <QtyInPackage>1</QtyInPackage>
      <ItemPrice>22.90</ItemPrice>
      <UnitOfMeasurePrice>9.16</UnitOfMeasurePrice>
      <AllowDiscount>0</AllowDiscount>
      <itemStatus>1</itemStatus>
      <LastUpdateDate />
      <LastUpdateTime />
    </Product>
    <Product>
      <PriceUpdateDate>2019/06/10 13:31</PriceUpdateDate>
      <ItemCode>7290004120573</ItemCode>
      <ItemType>1</ItemType>
      <ItemName>גבינה בולגרית 16% פיראוס (250 גרם)</ItemName>
      <ManufactureName>תנובה - חלב</ManufactureName>
      <ManufactureCountry />
      <ManufactureItemDescription />
      <UnitQty>יח`</UnitQty>
      <Quantity>250</Quantity>
      <UnitMeasure>גרם</UnitMeasure>
      <BisWeighted>0</BisWeighted>
      <QtyInPackage>1</QtyInPackage>
      <ItemPrice>22.90</ItemPrice>
      <UnitOfMeasurePrice>9.16</UnitOfMeasurePrice>
      <AllowDiscount>0</AllowDiscount>
      <itemStatus>1</itemStatus>
      <LastUpdateDate />
      <LastUpdateTime />
    </Product>
    <Product>
      <PriceUpdateDate>2019/06/11 10:19</PriceUpdateDate>
      <ItemCode>7290004120634</ItemCode>
      <ItemType>1</ItemType>
      <ItemName>גבינה בולגרית 5% פיראוס (250 גרם)</ItemName>
      <ManufactureName>תנובה - חלב</ManufactureName>
      <ManufactureCountry />
      <ManufactureItemDescription />
      <UnitQty>יח`</UnitQty>
      <Quantity>250</Quantity>
      <UnitMeasure>גרם</UnitMeasure>
      <BisWeighted>0</BisWeighted>
      <QtyInPackage>1</QtyInPackage>
      <ItemPrice>21.90</ItemPrice>
      <UnitOfMeasurePrice>8.76</UnitOfMeasurePrice>
      <AllowDiscount>0</AllowDiscount>
      <itemStatus>1</itemStatus>
      <LastUpdateDate />
      <LastUpdateTime />
    </Product>
    <Product>
      <PriceUpdateDate>2019/06/16 12:46</PriceUpdateDate>
      <ItemCode>7290004120832</ItemCode>
      <ItemType>1</ItemType>
      <ItemName>חלב 3% מהדרין תנובה (2 ליטר) פי</ItemName>
      <ManufactureName>תנובה - חלב</ManufactureName>
      <ManufactureCountry />
      <ManufactureItemDescription />
      <UnitQty>יח`</UnitQty>
      <Quantity>2</Quantity>
      <UnitMeasure>1 ליטר</UnitMeasure>
      <BisWeighted>0</BisWeighted>
      <QtyInPackage>1</QtyInPackage>
      <ItemPrice>11.88</ItemPrice>
      <UnitOfMeasurePrice>5.94</UnitOfMeasurePrice>
      <AllowDiscount>0</AllowDiscount>
      <itemStatus>1</itemStatus>
      <LastUpdateDate />
      <LastUpdateTime />
    </Product>
    <Product>
      <PriceUpdateDate>2013/12/31 12:18</PriceUpdateDate>
      <ItemCode>7290004121488</ItemCode>
      <ItemType>1</ItemType>
      <ItemName>יוגורט ביו דיאט 0% אפרסק יופלה (150 גרם)</ItemName>
      <ManufactureName>תנובה - חלב</ManufactureName>
      <ManufactureCountry />
      <ManufactureItemDescription />
      <UnitQty>יח`</UnitQty>
      <Quantity>150</Quantity>
      <UnitMeasure>מ"ל</UnitMeasure>
      <BisWeighted>0</BisWeighted>
      <QtyInPackage>1</QtyInPackage>
      <ItemPrice>4.90</ItemPrice>
      <UnitOfMeasurePrice>3.27</UnitOfMeasurePrice>
      <AllowDiscount>1</AllowDiscount>
      <itemStatus>1</itemStatus>
      <LastUpdateDate />
      <LastUpdateTime />
    </Product>
    <Product>
      <PriceUpdateDate>2018/08/13 09:32</PriceUpdateDate>
      <ItemCode>7290004121525</ItemCode>
      <ItemType>1</ItemType>
      <ItemName>מאגדת 8 יופלה 3%</ItemName>
      <ManufactureName>תנובה - חלב</ManufactureName>
      <ManufactureCountry />
      <ManufactureItemDescription />
      <UnitQty>יח`</UnitQty>
      <Quantity>1.20</Quantity>
      <UnitMeasure>1 ליטר</UnitMeasure>
      <BisWeighted>0</BisWeighted>
      <QtyInPackage>1</QtyInPackage>
      <ItemPrice>30.50</ItemPrice>
      <UnitOfMeasurePrice>25.42</UnitOfMeasurePrice>
      <AllowDiscount>1</AllowDiscount>
      <itemStatus>1</itemStatus>
      <LastUpdateDate />
      <LastUpdateTime />
    </Product>
    <Product>
      <PriceUpdateDate>2013/12/31 12:18</PriceUpdateDate>
      <ItemCode>7290004121754</ItemCode>
      <ItemType>1</ItemType>
      <ItemName>יופלה עוגת גבינה ותות 3%</ItemName>
      <ManufactureName>תנובה - חלב</ManufactureName>
      <ManufactureCountry />
      <ManufactureItemDescription />
      <UnitQty>יח`</UnitQty>
      <Quantity>150</Quantity>
      <UnitMeasure>מ"ל</UnitMeasure>
      <BisWeighted>0</BisWeighted>
      <QtyInPackage>1</QtyInPackage>
      <ItemPrice>4.90</ItemPrice>
      <UnitOfMeasurePrice>3.27</UnitOfMeasurePrice>
      <AllowDiscount>1</AllowDiscount>
      <itemStatus>1</itemStatus>
      <LastUpdateDate />
      <LastUpdateTime />
    </Product>
    <Product>
      <PriceUpdateDate>2018/08/13 09:32</PriceUpdateDate>
      <ItemCode>7290004121853</ItemCode>
      <ItemType>1</ItemType>
      <ItemName>גבינה בולגרית קוביות 5% פיראוס (200 גרם)</ItemName>
      <ManufactureName>תנובה - חלב</ManufactureName>
      <ManufactureCountry />
      <ManufactureItemDescription />
      <UnitQty>יח`</UnitQty>
      <Quantity>200</Quantity>
      <UnitMeasure>גרם</UnitMeasure>
      <BisWeighted>0</BisWeighted>
      <QtyInPackage>1</QtyInPackage>
      <ItemPrice>20.90</ItemPrice>
      <UnitOfMeasurePrice>10.45</UnitOfMeasurePrice>
      <AllowDiscount>0</AllowDiscount>
      <itemStatus>1</itemStatus>
      <LastUpdateDate />
      <LastUpdateTime />
    </Product>
    <Product>
      <PriceUpdateDate>2018/08/13 09:32</PriceUpdateDate>
      <ItemCode>7290004122119</ItemCode>
      <ItemType>1</ItemType>
      <ItemName>פתיתי גבינת פרמזן השף הלבן (100 גרם)</ItemName>
      <ManufactureName>תנובה - חלב</ManufactureName>
      <ManufactureCountry />
      <ManufactureItemDescription />
      <UnitQty>יח`</UnitQty>
      <Quantity>100</Quantity>
      <UnitMeasure>גרם</UnitMeasure>
      <BisWeighted>0</BisWeighted>
      <QtyInPackage>1</QtyInPackage>
      <ItemPrice>12.20</ItemPrice>
      <UnitOfMeasurePrice>12.20</UnitOfMeasurePrice>
      <AllowDiscount>0</AllowDiscount>
      <itemStatus>1</itemStatus>
      <LastUpdateDate />
      <LastUpdateTime />
    </Product>
    <Product>
      <PriceUpdateDate>2018/08/13 09:32</PriceUpdateDate>
      <ItemCode>7290004122195</ItemCode>
      <ItemType>1</ItemType>
      <ItemName>גוש חלב פרוס</ItemName>
      <ManufactureName>תנובה - חלב</ManufactureName>
      <ManufactureCountry />
      <ManufactureItemDescription />
      <UnitQty>יח`</UnitQty>
      <Quantity>200</Quantity>
      <UnitMeasure>גרם</UnitMeasure>
      <BisWeighted>0</BisWeighted>
      <QtyInPackage>1</QtyInPackage>
      <ItemPrice>13.50</ItemPrice>
      <UnitOfMeasurePrice>6.75</UnitOfMeasurePrice>
      <AllowDiscount>0</AllowDiscount>
      <itemStatus>1</itemStatus>
      <LastUpdateDate />
      <LastUpdateTime />
    </Product>
    <Product>
      <PriceUpdateDate>2018/08/13 09:32</PriceUpdateDate>
      <ItemCode>7290004122270</ItemCode>
      <ItemType>1</ItemType>
      <ItemName>גבינה צהובה קלאסית 28% עמק (200 גרם)</ItemName>
      <ManufactureName>תנובה - חלב</ManufactureName>
      <ManufactureCountry />
      <ManufactureItemDescription />
      <UnitQty>יח`</UnitQty>
      <Quantity>200</Quantity>
      <UnitMeasure>גרם</UnitMeasure>
      <BisWeighted>0</BisWeighted>
      <QtyInPackage>1</QtyInPackage>
      <ItemPrice>16.10</ItemPrice>
      <UnitOfMeasurePrice>8.05</UnitOfMeasurePrice>
      <AllowDiscount>0</AllowDiscount>
      <itemStatus>1</itemStatus>
      <LastUpdateDate />
      <LastUpdateTime />
    </Product>
    <Product>
      <PriceUpdateDate>2018/08/13 09:32</PriceUpdateDate>
      <ItemCode>7290004122348</ItemCode>
      <ItemType>1</ItemType>
      <ItemName>גבינה צהובה מופחתת שומן 9% עמק (200 גרם)</ItemName>
      <ManufactureName>תנובה - חלב</ManufactureName>
      <ManufactureCountry />
      <ManufactureItemDescription />
      <UnitQty>יח`</UnitQty>
      <Quantity>200</Quantity>
      <UnitMeasure>גרם</UnitMeasure>
      <BisWeighted>0</BisWeighted>
      <QtyInPackage>1</QtyInPackage>
      <ItemPrice>16.90</ItemPrice>
      <UnitOfMeasurePrice>8.45</UnitOfMeasurePrice>
      <AllowDiscount>1</AllowDiscount>
      <itemStatus>1</itemStatus>
      <LastUpdateDate />
      <LastUpdateTime />
    </Product>
    <Product>
      <PriceUpdateDate>2018/08/13 09:32</PriceUpdateDate>
      <ItemCode>7290004122683</ItemCode>
      <ItemType>1</ItemType>
      <ItemName>אצבעות עמק</ItemName>
      <ManufactureName>תנובה - חלב</ManufactureName>
      <ManufactureCountry />
      <ManufactureItemDescription />
      <UnitQty>יח`</UnitQty>
      <Quantity>172</Quantity>
      <UnitMeasure>גרם</UnitMeasure>
      <BisWeighted>0</BisWeighted>
      <QtyInPackage>1</QtyInPackage>
      <ItemPrice>16.20</ItemPrice>
      <UnitOfMeasurePrice>9.42</UnitOfMeasurePrice>
      <AllowDiscount>0</AllowDiscount>
      <itemStatus>1</itemStatus>
      <LastUpdateDate />
      <LastUpdateTime />
    </Product>
    <Product>
      <PriceUpdateDate>2013/12/31 12:18</PriceUpdateDate>
      <ItemCode>7290004124205</ItemCode>
      <ItemType>1</ItemType>
      <ItemName>יוגורט ביו דיאט 0% תות יופלה (150 גרם)</ItemName>
      <ManufactureName>תנובה - חלב</ManufactureName>
      <ManufactureCountry />
      <ManufactureItemDescription />
      <UnitQty>יח`</UnitQty>
      <Quantity>150</Quantity>
      <UnitMeasure>מ"ל</UnitMeasure>
      <BisWeighted>0</BisWeighted>
      <QtyInPackage>1</QtyInPackage>
      <ItemPrice>4.90</ItemPrice>
      <UnitOfMeasurePrice>3.27</UnitOfMeasurePrice>
      <AllowDiscount>1</AllowDiscount>
      <itemStatus>1</itemStatus>
      <LastUpdateDate />
      <LastUpdateTime />
    </Product>
    <Product>
      <PriceUpdateDate>2015/10/14 10:58</PriceUpdateDate>
      <ItemCode>7290004124847</ItemCode>
      <ItemType>1</ItemType>
      <ItemName>קצפת צמחית השף הלבן 500</ItemName>
      <ManufactureName>תנובה - חלב</ManufactureName>
      <ManufactureCountry />
      <ManufactureItemDescription />
      <UnitQty>יח`</UnitQty>
      <Quantity>500</Quantity>
      <UnitMeasure>מ"ל</UnitMeasure>
      <BisWeighted>0</BisWeighted>
      <QtyInPackage>1</QtyInPackage>
      <ItemPrice>13.90</ItemPrice>
      <UnitOfMeasurePrice>2.78</UnitOfMeasurePrice>
      <AllowDiscount>0</AllowDiscount>
      <itemStatus>1</itemStatus>
      <LastUpdateDate />
      <LastUpdateTime />
    </Product>
    <Product>
      <PriceUpdateDate>2013/12/31 12:18</PriceUpdateDate>
      <ItemCode>7290004124892</ItemCode>
      <ItemType>1</ItemType>
      <ItemName>יופליי פירות</ItemName>
      <ManufactureName>תנובה - חלב</ManufactureName>
      <ManufactureCountry />
      <ManufactureItemDescription />
      <UnitQty>יח`</UnitQty>
      <Quantity>150</Quantity>
      <UnitMeasure>מ"ל</UnitMeasure>
      <BisWeighted>0</BisWeighted>
      <QtyInPackage>1</QtyInPackage>
      <ItemPrice>4.90</ItemPrice>
      <UnitOfMeasurePrice>3.27</UnitOfMeasurePrice>
      <AllowDiscount>1</AllowDiscount>
      <itemStatus>1</itemStatus>
      <LastUpdateDate />
      <LastUpdateTime />
    </Product>
    <Product>
      <PriceUpdateDate>2018/08/13 09:32</PriceUpdateDate>
      <ItemCode>7290004125370</ItemCode>
      <ItemType>1</ItemType>
      <ItemName>שמנת 9%</ItemName>
      <ManufactureName>תנובה - חלב</ManufactureName>
      <ManufactureCountry />
      <ManufactureItemDescription />
      <UnitQty>יח`</UnitQty>
      <Quantity>200</Quantity>
      <UnitMeasure>מ"ל</UnitMeasure>
      <BisWeighted>0</BisWeighted>
      <QtyInPackage>1</QtyInPackage>
      <ItemPrice>3.70</ItemPrice>
      <UnitOfMeasurePrice>1.85</UnitOfMeasurePrice>
      <AllowDiscount>0</AllowDiscount>
      <itemStatus>1</itemStatus>
      <LastUpdateDate />
      <LastUpdateTime />
    </Product>
    <Product>
      <PriceUpdateDate>2019/06/16 12:46</PriceUpdateDate>
      <ItemCode>7290004125400</ItemCode>
      <ItemType>1</ItemType>
      <ItemName>אשל 4.5% מהדרין תנובה (200  מל)פיקו</ItemName>
      <ManufactureName>תנובה - חלב</ManufactureName>
      <ManufactureCountry />
      <ManufactureItemDescription />
      <UnitQty>יח`</UnitQty>
      <Quantity>200</Quantity>
      <UnitMeasure>מ"ל</UnitMeasure>
      <BisWeighted>0</BisWeighted>
      <QtyInPackage>1</QtyInPackage>
      <ItemPrice>1.58</ItemPrice>
      <UnitOfMeasurePrice>0.79</UnitOfMeasurePrice>
      <AllowDiscount>0</AllowDiscount>
      <itemStatus>1</itemStatus>
      <LastUpdateDate />
      <LastUpdateTime />
    </Product>
    <Product>
      <PriceUpdateDate>2019/06/16 12:46</PriceUpdateDate>
      <ItemCode>7290004125417</ItemCode>
      <ItemType>1</ItemType>
      <ItemName>גיל 3% מהדרין תנובה (200  מל)פיקוח</ItemName>
      <ManufactureName>תנובה - חלב</ManufactureName>
      <ManufactureCountry />
      <ManufactureItemDescription />
      <UnitQty>יח`</UnitQty>
      <Quantity>200</Quantity>
      <UnitMeasure>מ"ל</UnitMeasure>
      <BisWeighted>0</BisWeighted>
      <QtyInPackage>1</QtyInPackage>
      <ItemPrice>1.44</ItemPrice>
      <UnitOfMeasurePrice>0.72</UnitOfMeasurePrice>
      <AllowDiscount>0</AllowDiscount>
      <itemStatus>1</itemStatus>
      <LastUpdateDate />
      <LastUpdateTime />
    </Product>
    <Product>
      <PriceUpdateDate>2019/06/16 12:46</PriceUpdateDate>
      <ItemCode>7290004125455</ItemCode>
      <ItemType>1</ItemType>
      <ItemName>שמנת חמוצה 15% מהדרין תנובה (200 מל)</ItemName>
      <ManufactureName>תנובה - חלב</ManufactureName>
      <ManufactureCountry />
      <ManufactureItemDescription />
      <UnitQty>יח`</UnitQty>
      <Quantity>200</Quantity>
      <UnitMeasure>מ"ל</UnitMeasure>
      <BisWeighted>0</BisWeighted>
      <QtyInPackage>1</QtyInPackage>
      <ItemPrice>2.28</ItemPrice>
      <UnitOfMeasurePrice>1.14</UnitOfMeasurePrice>
      <AllowDiscount>0</AllowDiscount>
      <itemStatus>1</itemStatus>
      <LastUpdateDate />
      <LastUpdateTime />
    </Product>
    <Product>
      <PriceUpdateDate>2019/06/16 12:46</PriceUpdateDate>
      <ItemCode>7290004125462</ItemCode>
      <ItemType>1</ItemType>
      <ItemName>שמנת חמוצה 15% תנובה (500 מל)</ItemName>
      <ManufactureName>תנובה - חלב</ManufactureName>
      <ManufactureCountry />
      <ManufactureItemDescription />
      <UnitQty>יח`</UnitQty>
      <Quantity>500</Quantity>
      <UnitMeasure>מ"ל</UnitMeasure>
      <BisWeighted>0</BisWeighted>
      <QtyInPackage>1</QtyInPackage>
      <ItemPrice>5.70</ItemPrice>
      <UnitOfMeasurePrice>1.14</UnitOfMeasurePrice>
      <AllowDiscount>0</AllowDiscount>
      <itemStatus>1</itemStatus>
      <LastUpdateDate />
      <LastUpdateTime />
    </Product>
    <Product>
      <PriceUpdateDate>2015/07/13 09:39</PriceUpdateDate>
      <ItemCode>7290004125509</ItemCode>
      <ItemType>1</ItemType>
      <ItemName>שמנת חמוצה 15% תנובה (100 מל)</ItemName>
      <ManufactureName>תנובה - חלב</ManufactureName>
      <ManufactureCountry />
      <ManufactureItemDescription />
      <UnitQty>יח`</UnitQty>
      <Quantity>100</Quantity>
      <UnitMeasure>מ"ל</UnitMeasure>
      <BisWeighted>0</BisWeighted>
      <QtyInPackage>1</QtyInPackage>
      <ItemPrice>1.60</ItemPrice>
      <UnitOfMeasurePrice>1.60</UnitOfMeasurePrice>
      <AllowDiscount>0</AllowDiscount>
      <itemStatus>1</itemStatus>
      <LastUpdateDate />
      <LastUpdateTime />
    </Product>
    <Product>
      <PriceUpdateDate>2018/10/21 10:25</PriceUpdateDate>
      <ItemCode>7290004125578</ItemCode>
      <ItemType>1</ItemType>
      <ItemName>משקה סויה מועשר תנובה (1 ליטר)</ItemName>
      <ManufactureName>תנובה - חלב</ManufactureName>
      <ManufactureCountry />
      <ManufactureItemDescription />
      <UnitQty>יח`</UnitQty>
      <Quantity>1</Quantity>
      <UnitMeasure>1 ליטר</UnitMeasure>
      <BisWeighted>0</BisWeighted>
      <QtyInPackage>1</QtyInPackage>
      <ItemPrice>9.90</ItemPrice>
      <UnitOfMeasurePrice>9.90</UnitOfMeasurePrice>
      <AllowDiscount>0</AllowDiscount>
      <itemStatus>1</itemStatus>
      <LastUpdateDate />
      <LastUpdateTime />
    </Product>
    <Product>
      <PriceUpdateDate>2018/10/21 10:25</PriceUpdateDate>
      <ItemCode>7290004125585</ItemCode>
      <ItemType>1</ItemType>
      <ItemName>משקה סויה 1 ליטר וניל על הבוקר</ItemName>
      <ManufactureName>תנובה - חלב</ManufactureName>
      <ManufactureCountry />
      <ManufactureItemDescription />
      <UnitQty>יח`</UnitQty>
      <Quantity>1</Quantity>
      <UnitMeasure>1 ליטר</UnitMeasure>
      <BisWeighted>0</BisWeighted>
      <QtyInPackage>1</QtyInPackage>
      <ItemPrice>9.90</ItemPrice>
      <UnitOfMeasurePrice>9.90</UnitOfMeasurePrice>
      <AllowDiscount>0</AllowDiscount>
      <itemStatus>1</itemStatus>
      <LastUpdateDate />
      <LastUpdateTime />
    </Product>
    <Product>
      <PriceUpdateDate>2018/08/13 09:32</PriceUpdateDate>
      <ItemCode>7290004125721</ItemCode>
      <ItemType>1</ItemType>
      <ItemName>שמנת עמידה לבישול 15% השף הלבן (250 מל)</ItemName>
      <ManufactureName>תנובה - חלב</ManufactureName>
      <ManufactureCountry />
      <ManufactureItemDescription />
      <UnitQty>יח`</UnitQty>
      <Quantity>250</Quantity>
      <UnitMeasure>מ"ל</UnitMeasure>
      <BisWeighted>0</BisWeighted>
      <QtyInPackage>1</QtyInPackage>
      <ItemPrice>8.20</ItemPrice>
      <UnitOfMeasurePrice>3.28</UnitOfMeasurePrice>
      <AllowDiscount>0</AllowDiscount>
      <itemStatus>1</itemStatus>
      <LastUpdateDate />
      <LastUpdateTime />
    </Product>
    <Product>
      <PriceUpdateDate>2019/02/03 12:25</PriceUpdateDate>
      <ItemCode>7290004125776</ItemCode>
      <ItemType>1</ItemType>
      <ItemName>גבינה צהובה קלאסית 28% עמק (400 גרם)</ItemName>
      <ManufactureName>תנובה - חלב</ManufactureName>
      <ManufactureCountry />
      <ManufactureItemDescription />
      <UnitQty>יח`</UnitQty>
      <Quantity>400</Quantity>
      <UnitMeasure>גרם</UnitMeasure>
      <BisWeighted>0</BisWeighted>
      <QtyInPackage>1</QtyInPackage>
      <ItemPrice>27.80</ItemPrice>
      <UnitOfMeasurePrice>6.95</UnitOfMeasurePrice>
      <AllowDiscount>0</AllowDiscount>
      <itemStatus>1</itemStatus>
      <LastUpdateDate />
      <LastUpdateTime />
    </Product>
    <Product>
      <PriceUpdateDate>2013/12/31 12:18</PriceUpdateDate>
      <ItemCode>7290004126759</ItemCode>
      <ItemType>1</ItemType>
      <ItemName>יופלה דיאט פירות יער</ItemName>
      <ManufactureName>תנובה - חלב</ManufactureName>
      <ManufactureCountry />
      <ManufactureItemDescription />
      <UnitQty>יח`</UnitQty>
      <Quantity>150</Quantity>
      <UnitMeasure>מ"ל</UnitMeasure>
      <BisWeighted>0</BisWeighted>
      <QtyInPackage>1</QtyInPackage>
      <ItemPrice>4.90</ItemPrice>
      <UnitOfMeasurePrice>3.27</UnitOfMeasurePrice>
      <AllowDiscount>1</AllowDiscount>
      <itemStatus>1</itemStatus>
      <LastUpdateDate />
      <LastUpdateTime />
    </Product>
    <Product>
      <PriceUpdateDate>2018/08/13 09:32</PriceUpdateDate>
      <ItemCode>7290004126872</ItemCode>
      <ItemType>1</ItemType>
      <ItemName>משקה שוק שוקו 250 מל</ItemName>
      <ManufactureName>תנובה - חלב</ManufactureName>
      <ManufactureCountry />
      <ManufactureItemDescription />
      <UnitQty>יח`</UnitQty>
      <Quantity>250</Quantity>
      <UnitMeasure>מ"ל</UnitMeasure>
      <BisWeighted>0</BisWeighted>
      <QtyInPackage>1</QtyInPackage>
      <ItemPrice>5.90</ItemPrice>
      <UnitOfMeasurePrice>2.36</UnitOfMeasurePrice>
      <AllowDiscount>0</AllowDiscount>
      <itemStatus>1</itemStatus>
      <LastUpdateDate />
      <LastUpdateTime />
    </Product>
    <Product>
      <PriceUpdateDate>2017/06/05 12:07</PriceUpdateDate>
      <ItemCode>7290004127077</ItemCode>
      <ItemType>1</ItemType>
      <ItemName>גבינת קוטג` 3% תנובה (250 גרם)</ItemName>
      <ManufactureName>תנובה - חלב</ManufactureName>
      <ManufactureCountry />
      <ManufactureItemDescription />
      <UnitQty>יח`</UnitQty>
      <Quantity>250</Quantity>
      <UnitMeasure>גרם</UnitMeasure>
      <BisWeighted>0</BisWeighted>
      <QtyInPackage>1</QtyInPackage>
      <ItemPrice>5.50</ItemPrice>
      <UnitOfMeasurePrice>2.20</UnitOfMeasurePrice>
      <AllowDiscount>0</AllowDiscount>
      <itemStatus>1</itemStatus>
      <LastUpdateDate />
      <LastUpdateTime />
    </Product>
    <Product>
      <PriceUpdateDate>2017/06/05 12:07</PriceUpdateDate>
      <ItemCode>7290004127329</ItemCode>
      <ItemType>1</ItemType>
      <ItemName>גבינת קוטג` 5% תנובה (250 גרם)</ItemName>
      <ManufactureName>תנובה - חלב</ManufactureName>
      <ManufactureCountry />
      <ManufactureItemDescription />
      <UnitQty>יח`</UnitQty>
      <Quantity>250</Quantity>
      <UnitMeasure>גרם</UnitMeasure>
      <BisWeighted>0</BisWeighted>
      <QtyInPackage>1</QtyInPackage>
      <ItemPrice>5.50</ItemPrice>
      <UnitOfMeasurePrice>2.20</UnitOfMeasurePrice>
      <AllowDiscount>0</AllowDiscount>
      <itemStatus>1</itemStatus>
      <LastUpdateDate />
      <LastUpdateTime />
    </Product>
    <Product>
      <PriceUpdateDate>2017/06/05 12:07</PriceUpdateDate>
      <ItemCode>7290004127336</ItemCode>
      <ItemType>1</ItemType>
      <ItemName>גבינת קוטג` 9% תנובה (250 גרם)</ItemName>
      <ManufactureName>תנובה - חלב</ManufactureName>
      <ManufactureCountry />
      <ManufactureItemDescription />
      <UnitQty>יח`</UnitQty>
      <Quantity>250</Quantity>
      <UnitMeasure>גרם</UnitMeasure>
      <BisWeighted>0</BisWeighted>
      <QtyInPackage>1</QtyInPackage>
      <ItemPrice>5.50</ItemPrice>
      <UnitOfMeasurePrice>2.20</UnitOfMeasurePrice>
      <AllowDiscount>0</AllowDiscount>
      <itemStatus>1</itemStatus>
      <LastUpdateDate />
      <LastUpdateTime />
    </Product>
    <Product>
      <PriceUpdateDate>2019/06/16 12:46</PriceUpdateDate>
      <ItemCode>7290004127800</ItemCode>
      <ItemType>1</ItemType>
      <ItemName>גבינה לבנה 5% תנובה (500 גרם) פיק</ItemName>
      <ManufactureName>תנובה - חלב</ManufactureName>
      <ManufactureCountry />
      <ManufactureItemDescription />
      <UnitQty>יח`</UnitQty>
      <Quantity>500</Quantity>
      <UnitMeasure>גרם</UnitMeasure>
      <BisWeighted>0</BisWeighted>
      <QtyInPackage>1</QtyInPackage>
      <ItemPrice>9.50</ItemPrice>
      <UnitOfMeasurePrice>1.90</UnitOfMeasurePrice>
      <AllowDiscount>0</AllowDiscount>
      <itemStatus>1</itemStatus>
      <LastUpdateDate />
      <LastUpdateTime />
    </Product>
    <Product>
      <PriceUpdateDate>2019/06/16 12:46</PriceUpdateDate>
      <ItemCode>7290004127817</ItemCode>
      <ItemType>1</ItemType>
      <ItemName>גבינה לבנה 9% תנובה (500 גרם)</ItemName>
      <ManufactureName>תנובה - חלב</ManufactureName>
      <ManufactureCountry />
      <ManufactureItemDescription />
      <UnitQty>יח`</UnitQty>
      <Quantity>500</Quantity>
      <UnitMeasure>גרם</UnitMeasure>
      <BisWeighted>0</BisWeighted>
      <QtyInPackage>1</QtyInPackage>
      <ItemPrice>9.50</ItemPrice>
      <UnitOfMeasurePrice>1.90</UnitOfMeasurePrice>
      <AllowDiscount>0</AllowDiscount>
      <itemStatus>1</itemStatus>
      <LastUpdateDate />
      <LastUpdateTime />
    </Product>
    <Product>
      <PriceUpdateDate>2019/06/16 12:46</PriceUpdateDate>
      <ItemCode>7290004127862</ItemCode>
      <ItemType>1</ItemType>
      <ItemName>גבינה לבנה 5% תנובה (750 גרם)</ItemName>
      <ManufactureName>תנובה - חלב</ManufactureName>
      <ManufactureCountry />
      <ManufactureItemDescription />
      <UnitQty>יח`</UnitQty>
      <Quantity>750</Quantity>
      <UnitMeasure>גרם</UnitMeasure>
      <BisWeighted>0</BisWeighted>
      <QtyInPackage>1</QtyInPackage>
      <ItemPrice>14.25</ItemPrice>
      <UnitOfMeasurePrice>1.90</UnitOfMeasurePrice>
      <AllowDiscount>0</AllowDiscount>
      <itemStatus>1</itemStatus>
      <LastUpdateDate />
      <LastUpdateTime />
    </Product>
    <Product>
      <PriceUpdateDate>2019/06/16 12:46</PriceUpdateDate>
      <ItemCode>7290004127916</ItemCode>
      <ItemType>1</ItemType>
      <ItemName>גבינה לבנה 0.5% תנובה (500 גרם)</ItemName>
      <ManufactureName>תנובה - חלב</ManufactureName>
      <ManufactureCountry />
      <ManufactureItemDescription />
      <UnitQty>יח`</UnitQty>
      <Quantity>500</Quantity>
      <UnitMeasure>גרם</UnitMeasure>
      <BisWeighted>0</BisWeighted>
      <QtyInPackage>1</QtyInPackage>
      <ItemPrice>9.50</ItemPrice>
      <UnitOfMeasurePrice>1.90</UnitOfMeasurePrice>
      <AllowDiscount>0</AllowDiscount>
      <itemStatus>1</itemStatus>
      <LastUpdateDate />
      <LastUpdateTime />
    </Product>
    <Product>
      <PriceUpdateDate>2018/08/13 09:32</PriceUpdateDate>
      <ItemCode>7290004128340</ItemCode>
      <ItemType>1</ItemType>
      <ItemName>גבינת שמנת 5% 200 גר`</ItemName>
      <ManufactureName>תנובה - חלב</ManufactureName>
      <ManufactureCountry />
      <ManufactureItemDescription />
      <UnitQty>יח`</UnitQty>
      <Quantity>200</Quantity>
      <UnitMeasure>גרם</UnitMeasure>
      <BisWeighted>0</BisWeighted>
      <QtyInPackage>1</QtyInPackage>
      <ItemPrice>11.50</ItemPrice>
      <UnitOfMeasurePrice>5.75</UnitOfMeasurePrice>
      <AllowDiscount>0</AllowDiscount>
      <itemStatus>1</itemStatus>
      <LastUpdateDate />
      <LastUpdateTime />
    </Product>
    <Product>
      <PriceUpdateDate>2018/08/13 09:32</PriceUpdateDate>
      <ItemCode>7290004128364</ItemCode>
      <ItemType>1</ItemType>
      <ItemName>גבינת שמנת 5% זיתים 200 גר`</ItemName>
      <ManufactureName>תנובה - חלב</ManufactureName>
      <ManufactureCountry />
      <ManufactureItemDescription />
      <UnitQty>יח`</UnitQty>
      <Quantity>200</Quantity>
      <UnitMeasure>גרם</UnitMeasure>
      <BisWeighted>0</BisWeighted>
      <QtyInPackage>1</QtyInPackage>
      <ItemPrice>11.50</ItemPrice>
      <UnitOfMeasurePrice>5.75</UnitOfMeasurePrice>
      <AllowDiscount>0</AllowDiscount>
      <itemStatus>1</itemStatus>
      <LastUpdateDate />
      <LastUpdateTime />
    </Product>
    <Product>
      <PriceUpdateDate>2018/08/13 09:32</PriceUpdateDate>
      <ItemCode>7290004129101</ItemCode>
      <ItemType>1</ItemType>
      <ItemName>גבינת נפוליאון 225 גר` טבעי גביע</ItemName>
      <ManufactureName>תנובה - חלב</ManufactureName>
      <ManufactureCountry />
      <ManufactureItemDescription />
      <UnitQty>יח`</UnitQty>
      <Quantity>225</Quantity>
      <UnitMeasure>גרם</UnitMeasure>
      <BisWeighted>0</BisWeighted>
      <QtyInPackage>1</QtyInPackage>
      <ItemPrice>13.90</ItemPrice>
      <UnitOfMeasurePrice>6.18</UnitOfMeasurePrice>
      <AllowDiscount>0</AllowDiscount>
      <itemStatus>1</itemStatus>
      <LastUpdateDate />
      <LastUpdateTime />
    </Product>
    <Product>
      <PriceUpdateDate>2018/08/13 09:32</PriceUpdateDate>
      <ItemCode>7290004129118</ItemCode>
      <ItemType>1</ItemType>
      <ItemName>גבינת נפוליאון 225 גר` זית גביע</ItemName>
      <ManufactureName>תנובה - חלב</ManufactureName>
      <ManufactureCountry />
      <ManufactureItemDescription />
      <UnitQty>יח`</UnitQty>
      <Quantity>225</Quantity>
      <UnitMeasure>גרם</UnitMeasure>
      <BisWeighted>0</BisWeighted>
      <QtyInPackage>1</QtyInPackage>
      <ItemPrice>13.90</ItemPrice>
      <UnitOfMeasurePrice>6.18</UnitOfMeasurePrice>
      <AllowDiscount>0</AllowDiscount>
      <itemStatus>1</itemStatus>
      <LastUpdateDate />
      <LastUpdateTime />
    </Product>
    <Product>
      <PriceUpdateDate>2018/08/13 09:32</PriceUpdateDate>
      <ItemCode>7290004129156</ItemCode>
      <ItemType>1</ItemType>
      <ItemName>גבינת נפוליאון 225 גר` שום שמיר גביע</ItemName>
      <ManufactureName>תנובה - חלב</ManufactureName>
      <ManufactureCountry />
      <ManufactureItemDescription />
      <UnitQty>יח`</UnitQty>
      <Quantity>225</Quantity>
      <UnitMeasure>גרם</UnitMeasure>
      <BisWeighted>0</BisWeighted>
      <QtyInPackage>1</QtyInPackage>
      <ItemPrice>13.90</ItemPrice>
      <UnitOfMeasurePrice>6.18</UnitOfMeasurePrice>
      <AllowDiscount>0</AllowDiscount>
      <itemStatus>1</itemStatus>
      <LastUpdateDate />
      <LastUpdateTime />
    </Product>
    <Product>
      <PriceUpdateDate>2018/08/13 09:32</PriceUpdateDate>
      <ItemCode>7290004129736</ItemCode>
      <ItemType>1</ItemType>
      <ItemName>יופלה-קרם יוגורט 1.5%</ItemName>
      <ManufactureName>תנובה - חלב</ManufactureName>
      <ManufactureCountry />
      <ManufactureItemDescription />
      <UnitQty>יח`</UnitQty>
      <Quantity>200</Quantity>
      <UnitMeasure>מ"ל</UnitMeasure>
      <BisWeighted>0</BisWeighted>
      <QtyInPackage>1</QtyInPackage>
      <ItemPrice>4.50</ItemPrice>
      <UnitOfMeasurePrice>2.25</UnitOfMeasurePrice>
      <AllowDiscount>1</AllowDiscount>
      <itemStatus>1</itemStatus>
      <LastUpdateDate />
      <LastUpdateTime />
    </Product>
    <Product>
      <PriceUpdateDate>2018/08/13 09:32</PriceUpdateDate>
      <ItemCode>7290004129767</ItemCode>
      <ItemType>1</ItemType>
      <ItemName>יופלה לבן שמינייה 3%</ItemName>
      <ManufactureName>תנובה - חלב</ManufactureName>
      <ManufactureCountry />
      <ManufactureItemDescription />
      <UnitQty>יח`</UnitQty>
      <Quantity>1200</Quantity>
      <UnitMeasure>מ"ל</UnitMeasure>
      <BisWeighted>0</BisWeighted>
      <QtyInPackage>1</QtyInPackage>
      <ItemPrice>17.50</ItemPrice>
      <UnitOfMeasurePrice>1.46</UnitOfMeasurePrice>
      <AllowDiscount>1</AllowDiscount>
      <itemStatus>1</itemStatus>
      <LastUpdateDate />
      <LastUpdateTime />
    </Product>
    <Product>
      <PriceUpdateDate>2018/08/13 09:32</PriceUpdateDate>
      <ItemCode>7290004130695</ItemCode>
      <ItemType>1</ItemType>
      <ItemName>אייס קפה 2% שומן תנובה (1 ליטר)</ItemName>
      <ManufactureName>תנובה - חלב</ManufactureName>
      <ManufactureCountry />
      <ManufactureItemDescription />
      <UnitQty>יח`</UnitQty>
      <Quantity>1</Quantity>
      <UnitMeasure>1 ליטר</UnitMeasure>
      <BisWeighted>0</BisWeighted>
      <QtyInPackage>1</QtyInPackage>
      <ItemPrice>12.50</ItemPrice>
      <UnitOfMeasurePrice>12.50</UnitOfMeasurePrice>
      <AllowDiscount>0</AllowDiscount>
      <itemStatus>1</itemStatus>
      <LastUpdateDate />
      <LastUpdateTime />
    </Product>
    <Product>
      <PriceUpdateDate>2018/10/21 10:25</PriceUpdateDate>
      <ItemCode>7290004130794</ItemCode>
      <ItemType>1</ItemType>
      <ItemName>משקה סויה במתיקות מופחתת תנובה (1 ליטר)</ItemName>
      <ManufactureName>תנובה - חלב</ManufactureName>
      <ManufactureCountry />
      <ManufactureItemDescription />
      <UnitQty>יח`</UnitQty>
      <Quantity>1</Quantity>
      <UnitMeasure>1 ליטר</UnitMeasure>
      <BisWeighted>0</BisWeighted>
      <QtyInPackage>1</QtyInPackage>
      <ItemPrice>9.90</ItemPrice>
      <UnitOfMeasurePrice>9.90</UnitOfMeasurePrice>
      <AllowDiscount>0</AllowDiscount>
      <itemStatus>1</itemStatus>
      <LastUpdateDate />
      <LastUpdateTime />
    </Product>
    <Product>
      <PriceUpdateDate>2013/12/31 12:18</PriceUpdateDate>
      <ItemCode>7290004130916</ItemCode>
      <ItemType>1</ItemType>
      <ItemName>יופלה שמנת עם פירות יער</ItemName>
      <ManufactureName>תנובה - חלב</ManufactureName>
      <ManufactureCountry />
      <ManufactureItemDescription />
      <UnitQty>יח`</UnitQty>
      <Quantity>150</Quantity>
      <UnitMeasure>מ"ל</UnitMeasure>
      <BisWeighted>0</BisWeighted>
      <QtyInPackage>1</QtyInPackage>
      <ItemPrice>4.90</ItemPrice>
      <UnitOfMeasurePrice>3.27</UnitOfMeasurePrice>
      <AllowDiscount>1</AllowDiscount>
      <itemStatus>1</itemStatus>
      <LastUpdateDate />
      <LastUpdateTime />
    </Product>
    <Product>
      <PriceUpdateDate>2019/06/16 12:46</PriceUpdateDate>
      <ItemCode>7290004131074</ItemCode>
      <ItemType>1</ItemType>
      <ItemName>חלב 3% מהדרין תנובה (1 ליטר)</ItemName>
      <ManufactureName>תנובה - חלב</ManufactureName>
      <ManufactureCountry />
      <ManufactureItemDescription />
      <UnitQty>יח`</UnitQty>
      <Quantity>1</Quantity>
      <UnitMeasure>1 ליטר</UnitMeasure>
      <BisWeighted>0</BisWeighted>
      <QtyInPackage>1</QtyInPackage>
      <ItemPrice>5.94</ItemPrice>
      <UnitOfMeasurePrice>5.94</UnitOfMeasurePrice>
      <AllowDiscount>0</AllowDiscount>
      <itemStatus>1</itemStatus>
      <LastUpdateDate />
      <LastUpdateTime />
    </Product>
    <Product>
      <PriceUpdateDate>2018/08/13 09:32</PriceUpdateDate>
      <ItemCode>7290004131432</ItemCode>
      <ItemType>1</ItemType>
      <ItemName>יופלה-קרם יוגורט 3%</ItemName>
      <ManufactureName>תנובה - חלב</ManufactureName>
      <ManufactureCountry />
      <ManufactureItemDescription />
      <UnitQty>יח`</UnitQty>
      <Quantity>200</Quantity>
      <UnitMeasure>מ"ל</UnitMeasure>
      <BisWeighted>0</BisWeighted>
      <QtyInPackage>1</QtyInPackage>
      <ItemPrice>3.90</ItemPrice>
      <UnitOfMeasurePrice>1.95</UnitOfMeasurePrice>
      <AllowDiscount>1</AllowDiscount>
      <itemStatus>1</itemStatus>
      <LastUpdateDate />
      <LastUpdateTime />
    </Product>
    <Product>
      <PriceUpdateDate>2018/08/13 09:32</PriceUpdateDate>
      <ItemCode>7290004131456</ItemCode>
      <ItemType>1</ItemType>
      <ItemName>יופלה-קרם יוגורט 1.5%</ItemName>
      <ManufactureName>תנובה - חלב</ManufactureName>
      <ManufactureCountry />
      <ManufactureItemDescription />
      <UnitQty>יח`</UnitQty>
      <Quantity>200</Quantity>
      <UnitMeasure>מ"ל</UnitMeasure>
      <BisWeighted>0</BisWeighted>
      <QtyInPackage>1</QtyInPackage>
      <ItemPrice>3.90</ItemPrice>
      <UnitOfMeasurePrice>1.95</UnitOfMeasurePrice>
      <AllowDiscount>1</AllowDiscount>
      <itemStatus>1</itemStatus>
      <LastUpdateDate />
      <LastUpdateTime />
    </Product>
    <Product>
      <PriceUpdateDate>2018/08/13 09:32</PriceUpdateDate>
      <ItemCode>7290004131531</ItemCode>
      <ItemType>1</ItemType>
      <ItemName>שוקו 30% פחות תוספת סוכר תנובה (1 ליטר)</ItemName>
      <ManufactureName>תנובה - חלב</ManufactureName>
      <ManufactureCountry />
      <ManufactureItemDescription />
      <UnitQty>יח`</UnitQty>
      <Quantity>1</Quantity>
      <UnitMeasure>1 ליטר</UnitMeasure>
      <BisWeighted>0</BisWeighted>
      <QtyInPackage>1</QtyInPackage>
      <ItemPrice>12.50</ItemPrice>
      <UnitOfMeasurePrice>12.50</UnitOfMeasurePrice>
      <AllowDiscount>0</AllowDiscount>
      <itemStatus>1</itemStatus>
      <LastUpdateDate />
      <LastUpdateTime />
    </Product>
    <Product>
      <PriceUpdateDate>2018/08/13 09:32</PriceUpdateDate>
      <ItemCode>7290004132231</ItemCode>
      <ItemType>1</ItemType>
      <ItemName>חלב קרטון 0.8 5% לקפה</ItemName>
      <ManufactureName>תנובה - חלב</ManufactureName>
      <ManufactureCountry />
      <ManufactureItemDescription />
      <UnitQty>יח`</UnitQty>
      <Quantity>1</Quantity>
      <UnitMeasure>1 ליטר</UnitMeasure>
      <BisWeighted>0</BisWeighted>
      <QtyInPackage>1</QtyInPackage>
      <ItemPrice>6.90</ItemPrice>
      <UnitOfMeasurePrice>6.90</UnitOfMeasurePrice>
      <AllowDiscount>0</AllowDiscount>
      <itemStatus>1</itemStatus>
      <LastUpdateDate />
      <LastUpdateTime />
    </Product>
    <Product>
      <PriceUpdateDate>2018/08/13 09:32</PriceUpdateDate>
      <ItemCode>7290004132514</ItemCode>
      <ItemType>1</ItemType>
      <ItemName>שוקו בננה 1 ליטר בקבוק תנובה</ItemName>
      <ManufactureName>תנובה - חלב</ManufactureName>
      <ManufactureCountry />
      <ManufactureItemDescription />
      <UnitQty>יח`</UnitQty>
      <Quantity>1</Quantity>
      <UnitMeasure>1 ליטר</UnitMeasure>
      <BisWeighted>0</BisWeighted>
      <QtyInPackage>1</QtyInPackage>
      <ItemPrice>12.50</ItemPrice>
      <UnitOfMeasurePrice>12.50</UnitOfMeasurePrice>
      <AllowDiscount>0</AllowDiscount>
      <itemStatus>1</itemStatus>
      <LastUpdateDate />
      <LastUpdateTime />
    </Product>
    <Product>
      <PriceUpdateDate>2018/10/21 10:25</PriceUpdateDate>
      <ItemCode>7290004132552</ItemCode>
      <ItemType>1</ItemType>
      <ItemName>משקה סויה 1 ליטר דיא</ItemName>
      <ManufactureName>תנובה - חלב</ManufactureName>
      <ManufactureCountry />
      <ManufactureItemDescription />
      <UnitQty>יח`</UnitQty>
      <Quantity>1</Quantity>
      <UnitMeasure>1 ליטר</UnitMeasure>
      <BisWeighted>0</BisWeighted>
      <QtyInPackage>1</QtyInPackage>
      <ItemPrice>9.90</ItemPrice>
      <UnitOfMeasurePrice>9.90</UnitOfMeasurePrice>
      <AllowDiscount>0</AllowDiscount>
      <itemStatus>1</itemStatus>
      <LastUpdateDate />
      <LastUpdateTime />
    </Product>
    <Product>
      <PriceUpdateDate>2018/08/13 09:32</PriceUpdateDate>
      <ItemCode>7290004132606</ItemCode>
      <ItemType>1</ItemType>
      <ItemName>קרלו מיני שמינייה וניל</ItemName>
      <ManufactureName>תנובה - חלב</ManufactureName>
      <ManufactureCountry />
      <ManufactureItemDescription />
      <UnitQty>יח`</UnitQty>
      <Quantity>800</Quantity>
      <UnitMeasure>מ"ל</UnitMeasure>
      <BisWeighted>0</BisWeighted>
      <QtyInPackage>1</QtyInPackage>
      <ItemPrice>13.90</ItemPrice>
      <UnitOfMeasurePrice>1.74</UnitOfMeasurePrice>
      <AllowDiscount>0</AllowDiscount>
      <itemStatus>1</itemStatus>
      <LastUpdateDate />
      <LastUpdateTime />
    </Product>
    <Product>
      <PriceUpdateDate>2018/08/13 09:32</PriceUpdateDate>
      <ItemCode>7290004132712</ItemCode>
      <ItemType>1</ItemType>
      <ItemName>אצבעות עמק</ItemName>
      <ManufactureName>תנובה - חלב</ManufactureName>
      <ManufactureCountry />
      <ManufactureItemDescription />
      <UnitQty>יח`</UnitQty>
      <Quantity>174</Quantity>
      <UnitMeasure>גרם</UnitMeasure>
      <BisWeighted>0</BisWeighted>
      <QtyInPackage>1</QtyInPackage>
      <ItemPrice>16.50</ItemPrice>
      <UnitOfMeasurePrice>9.48</UnitOfMeasurePrice>
      <AllowDiscount>0</AllowDiscount>
      <itemStatus>1</itemStatus>
      <LastUpdateDate />
      <LastUpdateTime />
    </Product>
    <Product>
      <PriceUpdateDate>2019/06/16 12:46</PriceUpdateDate>
      <ItemCode>7290004132903</ItemCode>
      <ItemType>1</ItemType>
      <ItemName>גבינה לבנה 250  גר`3%</ItemName>
      <ManufactureName>תנובה - חלב</ManufactureName>
      <ManufactureCountry />
      <ManufactureItemDescription />
      <UnitQty>יח`</UnitQty>
      <Quantity>250</Quantity>
      <UnitMeasure>גרם</UnitMeasure>
      <BisWeighted>0</BisWeighted>
      <QtyInPackage>1</QtyInPackage>
      <ItemPrice>4.75</ItemPrice>
      <UnitOfMeasurePrice>1.90</UnitOfMeasurePrice>
      <AllowDiscount>0</AllowDiscount>
      <itemStatus>1</itemStatus>
      <LastUpdateDate />
      <LastUpdateTime />
    </Product>
    <Product>
      <PriceUpdateDate>2018/08/13 09:32</PriceUpdateDate>
      <ItemCode>7290004133207</ItemCode>
      <ItemType>1</ItemType>
      <ItemName>יופלה לבן 0% דיאט</ItemName>
      <ManufactureName>תנובה - חלב</ManufactureName>
      <ManufactureCountry />
      <ManufactureItemDescription />
      <UnitQty>יח`</UnitQty>
      <Quantity>200</Quantity>
      <UnitMeasure>מ"ל</UnitMeasure>
      <BisWeighted>0</BisWeighted>
      <QtyInPackage>1</QtyInPackage>
      <ItemPrice>3.90</ItemPrice>
      <UnitOfMeasurePrice>1.95</UnitOfMeasurePrice>
      <AllowDiscount>1</AllowDiscount>
      <itemStatus>1</itemStatus>
      <LastUpdateDate />
      <LastUpdateTime />
    </Product>
    <Product>
      <PriceUpdateDate>2018/12/02 14:28</PriceUpdateDate>
      <ItemCode>7290004133511</ItemCode>
      <ItemType>1</ItemType>
      <ItemName>מאגדת שמינייה יופלה</ItemName>
      <ManufactureName>תנובה - חלב</ManufactureName>
      <ManufactureCountry />
      <ManufactureItemDescription />
      <UnitQty>יח`</UnitQty>
      <Quantity>1.20</Quantity>
      <UnitMeasure>1 ליטר</UnitMeasure>
      <BisWeighted>0</BisWeighted>
      <QtyInPackage>1</QtyInPackage>
      <ItemPrice>20.90</ItemPrice>
      <UnitOfMeasurePrice>17.42</UnitOfMeasurePrice>
      <AllowDiscount>1</AllowDiscount>
      <itemStatus>1</itemStatus>
      <LastUpdateDate />
      <LastUpdateTime />
    </Product>
    <Product>
      <PriceUpdateDate>2018/08/13 09:32</PriceUpdateDate>
      <ItemCode>7290004133627</ItemCode>
      <ItemType>1</ItemType>
      <ItemName>חלב קרטון 1 ליטר 3% מועשר על הבוקר</ItemName>
      <ManufactureName>תנובה - חלב</ManufactureName>
      <ManufactureCountry />
      <ManufactureItemDescription />
      <UnitQty>יח`</UnitQty>
      <Quantity>1</Quantity>
      <UnitMeasure>1 ליטר</UnitMeasure>
      <BisWeighted>0</BisWeighted>
      <QtyInPackage>1</QtyInPackage>
      <ItemPrice>8.30</ItemPrice>
      <UnitOfMeasurePrice>8.30</UnitOfMeasurePrice>
      <AllowDiscount>0</AllowDiscount>
      <itemStatus>1</itemStatus>
      <LastUpdateDate />
      <LastUpdateTime />
    </Product>
    <Product>
      <PriceUpdateDate>2016/12/09 09:18</PriceUpdateDate>
      <ItemCode>7290004133900</ItemCode>
      <ItemType>1</ItemType>
      <ItemName>קצפת צמחית בשף הלבן 250</ItemName>
      <ManufactureName>תנובה - חלב</ManufactureName>
      <ManufactureCountry />
      <ManufactureItemDescription />
      <UnitQty>יח`</UnitQty>
      <Quantity>250</Quantity>
      <UnitMeasure>מ"ל</UnitMeasure>
      <BisWeighted>0</BisWeighted>
      <QtyInPackage>1</QtyInPackage>
      <ItemPrice>8.90</ItemPrice>
      <UnitOfMeasurePrice>3.56</UnitOfMeasurePrice>
      <AllowDiscount>0</AllowDiscount>
      <itemStatus>1</itemStatus>
      <LastUpdateDate />
      <LastUpdateTime />
    </Product>
    <Product>
      <PriceUpdateDate>2018/08/13 09:32</PriceUpdateDate>
      <ItemCode>7290004134198</ItemCode>
      <ItemType>1</ItemType>
      <ItemName>משקה שוק בננה 250 מל</ItemName>
      <ManufactureName>תנובה - חלב</ManufactureName>
      <ManufactureCountry />
      <ManufactureItemDescription />
      <UnitQty>יח`</UnitQty>
      <Quantity>250</Quantity>
      <UnitMeasure>מ"ל</UnitMeasure>
      <BisWeighted>0</BisWeighted>
      <QtyInPackage>1</QtyInPackage>
      <ItemPrice>5.90</ItemPrice>
      <UnitOfMeasurePrice>2.36</UnitOfMeasurePrice>
      <AllowDiscount>0</AllowDiscount>
      <itemStatus>1</itemStatus>
      <LastUpdateDate />
      <LastUpdateTime />
    </Product>
    <Product>
      <PriceUpdateDate>2013/12/31 12:18</PriceUpdateDate>
      <ItemCode>7290004134945</ItemCode>
      <ItemType>1</ItemType>
      <ItemName>יוגורט ביו 3% בטעם מוקה יופלה (150 גרם)</ItemName>
      <ManufactureName>תנובה - חלב</ManufactureName>
      <ManufactureCountry />
      <ManufactureItemDescription />
      <UnitQty>יח`</UnitQty>
      <Quantity>150</Quantity>
      <UnitMeasure>מ"ל</UnitMeasure>
      <BisWeighted>0</BisWeighted>
      <QtyInPackage>1</QtyInPackage>
      <ItemPrice>4.90</ItemPrice>
      <UnitOfMeasurePrice>3.27</UnitOfMeasurePrice>
      <AllowDiscount>1</AllowDiscount>
      <itemStatus>1</itemStatus>
      <LastUpdateDate />
      <LastUpdateTime />
    </Product>
    <Product>
      <PriceUpdateDate>2018/08/13 09:32</PriceUpdateDate>
      <ItemCode>7290004135058</ItemCode>
      <ItemType>1</ItemType>
      <ItemName>קרלו מיני שמינייה שוקולד</ItemName>
      <ManufactureName>תנובה - חלב</ManufactureName>
      <ManufactureCountry />
      <ManufactureItemDescription />
      <UnitQty>יח`</UnitQty>
      <Quantity>800</Quantity>
      <UnitMeasure>מ"ל</UnitMeasure>
      <BisWeighted>0</BisWeighted>
      <QtyInPackage>1</QtyInPackage>
      <ItemPrice>13.90</ItemPrice>
      <UnitOfMeasurePrice>1.74</UnitOfMeasurePrice>
      <AllowDiscount>0</AllowDiscount>
      <itemStatus>1</itemStatus>
      <LastUpdateDate />
      <LastUpdateTime />
    </Product>
    <Product>
      <PriceUpdateDate>2018/08/13 09:32</PriceUpdateDate>
      <ItemCode>7290004135072</ItemCode>
      <ItemType>1</ItemType>
      <ItemName>קרלו מיני שמינייה שוקולד</ItemName>
      <ManufactureName>תנובה - חלב</ManufactureName>
      <ManufactureCountry />
      <ManufactureItemDescription />
      <UnitQty>יח`</UnitQty>
      <Quantity>800</Quantity>
      <UnitMeasure>מ"ל</UnitMeasure>
      <BisWeighted>0</BisWeighted>
      <QtyInPackage>1</QtyInPackage>
      <ItemPrice>13.90</ItemPrice>
      <UnitOfMeasurePrice>1.74</UnitOfMeasurePrice>
      <AllowDiscount>0</AllowDiscount>
      <itemStatus>1</itemStatus>
      <LastUpdateDate />
      <LastUpdateTime />
    </Product>
    <Product>
      <PriceUpdateDate>2018/08/13 09:32</PriceUpdateDate>
      <ItemCode>7290004135225</ItemCode>
      <ItemType>1</ItemType>
      <ItemName>מעדן בטעם שוקולד 0% תנובה (150 גרם)</ItemName>
      <ManufactureName>תנובה - חלב</ManufactureName>
      <ManufactureCountry />
      <ManufactureItemDescription />
      <UnitQty>יח`</UnitQty>
      <Quantity>150</Quantity>
      <UnitMeasure>מ"ל</UnitMeasure>
      <BisWeighted>0</BisWeighted>
      <QtyInPackage>1</QtyInPackage>
      <ItemPrice>4</ItemPrice>
      <UnitOfMeasurePrice>2.67</UnitOfMeasurePrice>
      <AllowDiscount>0</AllowDiscount>
      <itemStatus>1</itemStatus>
      <LastUpdateDate />
      <LastUpdateTime />
    </Product>
    <Product>
      <PriceUpdateDate>2018/08/13 09:32</PriceUpdateDate>
      <ItemCode>7290004135232</ItemCode>
      <ItemType>1</ItemType>
      <ItemName>מעדן בטעם וניל 0% תנובה (150 גרם)</ItemName>
      <ManufactureName>תנובה - חלב</ManufactureName>
      <ManufactureCountry />
      <ManufactureItemDescription />
      <UnitQty>יח`</UnitQty>
      <Quantity>150</Quantity>
      <UnitMeasure>מ"ל</UnitMeasure>
      <BisWeighted>0</BisWeighted>
      <QtyInPackage>1</QtyInPackage>
      <ItemPrice>4</ItemPrice>
      <UnitOfMeasurePrice>2.67</UnitOfMeasurePrice>
      <AllowDiscount>0</AllowDiscount>
      <itemStatus>1</itemStatus>
      <LastUpdateDate />
      <LastUpdateTime />
    </Product>
    <Product>
      <PriceUpdateDate>2018/08/13 09:32</PriceUpdateDate>
      <ItemCode>7290004135614</ItemCode>
      <ItemType>1</ItemType>
      <ItemName>גבינה בולגרית מעודנת 5% פיראוס (250 גרם)</ItemName>
      <ManufactureName>תנובה - חלב</ManufactureName>
      <ManufactureCountry />
      <ManufactureItemDescription />
      <UnitQty>יח`</UnitQty>
      <Quantity>250</Quantity>
      <UnitMeasure>גרם</UnitMeasure>
      <BisWeighted>0</BisWeighted>
      <QtyInPackage>1</QtyInPackage>
      <ItemPrice>21.90</ItemPrice>
      <UnitOfMeasurePrice>8.76</UnitOfMeasurePrice>
      <AllowDiscount>0</AllowDiscount>
      <itemStatus>1</itemStatus>
      <LastUpdateDate />
      <LastUpdateTime />
    </Product>
    <Product>
      <PriceUpdateDate>2018/08/13 09:32</PriceUpdateDate>
      <ItemCode>7290004136130</ItemCode>
      <ItemType>1</ItemType>
      <ItemName>שוקו 340 מל בקבוק תנובה</ItemName>
      <ManufactureName>תנובה - חלב</ManufactureName>
      <ManufactureCountry />
      <ManufactureItemDescription />
      <UnitQty>יח`</UnitQty>
      <Quantity>340</Quantity>
      <UnitMeasure>מ"ל</UnitMeasure>
      <BisWeighted>0</BisWeighted>
      <QtyInPackage>1</QtyInPackage>
      <ItemPrice>6.50</ItemPrice>
      <UnitOfMeasurePrice>1.91</UnitOfMeasurePrice>
      <AllowDiscount>0</AllowDiscount>
      <itemStatus>1</itemStatus>
      <LastUpdateDate />
      <LastUpdateTime />
    </Product>
    <Product>
      <PriceUpdateDate>2018/08/13 09:32</PriceUpdateDate>
      <ItemCode>7290004136598</ItemCode>
      <ItemType>1</ItemType>
      <ItemName>מארז הפסקת אוכל חלבי + קורנפלקס</ItemName>
      <ManufactureName>תנובה - חלב</ManufactureName>
      <ManufactureCountry />
      <ManufactureItemDescription />
      <UnitQty>יח`</UnitQty>
      <Quantity>150</Quantity>
      <UnitMeasure>מ"ל</UnitMeasure>
      <BisWeighted>0</BisWeighted>
      <QtyInPackage>1</QtyInPackage>
      <ItemPrice>9.90</ItemPrice>
      <UnitOfMeasurePrice>6.60</UnitOfMeasurePrice>
      <AllowDiscount>0</AllowDiscount>
      <itemStatus>1</itemStatus>
      <LastUpdateDate />
      <LastUpdateTime />
    </Product>
    <Product>
      <PriceUpdateDate>2013/12/31 12:18</PriceUpdateDate>
      <ItemCode>7290004136857</ItemCode>
      <ItemType>1</ItemType>
      <ItemName>מעדן ג`לי בטעם פטל תנובה (125 גרם)</ItemName>
      <ManufactureName>תנובה - חלב</ManufactureName>
      <ManufactureCountry />
      <ManufactureItemDescription />
      <UnitQty>יח`</UnitQty>
      <Quantity>125</Quantity>
      <UnitMeasure>מ"ל</UnitMeasure>
      <BisWeighted>0</BisWeighted>
      <QtyInPackage>1</QtyInPackage>
      <ItemPrice>2.30</ItemPrice>
      <UnitOfMeasurePrice>1.84</UnitOfMeasurePrice>
      <AllowDiscount>0</AllowDiscount>
      <itemStatus>1</itemStatus>
      <LastUpdateDate />
      <LastUpdateTime />
    </Product>
    <Product>
      <PriceUpdateDate>2013/12/31 12:18</PriceUpdateDate>
      <ItemCode>7290004136864</ItemCode>
      <ItemType>1</ItemType>
      <ItemName>ג`לי אננס+חתיכות</ItemName>
      <ManufactureName>תנובה - חלב</ManufactureName>
      <ManufactureCountry />
      <ManufactureItemDescription />
      <UnitQty>יח`</UnitQty>
      <Quantity>125</Quantity>
      <UnitMeasure>מ"ל</UnitMeasure>
      <BisWeighted>0</BisWeighted>
      <QtyInPackage>1</QtyInPackage>
      <ItemPrice>2.60</ItemPrice>
      <UnitOfMeasurePrice>2.08</UnitOfMeasurePrice>
      <AllowDiscount>0</AllowDiscount>
      <itemStatus>1</itemStatus>
      <LastUpdateDate />
      <LastUpdateTime />
    </Product>
    <Product>
      <PriceUpdateDate>2013/12/31 12:18</PriceUpdateDate>
      <ItemCode>7290004136871</ItemCode>
      <ItemType>1</ItemType>
      <ItemName>ג`לי אפרסק+חתיכות</ItemName>
      <ManufactureName>תנובה - חלב</ManufactureName>
      <ManufactureCountry />
      <ManufactureItemDescription />
      <UnitQty>יח`</UnitQty>
      <Quantity>125</Quantity>
      <UnitMeasure>מ"ל</UnitMeasure>
      <BisWeighted>0</BisWeighted>
      <QtyInPackage>1</QtyInPackage>
      <ItemPrice>2.60</ItemPrice>
      <UnitOfMeasurePrice>2.08</UnitOfMeasurePrice>
      <AllowDiscount>0</AllowDiscount>
      <itemStatus>1</itemStatus>
      <LastUpdateDate />
      <LastUpdateTime />
    </Product>
    <Product>
      <PriceUpdateDate>2018/08/13 09:32</PriceUpdateDate>
      <ItemCode>7290004137021</ItemCode>
      <ItemType>1</ItemType>
      <ItemName>שמנת עמידה לבישול 10% השף הלבן (250 מל)</ItemName>
      <ManufactureName>תנובה - חלב</ManufactureName>
      <ManufactureCountry />
      <ManufactureItemDescription />
      <UnitQty>יח`</UnitQty>
      <Quantity>250</Quantity>
      <UnitMeasure>מ"ל</UnitMeasure>
      <BisWeighted>0</BisWeighted>
      <QtyInPackage>1</QtyInPackage>
      <ItemPrice>8.20</ItemPrice>
      <UnitOfMeasurePrice>3.28</UnitOfMeasurePrice>
      <AllowDiscount>0</AllowDiscount>
      <itemStatus>1</itemStatus>
      <LastUpdateDate />
      <LastUpdateTime />
    </Product>
    <Product>
      <PriceUpdateDate>2018/08/13 09:32</PriceUpdateDate>
      <ItemCode>7290004137311</ItemCode>
      <ItemType>1</ItemType>
      <ItemName>גבינה צהובה מופחתת שומן 9% עמק (400 גרם)</ItemName>
      <ManufactureName>תנובה - חלב</ManufactureName>
      <ManufactureCountry />
      <ManufactureItemDescription />
      <UnitQty>יח`</UnitQty>
      <Quantity>400</Quantity>
      <UnitMeasure>גרם</UnitMeasure>
      <BisWeighted>0</BisWeighted>
      <QtyInPackage>1</QtyInPackage>
      <ItemPrice>30.80</ItemPrice>
      <UnitOfMeasurePrice>7.70</UnitOfMeasurePrice>
      <AllowDiscount>0</AllowDiscount>
      <itemStatus>1</itemStatus>
      <LastUpdateDate />
      <LastUpdateTime />
    </Product>
    <Product>
      <PriceUpdateDate>2018/08/13 09:32</PriceUpdateDate>
      <ItemCode>7290004137809</ItemCode>
      <ItemType>1</ItemType>
      <ItemName>לאבנה אסלית 5% פיראוס (250 גרם)</ItemName>
      <ManufactureName>תנובה - חלב</ManufactureName>
      <ManufactureCountry />
      <ManufactureItemDescription />
      <UnitQty>יח`</UnitQty>
      <Quantity>250</Quantity>
      <UnitMeasure>גרם</UnitMeasure>
      <BisWeighted>0</BisWeighted>
      <QtyInPackage>1</QtyInPackage>
      <ItemPrice>12.50</ItemPrice>
      <UnitOfMeasurePrice>5</UnitOfMeasurePrice>
      <AllowDiscount>0</AllowDiscount>
      <itemStatus>1</itemStatus>
      <LastUpdateDate />
      <LastUpdateTime />
    </Product>
    <Product>
      <PriceUpdateDate>2015/11/30 15:02</PriceUpdateDate>
      <ItemCode>7290004199074</ItemCode>
      <ItemType>1</ItemType>
      <ItemName>פלסטר מעורב סאני) (50</ItemName>
      <ManufactureName>אינטרסן 1996 בעמ</ManufactureName>
      <ManufactureCountry />
      <ManufactureItemDescription />
      <UnitQty>יח`</UnitQty>
      <Quantity>1</Quantity>
      <UnitMeasure />
      <BisWeighted>0</BisWeighted>
      <QtyInPackage>1</QtyInPackage>
      <ItemPrice>5.90</ItemPrice>
      <UnitOfMeasurePrice>5.90</UnitOfMeasurePrice>
      <AllowDiscount>0</AllowDiscount>
      <itemStatus>1</itemStatus>
      <LastUpdateDate />
      <LastUpdateTime />
    </Product>
    <Product>
      <PriceUpdateDate>2018/02/05 11:48</PriceUpdateDate>
      <ItemCode>7290004199203</ItemCode>
      <ItemType>1</ItemType>
      <ItemName>קיסמי שיניים במבוק מלחיה לב הוסטס) (300</ItemName>
      <ManufactureName>אינטרסן 1996 בעמ</ManufactureName>
      <ManufactureCountry />
      <ManufactureItemDescription />
      <UnitQty>יח`</UnitQty>
      <Quantity>1</Quantity>
      <UnitMeasure />
      <BisWeighted>0</BisWeighted>
      <QtyInPackage>1</QtyInPackage>
      <ItemPrice>3.90</ItemPrice>
      <UnitOfMeasurePrice>3.90</UnitOfMeasurePrice>
      <AllowDiscount>0</AllowDiscount>
      <itemStatus>1</itemStatus>
      <LastUpdateDate />
      <LastUpdateTime />
    </Product>
    <Product>
      <PriceUpdateDate>2015/11/30 15:02</PriceUpdateDate>
      <ItemCode>7290004199326</ItemCode>
      <ItemType>1</ItemType>
      <ItemName>כוס אימון מהפכנית רכה טוליפס</ItemName>
      <ManufactureName>אינטרסן 1996 בעמ</ManufactureName>
      <ManufactureCountry />
      <ManufactureItemDescription />
      <UnitQty>יח`</UnitQty>
      <Quantity>1</Quantity>
      <UnitMeasure />
      <BisWeighted>0</BisWeighted>
      <QtyInPackage>1</QtyInPackage>
      <ItemPrice>13.90</ItemPrice>
      <UnitOfMeasurePrice>13.90</UnitOfMeasurePrice>
      <AllowDiscount>0</AllowDiscount>
      <itemStatus>1</itemStatus>
      <LastUpdateDate />
      <LastUpdateTime />
    </Product>
    <Product>
      <PriceUpdateDate>2020/01/26 13:37</PriceUpdateDate>
      <ItemCode>7290004219079</ItemCode>
      <ItemType>1</ItemType>
      <ItemName>לבבות דקל פרוסות וילי פוד (400 גרם)</ItemName>
      <ManufactureName>ג.וילי-פוד אינטרנשיונל בעמ</ManufactureName>
      <ManufactureCountry />
      <ManufactureItemDescription />
      <UnitQty>יח`</UnitQty>
      <Quantity>400</Quantity>
      <UnitMeasure>גרם</UnitMeasure>
      <BisWeighted>0</BisWeighted>
      <QtyInPackage>1</QtyInPackage>
      <ItemPrice>6.90</ItemPrice>
      <UnitOfMeasurePrice>1.73</UnitOfMeasurePrice>
      <AllowDiscount>0</AllowDiscount>
      <itemStatus>1</itemStatus>
      <LastUpdateDate />
      <LastUpdateTime />
    </Product>
    <Product>
      <PriceUpdateDate>2013/12/31 12:18</PriceUpdateDate>
      <ItemCode>7290004220761</ItemCode>
      <ItemType>1</ItemType>
      <ItemName>קבב כבש 500 עטרה</ItemName>
      <ManufactureName>נטו מלינדה סחר - עטרה</ManufactureName>
      <ManufactureCountry />
      <ManufactureItemDescription />
      <UnitQty>יח`</UnitQty>
      <Quantity>500</Quantity>
      <UnitMeasure>גרם</UnitMeasure>
      <BisWeighted>0</BisWeighted>
      <QtyInPackage>1</QtyInPackage>
      <ItemPrice>22</ItemPrice>
      <UnitOfMeasurePrice>4.40</UnitOfMeasurePrice>
      <AllowDiscount>0</AllowDiscount>
      <itemStatus>1</itemStatus>
      <LastUpdateDate />
      <LastUpdateTime />
    </Product>
    <Product>
      <PriceUpdateDate>2015/01/28 13:49</PriceUpdateDate>
      <ItemCode>7290004225285</ItemCode>
      <ItemType>1</ItemType>
      <ItemName>גבינה בסגנון דנאבלו 100 גר</ItemName>
      <ManufactureName>נטו מלינדה סחר בעמ</ManufactureName>
      <ManufactureCountry />
      <ManufactureItemDescription />
      <UnitQty>יח`</UnitQty>
      <Quantity>100</Quantity>
      <UnitMeasure>גרם</UnitMeasure>
      <BisWeighted>0</BisWeighted>
      <QtyInPackage>1</QtyInPackage>
      <ItemPrice>13.90</ItemPrice>
      <UnitOfMeasurePrice>13.90</UnitOfMeasurePrice>
      <AllowDiscount>1</AllowDiscount>
      <itemStatus>1</itemStatus>
      <LastUpdateDate />
      <LastUpdateTime />
    </Product>
    <Product>
      <PriceUpdateDate>2015/04/30 10:18</PriceUpdateDate>
      <ItemCode>7290004230364</ItemCode>
      <ItemType>1</ItemType>
      <ItemName>מקלות בורקס פילו גבינה צרפתי -שגב</ItemName>
      <ManufactureName>נטו מלינדה סחר בעמ</ManufactureName>
      <ManufactureCountry />
      <ManufactureItemDescription />
      <UnitQty>יח`</UnitQty>
      <Quantity>600</Quantity>
      <UnitMeasure>גרם</UnitMeasure>
      <BisWeighted>0</BisWeighted>
      <QtyInPackage>1</QtyInPackage>
      <ItemPrice>19.90</ItemPrice>
      <UnitOfMeasurePrice>3.32</UnitOfMeasurePrice>
      <AllowDiscount>1</AllowDiscount>
      <itemStatus>1</itemStatus>
      <LastUpdateDate />
      <LastUpdateTime />
    </Product>
    <Product>
      <PriceUpdateDate>2015/12/02 11:46</PriceUpdateDate>
      <ItemCode>7290004230944</ItemCode>
      <ItemType>1</ItemType>
      <ItemName>מקלות פילו גבינה שלושת האופים</ItemName>
      <ManufactureName>נטו מלינדה סחר בעמ</ManufactureName>
      <ManufactureCountry />
      <ManufactureItemDescription />
      <UnitQty>יח`</UnitQty>
      <Quantity>600</Quantity>
      <UnitMeasure>גרם</UnitMeasure>
      <BisWeighted>0</BisWeighted>
      <QtyInPackage>1</QtyInPackage>
      <ItemPrice>18.90</ItemPrice>
      <UnitOfMeasurePrice>3.15</UnitOfMeasurePrice>
      <AllowDiscount>1</AllowDiscount>
      <itemStatus>1</itemStatus>
      <LastUpdateDate />
      <LastUpdateTime />
    </Product>
    <Product>
      <PriceUpdateDate>2019/05/16 10:10</PriceUpdateDate>
      <ItemCode>7290004256753</ItemCode>
      <ItemType>1</ItemType>
      <ItemName>עלי סיגר מרוקאי 450  גר`לפסטיליה</ItemName>
      <ManufactureName>נטו מלינדה סחר בעמ</ManufactureName>
      <ManufactureCountry />
      <ManufactureItemDescription />
      <UnitQty>יח`</UnitQty>
      <Quantity>450</Quantity>
      <UnitMeasure>גרם</UnitMeasure>
      <BisWeighted>0</BisWeighted>
      <QtyInPackage>1</QtyInPackage>
      <ItemPrice>11.90</ItemPrice>
      <UnitOfMeasurePrice>2.64</UnitOfMeasurePrice>
      <AllowDiscount>0</AllowDiscount>
      <itemStatus>1</itemStatus>
      <LastUpdateDate />
      <LastUpdateTime />
    </Product>
    <Product>
      <PriceUpdateDate>2019/08/01 11:14</PriceUpdateDate>
      <ItemCode>7290004263027</ItemCode>
      <ItemType>1</ItemType>
      <ItemName>קבב מזרחי עטרה (500 גרם)</ItemName>
      <ManufactureName>נטו מלינדה סחר - עטרה</ManufactureName>
      <ManufactureCountry />
      <ManufactureItemDescription />
      <UnitQty>יח`</UnitQty>
      <Quantity>500</Quantity>
      <UnitMeasure>גרם</UnitMeasure>
      <BisWeighted>0</BisWeighted>
      <QtyInPackage>1</QtyInPackage>
      <ItemPrice>20.90</ItemPrice>
      <UnitOfMeasurePrice>4.18</UnitOfMeasurePrice>
      <AllowDiscount>1</AllowDiscount>
      <itemStatus>1</itemStatus>
      <LastUpdateDate />
      <LastUpdateTime />
    </Product>
    <Product>
      <PriceUpdateDate>2013/12/31 12:18</PriceUpdateDate>
      <ItemCode>7290004263515</ItemCode>
      <ItemType>1</ItemType>
      <ItemName>מעורב-עטרה</ItemName>
      <ManufactureName>נטו מלינדה סחר - עטרה</ManufactureName>
      <ManufactureCountry />
      <ManufactureItemDescription />
      <UnitQty>יח`</UnitQty>
      <Quantity>800</Quantity>
      <UnitMeasure>גרם</UnitMeasure>
      <BisWeighted>0</BisWeighted>
      <QtyInPackage>1</QtyInPackage>
      <ItemPrice>19.80</ItemPrice>
      <UnitOfMeasurePrice>2.48</UnitOfMeasurePrice>
      <AllowDiscount>0</AllowDiscount>
      <itemStatus>1</itemStatus>
      <LastUpdateDate />
      <LastUpdateTime />
    </Product>
    <Product>
      <PriceUpdateDate>2019/08/01 11:14</PriceUpdateDate>
      <ItemCode>7290004263652</ItemCode>
      <ItemType>1</ItemType>
      <ItemName>נקניקיות עוף עטרה (400 גרם)</ItemName>
      <ManufactureName>נטו מלינדה סחר - עטרה</ManufactureName>
      <ManufactureCountry />
      <ManufactureItemDescription />
      <UnitQty>יח`</UnitQty>
      <Quantity>400</Quantity>
      <UnitMeasure>גרם</UnitMeasure>
      <BisWeighted>0</BisWeighted>
      <QtyInPackage>1</QtyInPackage>
      <ItemPrice>11.90</ItemPrice>
      <UnitOfMeasurePrice>2.98</UnitOfMeasurePrice>
      <AllowDiscount>1</AllowDiscount>
      <itemStatus>1</itemStatus>
      <LastUpdateDate />
      <LastUpdateTime />
    </Product>
    <Product>
      <PriceUpdateDate>2019/08/01 11:14</PriceUpdateDate>
      <ItemCode>7290004263676</ItemCode>
      <ItemType>1</ItemType>
      <ItemName>בשר הודו קפוא טחון חלק עטרה (500 גרם)</ItemName>
      <ManufactureName>נטו מלינדה סחר - עטרה</ManufactureName>
      <ManufactureCountry />
      <ManufactureItemDescription />
      <UnitQty>יח`</UnitQty>
      <Quantity>500</Quantity>
      <UnitMeasure>גרם</UnitMeasure>
      <BisWeighted>0</BisWeighted>
      <QtyInPackage>1</QtyInPackage>
      <ItemPrice>12.40</ItemPrice>
      <UnitOfMeasurePrice>2.48</UnitOfMeasurePrice>
      <AllowDiscount>0</AllowDiscount>
      <itemStatus>1</itemStatus>
      <LastUpdateDate />
      <LastUpdateTime />
    </Product>
    <Product>
      <PriceUpdateDate>2019/02/03 12:21</PriceUpdateDate>
      <ItemCode>7290004324858</ItemCode>
      <ItemType>1</ItemType>
      <ItemName>קבב כבש 500 גר` טיבונוויל</ItemName>
      <ManufactureName>נטו מלינדה סחר בעמ</ManufactureName>
      <ManufactureCountry />
      <ManufactureItemDescription />
      <UnitQty>יח`</UnitQty>
      <Quantity>500</Quantity>
      <UnitMeasure>גרם</UnitMeasure>
      <BisWeighted>0</BisWeighted>
      <QtyInPackage>1</QtyInPackage>
      <ItemPrice>20.90</ItemPrice>
      <UnitOfMeasurePrice>4.18</UnitOfMeasurePrice>
      <AllowDiscount>1</AllowDiscount>
      <itemStatus>1</itemStatus>
      <LastUpdateDate />
      <LastUpdateTime />
    </Product>
    <Product>
      <PriceUpdateDate>2016/12/05 08:54</PriceUpdateDate>
      <ItemCode>7290004339784</ItemCode>
      <ItemType>1</ItemType>
      <ItemName>המבורגר על האש 400גרם טבע דלי</ItemName>
      <ManufactureName>ל.י.ב. (לחיות יותר בטבע) בעמ</ManufactureName>
      <ManufactureCountry />
      <ManufactureItemDescription />
      <UnitQty>יח`</UnitQty>
      <Quantity>400</Quantity>
      <UnitMeasure>גרם</UnitMeasure>
      <BisWeighted>0</BisWeighted>
      <QtyInPackage>1</QtyInPackage>
      <ItemPrice>22.90</ItemPrice>
      <UnitOfMeasurePrice>5.73</UnitOfMeasurePrice>
      <AllowDiscount>0</AllowDiscount>
      <itemStatus>1</itemStatus>
      <LastUpdateDate />
      <LastUpdateTime />
    </Product>
    <Product>
      <PriceUpdateDate>2018/11/16 11:32</PriceUpdateDate>
      <ItemCode>7290004423353</ItemCode>
      <ItemType>1</ItemType>
      <ItemName>פריגת 1.5 ליטר תפוחים</ItemName>
      <ManufactureName>החברה המרכזית להפצת משקאות בעמ</ManufactureName>
      <ManufactureCountry />
      <ManufactureItemDescription />
      <UnitQty>יח`</UnitQty>
      <Quantity>1.50</Quantity>
      <UnitMeasure>1 ליטר</UnitMeasure>
      <BisWeighted>0</BisWeighted>
      <QtyInPackage>1</QtyInPackage>
      <ItemPrice>7.20</ItemPrice>
      <UnitOfMeasurePrice>4.80</UnitOfMeasurePrice>
      <AllowDiscount>1</AllowDiscount>
      <itemStatus>1</itemStatus>
      <LastUpdateDate />
      <LastUpdateTime />
    </Product>
    <Product>
      <PriceUpdateDate>2015/12/02 11:49</PriceUpdateDate>
      <ItemCode>7290004492274</ItemCode>
      <ItemType>1</ItemType>
      <ItemName>בייגלה גל גל 400 גר`</ItemName>
      <ManufactureName>יוניליוור ישראל שיווק בעמ</ManufactureName>
      <ManufactureCountry />
      <ManufactureItemDescription />
      <UnitQty>יח`</UnitQty>
      <Quantity>400</Quantity>
      <UnitMeasure>גרם</UnitMeasure>
      <BisWeighted>0</BisWeighted>
      <QtyInPackage>1</QtyInPackage>
      <ItemPrice>10.90</ItemPrice>
      <UnitOfMeasurePrice>2.73</UnitOfMeasurePrice>
      <AllowDiscount>1</AllowDiscount>
      <itemStatus>1</itemStatus>
      <LastUpdateDate />
      <LastUpdateTime />
    </Product>
    <Product>
      <PriceUpdateDate>2015/11/04 13:35</PriceUpdateDate>
      <ItemCode>7290004492762</ItemCode>
      <ItemType>1</ItemType>
      <ItemName>נשנושים חטיף תירס בייגל בייגל (325 גרם)</ItemName>
      <ManufactureName>יוניליוור ישראל שיווק בעמ</ManufactureName>
      <ManufactureCountry />
      <ManufactureItemDescription />
      <UnitQty>יח`</UnitQty>
      <Quantity>325</Quantity>
      <UnitMeasure>גרם</UnitMeasure>
      <BisWeighted>0</BisWeighted>
      <QtyInPackage>1</QtyInPackage>
      <ItemPrice>12.90</ItemPrice>
      <UnitOfMeasurePrice>3.97</UnitOfMeasurePrice>
      <AllowDiscount>1</AllowDiscount>
      <itemStatus>1</itemStatus>
      <LastUpdateDate />
      <LastUpdateTime />
    </Product>
    <Product>
      <PriceUpdateDate>2015/05/27 14:17</PriceUpdateDate>
      <ItemCode>7290004554354</ItemCode>
      <ItemType>1</ItemType>
      <ItemName>גלידת פנטזיה שוקו ווניל</ItemName>
      <ManufactureName>גלידות שטראוס בעמ</ManufactureName>
      <ManufactureCountry />
      <ManufactureItemDescription />
      <UnitQty>יח`</UnitQty>
      <Quantity>900</Quantity>
      <UnitMeasure>מ"ל</UnitMeasure>
      <BisWeighted>0</BisWeighted>
      <QtyInPackage>1</QtyInPackage>
      <ItemPrice>23.90</ItemPrice>
      <UnitOfMeasurePrice>2.66</UnitOfMeasurePrice>
      <AllowDiscount>1</AllowDiscount>
      <itemStatus>1</itemStatus>
      <LastUpdateDate />
      <LastUpdateTime />
    </Product>
    <Product>
      <PriceUpdateDate>2015/05/27 14:17</PriceUpdateDate>
      <ItemCode>7290004554903</ItemCode>
      <ItemType>1</ItemType>
      <ItemName>גלידת פנטזיה שוקו וניל פרווה</ItemName>
      <ManufactureName>גלידות שטראוס בעמ</ManufactureName>
      <ManufactureCountry />
      <ManufactureItemDescription />
      <UnitQty>יח`</UnitQty>
      <Quantity>900</Quantity>
      <UnitMeasure>מ"ל</UnitMeasure>
      <BisWeighted>0</BisWeighted>
      <QtyInPackage>1</QtyInPackage>
      <ItemPrice>23.90</ItemPrice>
      <UnitOfMeasurePrice>2.66</UnitOfMeasurePrice>
      <AllowDiscount>1</AllowDiscount>
      <itemStatus>1</itemStatus>
      <LastUpdateDate />
      <LastUpdateTime />
    </Product>
    <Product>
      <PriceUpdateDate>2015/04/12 11:41</PriceUpdateDate>
      <ItemCode>7290004584306</ItemCode>
      <ItemType>1</ItemType>
      <ItemName>גמדים רביעייה תות בננה</ItemName>
      <ManufactureName>שטראוס גרופ בעמ/מצונן</ManufactureName>
      <ManufactureCountry />
      <ManufactureItemDescription />
      <UnitQty>יח`</UnitQty>
      <Quantity>400</Quantity>
      <UnitMeasure>מ"ל</UnitMeasure>
      <BisWeighted>0</BisWeighted>
      <QtyInPackage>1</QtyInPackage>
      <ItemPrice>11.40</ItemPrice>
      <UnitOfMeasurePrice>2.85</UnitOfMeasurePrice>
      <AllowDiscount>0</AllowDiscount>
      <itemStatus>1</itemStatus>
      <LastUpdateDate />
      <LastUpdateTime />
    </Product>
    <Product>
      <PriceUpdateDate>2015/01/29 11:02</PriceUpdateDate>
      <ItemCode>7290004584351</ItemCode>
      <ItemType>1</ItemType>
      <ItemName>גבינת במרקם שמנת 5% סימפוניה (200 גרם)</ItemName>
      <ManufactureName>שטראוס גרופ בעמ/מצונן</ManufactureName>
      <ManufactureCountry />
      <ManufactureItemDescription />
      <UnitQty>יח`</UnitQty>
      <Quantity>200</Quantity>
      <UnitMeasure>גרם</UnitMeasure>
      <BisWeighted>0</BisWeighted>
      <QtyInPackage>1</QtyInPackage>
      <ItemPrice>11.40</ItemPrice>
      <UnitOfMeasurePrice>5.70</UnitOfMeasurePrice>
      <AllowDiscount>0</AllowDiscount>
      <itemStatus>1</itemStatus>
      <LastUpdateDate />
      <LastUpdateTime />
    </Product>
    <Product>
      <PriceUpdateDate>2013/12/31 12:18</PriceUpdateDate>
      <ItemCode>7290004584528</ItemCode>
      <ItemType>1</ItemType>
      <ItemName>יוגורט ביו 1.7% דנונה (200 גרם)</ItemName>
      <ManufactureName>שטראוס גרופ בעמ/מצונן</ManufactureName>
      <ManufactureCountry />
      <ManufactureItemDescription />
      <UnitQty>יח`</UnitQty>
      <Quantity>200</Quantity>
      <UnitMeasure>מ"ל</UnitMeasure>
      <BisWeighted>0</BisWeighted>
      <QtyInPackage>1</QtyInPackage>
      <ItemPrice>3.40</ItemPrice>
      <UnitOfMeasurePrice>1.70</UnitOfMeasurePrice>
      <AllowDiscount>0</AllowDiscount>
      <itemStatus>1</itemStatus>
      <LastUpdateDate />
      <LastUpdateTime />
    </Product>
    <Product>
      <PriceUpdateDate>2013/12/31 12:18</PriceUpdateDate>
      <ItemCode>7290004585907</ItemCode>
      <ItemType>1</ItemType>
      <ItemName>דני וניל בודד</ItemName>
      <ManufactureName>שטראוס גרופ בעמ/מצונן</ManufactureName>
      <ManufactureCountry />
      <ManufactureItemDescription />
      <UnitQty>יח`</UnitQty>
      <Quantity>130</Quantity>
      <UnitMeasure>מ"ל</UnitMeasure>
      <BisWeighted>0</BisWeighted>
      <QtyInPackage>1</QtyInPackage>
      <ItemPrice>2.60</ItemPrice>
      <UnitOfMeasurePrice>2</UnitOfMeasurePrice>
      <AllowDiscount>0</AllowDiscount>
      <itemStatus>1</itemStatus>
      <LastUpdateDate />
      <LastUpdateTime />
    </Product>
    <Product>
      <PriceUpdateDate>2019/11/19 08:40</PriceUpdateDate>
      <ItemCode>7290004639006</ItemCode>
      <ItemType>1</ItemType>
      <ItemName>קוסקוס תונסאי קפוא מטעמי פאר (800 גרם)</ItemName>
      <ManufactureName>מטעמי פאר (א.מ.נ) בעמ</ManufactureName>
      <ManufactureCountry />
      <ManufactureItemDescription />
      <UnitQty>יח`</UnitQty>
      <Quantity>800</Quantity>
      <UnitMeasure>גרם</UnitMeasure>
      <BisWeighted>0</BisWeighted>
      <QtyInPackage>1</QtyInPackage>
      <ItemPrice>14.90</ItemPrice>
      <UnitOfMeasurePrice>1.86</UnitOfMeasurePrice>
      <AllowDiscount>0</AllowDiscount>
      <itemStatus>1</itemStatus>
      <LastUpdateDate />
      <LastUpdateTime />
    </Product>
    <Product>
      <PriceUpdateDate>2019/02/03 12:16</PriceUpdateDate>
      <ItemCode>7290004658960</ItemCode>
      <ItemType>1</ItemType>
      <ItemName>אמרלד ריזלינג פי.סי יין לבן חצי יבש750 מ</ItemName>
      <ManufactureName>אגודת הכורמים</ManufactureName>
      <ManufactureCountry />
      <ManufactureItemDescription />
      <UnitQty>יח`</UnitQty>
      <Quantity>750</Quantity>
      <UnitMeasure>מ"ל</UnitMeasure>
      <BisWeighted>0</BisWeighted>
      <QtyInPackage>1</QtyInPackage>
      <ItemPrice>39.90</ItemPrice>
      <UnitOfMeasurePrice>5.28</UnitOfMeasurePrice>
      <AllowDiscount>1</AllowDiscount>
      <itemStatus>1</itemStatus>
      <LastUpdateDate />
      <LastUpdateTime />
    </Product>
    <Product>
      <PriceUpdateDate>2019/12/01 11:11</PriceUpdateDate>
      <ItemCode>7290004685447</ItemCode>
      <ItemType>1</ItemType>
      <ItemName>לחמניות כוסמין 6 יח בשקית מלא 450 גר` E</ItemName>
      <ManufactureName>י.את א. ברמן בעמ</ManufactureName>
      <ManufactureCountry />
      <ManufactureItemDescription />
      <UnitQty>יח`</UnitQty>
      <Quantity>450</Quantity>
      <UnitMeasure>גרם</UnitMeasure>
      <BisWeighted>0</BisWeighted>
      <QtyInPackage>1</QtyInPackage>
      <ItemPrice>13.50</ItemPrice>
      <UnitOfMeasurePrice>3</UnitOfMeasurePrice>
      <AllowDiscount>0</AllowDiscount>
      <itemStatus>1</itemStatus>
      <LastUpdateDate />
      <LastUpdateTime />
    </Product>
    <Product>
      <PriceUpdateDate>2015/04/30 13:17</PriceUpdateDate>
      <ItemCode>7290004731076</ItemCode>
      <ItemType>1</ItemType>
      <ItemName>אל סבון נוזלי אלוורה כיף (1 ליטר)</ItemName>
      <ManufactureName>החברה הדרומית לשיווק בעמ</ManufactureName>
      <ManufactureCountry />
      <ManufactureItemDescription />
      <UnitQty>יח`</UnitQty>
      <Quantity>1000</Quantity>
      <UnitMeasure>מ"ל</UnitMeasure>
      <BisWeighted>0</BisWeighted>
      <QtyInPackage>1</QtyInPackage>
      <ItemPrice>13.90</ItemPrice>
      <UnitOfMeasurePrice>1.39</UnitOfMeasurePrice>
      <AllowDiscount>1</AllowDiscount>
      <itemStatus>1</itemStatus>
      <LastUpdateDate />
      <LastUpdateTime />
    </Product>
    <Product>
      <PriceUpdateDate>2015/04/30 13:17</PriceUpdateDate>
      <ItemCode>7290004731083</ItemCode>
      <ItemType>1</ItemType>
      <ItemName>אל סבון נוזלי ג`ינסנג כיף (1 ליטר)</ItemName>
      <ManufactureName>החברה הדרומית לשיווק בעמ</ManufactureName>
      <ManufactureCountry />
      <ManufactureItemDescription />
      <UnitQty>יח`</UnitQty>
      <Quantity>1000</Quantity>
      <UnitMeasure>מ"ל</UnitMeasure>
      <BisWeighted>0</BisWeighted>
      <QtyInPackage>1</QtyInPackage>
      <ItemPrice>13.90</ItemPrice>
      <UnitOfMeasurePrice>1.39</UnitOfMeasurePrice>
      <AllowDiscount>1</AllowDiscount>
      <itemStatus>1</itemStatus>
      <LastUpdateDate />
      <LastUpdateTime />
    </Product>
    <Product>
      <PriceUpdateDate>2015/04/30 13:17</PriceUpdateDate>
      <ItemCode>7290004731090</ItemCode>
      <ItemType>1</ItemType>
      <ItemName>אל סבון נוזלי קמומיל כיף (1 ליטר)</ItemName>
      <ManufactureName>החברה הדרומית לשיווק בעמ</ManufactureName>
      <ManufactureCountry />
      <ManufactureItemDescription />
      <UnitQty>יח`</UnitQty>
      <Quantity>1000</Quantity>
      <UnitMeasure>מ"ל</UnitMeasure>
      <BisWeighted>0</BisWeighted>
      <QtyInPackage>1</QtyInPackage>
      <ItemPrice>13.90</ItemPrice>
      <UnitOfMeasurePrice>1.39</UnitOfMeasurePrice>
      <AllowDiscount>1</AllowDiscount>
      <itemStatus>1</itemStatus>
      <LastUpdateDate />
      <LastUpdateTime />
    </Product>
    <Product>
      <PriceUpdateDate>2015/05/28 12:42</PriceUpdateDate>
      <ItemCode>7290004731472</ItemCode>
      <ItemType>1</ItemType>
      <ItemName>כיף אלסבון שלישיה</ItemName>
      <ManufactureName>החברה הדרומית לשיווק בעמ</ManufactureName>
      <ManufactureCountry />
      <ManufactureItemDescription />
      <UnitQty>יח`</UnitQty>
      <Quantity>1.50</Quantity>
      <UnitMeasure>1 ליטר</UnitMeasure>
      <BisWeighted>0</BisWeighted>
      <QtyInPackage>1</QtyInPackage>
      <ItemPrice>19.90</ItemPrice>
      <UnitOfMeasurePrice>13.27</UnitOfMeasurePrice>
      <AllowDiscount>1</AllowDiscount>
      <itemStatus>1</itemStatus>
      <LastUpdateDate />
      <LastUpdateTime />
    </Product>
    <Product>
      <PriceUpdateDate>2017/08/14 12:56</PriceUpdateDate>
      <ItemCode>7290004731519</ItemCode>
      <ItemType>1</ItemType>
      <ItemName>סנו מקסימה למייבש 750 מל</ItemName>
      <ManufactureName>החברה הדרומית לשיווק בעמ</ManufactureName>
      <ManufactureCountry />
      <ManufactureItemDescription />
      <UnitQty>יח`</UnitQty>
      <Quantity>750</Quantity>
      <UnitMeasure>מ"ל</UnitMeasure>
      <BisWeighted>0</BisWeighted>
      <QtyInPackage>1</QtyInPackage>
      <ItemPrice>19.90</ItemPrice>
      <UnitOfMeasurePrice>2.65</UnitOfMeasurePrice>
      <AllowDiscount>0</AllowDiscount>
      <itemStatus>1</itemStatus>
      <LastUpdateDate />
      <LastUpdateTime />
    </Product>
    <Product>
      <PriceUpdateDate>2017/08/14 12:56</PriceUpdateDate>
      <ItemCode>7290004731557</ItemCode>
      <ItemType>1</ItemType>
      <ItemName>סנו מקסימה למייבש 750 מל</ItemName>
      <ManufactureName>החברה הדרומית לשיווק בעמ</ManufactureName>
      <ManufactureCountry />
      <ManufactureItemDescription />
      <UnitQty>יח`</UnitQty>
      <Quantity>750</Quantity>
      <UnitMeasure>מ"ל</UnitMeasure>
      <BisWeighted>0</BisWeighted>
      <QtyInPackage>1</QtyInPackage>
      <ItemPrice>19.90</ItemPrice>
      <UnitOfMeasurePrice>2.65</UnitOfMeasurePrice>
      <AllowDiscount>0</AllowDiscount>
      <itemStatus>1</itemStatus>
      <LastUpdateDate />
      <LastUpdateTime />
    </Product>
    <Product>
      <PriceUpdateDate>2014/05/11 13:22</PriceUpdateDate>
      <ItemCode>7290004737443</ItemCode>
      <ItemType>1</ItemType>
      <ItemName>קוקטייל 5 פירות קלאסי 820 גר`</ItemName>
      <ManufactureName>ג.וילי-פוד אינטרנשיונל בעמ</ManufactureName>
      <ManufactureCountry />
      <ManufactureItemDescription />
      <UnitQty>יח`</UnitQty>
      <Quantity>820</Quantity>
      <UnitMeasure>גרם</UnitMeasure>
      <BisWeighted>0</BisWeighted>
      <QtyInPackage>1</QtyInPackage>
      <ItemPrice>8.90</ItemPrice>
      <UnitOfMeasurePrice>1.09</UnitOfMeasurePrice>
      <AllowDiscount>1</AllowDiscount>
      <itemStatus>1</itemStatus>
      <LastUpdateDate />
      <LastUpdateTime />
    </Product>
    <Product>
      <PriceUpdateDate>2014/12/25 07:58</PriceUpdateDate>
      <ItemCode>7290004914165</ItemCode>
      <ItemType>1</ItemType>
      <ItemName>רגעים קסומים מפיץ ריח לבנדר סנרייז</ItemName>
      <ManufactureName>סנרייז אבי בעמ</ManufactureName>
      <ManufactureCountry />
      <ManufactureItemDescription />
      <UnitQty>יח`</UnitQty>
      <Quantity>1</Quantity>
      <UnitMeasure />
      <BisWeighted>0</BisWeighted>
      <QtyInPackage>1</QtyInPackage>
      <ItemPrice>10</ItemPrice>
      <UnitOfMeasurePrice>10</UnitOfMeasurePrice>
      <AllowDiscount>0</AllowDiscount>
      <itemStatus>1</itemStatus>
      <LastUpdateDate />
      <LastUpdateTime />
    </Product>
    <Product>
      <PriceUpdateDate>2014/12/25 07:58</PriceUpdateDate>
      <ItemCode>7290004914462</ItemCode>
      <ItemType>1</ItemType>
      <ItemName>מפיץ ריח רגעים קסומים</ItemName>
      <ManufactureName>סנרייז אבי בעמ</ManufactureName>
      <ManufactureCountry />
      <ManufactureItemDescription />
      <UnitQty>יח`</UnitQty>
      <Quantity>1</Quantity>
      <UnitMeasure />
      <BisWeighted>0</BisWeighted>
      <QtyInPackage>1</QtyInPackage>
      <ItemPrice>14.90</ItemPrice>
      <UnitOfMeasurePrice>14.90</UnitOfMeasurePrice>
      <AllowDiscount>0</AllowDiscount>
      <itemStatus>1</itemStatus>
      <LastUpdateDate />
      <LastUpdateTime />
    </Product>
    <Product>
      <PriceUpdateDate>2016/03/06 13:57</PriceUpdateDate>
      <ItemCode>7290004914608</ItemCode>
      <ItemType>1</ItemType>
      <ItemName>מפיץ ריח סאן סמל סנרייז</ItemName>
      <ManufactureName>סנרייז אבי בעמ</ManufactureName>
      <ManufactureCountry />
      <ManufactureItemDescription />
      <UnitQty>יח`</UnitQty>
      <Quantity>1</Quantity>
      <UnitMeasure />
      <BisWeighted>0</BisWeighted>
      <QtyInPackage>1</QtyInPackage>
      <ItemPrice>9.90</ItemPrice>
      <UnitOfMeasurePrice>9.90</UnitOfMeasurePrice>
      <AllowDiscount>0</AllowDiscount>
      <itemStatus>1</itemStatus>
      <LastUpdateDate />
      <LastUpdateTime />
    </Product>
    <Product>
      <PriceUpdateDate>2019/09/08 12:30</PriceUpdateDate>
      <ItemCode>7290004914912</ItemCode>
      <ItemType>1</ItemType>
      <ItemName>מפיץ ריח style</ItemName>
      <ManufactureName>סנרייז אבי בעמ</ManufactureName>
      <ManufactureCountry />
      <ManufactureItemDescription />
      <UnitQty>יח`</UnitQty>
      <Quantity>1</Quantity>
      <UnitMeasure />
      <BisWeighted>0</BisWeighted>
      <QtyInPackage>1</QtyInPackage>
      <ItemPrice>14.90</ItemPrice>
      <UnitOfMeasurePrice>14.90</UnitOfMeasurePrice>
      <AllowDiscount>0</AllowDiscount>
      <itemStatus>1</itemStatus>
      <LastUpdateDate />
      <LastUpdateTime />
    </Product>
    <Product>
      <PriceUpdateDate>2015/12/01 16:31</PriceUpdateDate>
      <ItemCode>7290004923051</ItemCode>
      <ItemType>1</ItemType>
      <ItemName>מים עין גדי 2 ליטר בודד</ItemName>
      <ManufactureName>יפאורה</ManufactureName>
      <ManufactureCountry />
      <ManufactureItemDescription />
      <UnitQty>יח`</UnitQty>
      <Quantity>2</Quantity>
      <UnitMeasure>1 ליטר</UnitMeasure>
      <BisWeighted>0</BisWeighted>
      <QtyInPackage>1</QtyInPackage>
      <ItemPrice>2.90</ItemPrice>
      <UnitOfMeasurePrice>1.45</UnitOfMeasurePrice>
      <AllowDiscount>0</AllowDiscount>
      <itemStatus>1</itemStatus>
      <LastUpdateDate />
      <LastUpdateTime />
    </Product>
    <Product>
      <PriceUpdateDate>2016/01/22 10:01</PriceUpdateDate>
      <ItemCode>7290004923099</ItemCode>
      <ItemType>1</ItemType>
      <ItemName>מים מינרלים עין גדי (2x6 ליטר)</ItemName>
      <ManufactureName>יפאורה</ManufactureName>
      <ManufactureCountry />
      <ManufactureItemDescription />
      <UnitQty>יח`</UnitQty>
      <Quantity>12</Quantity>
      <UnitMeasure>1 ליטר</UnitMeasure>
      <BisWeighted>0</BisWeighted>
      <QtyInPackage>1</QtyInPackage>
      <ItemPrice>11.90</ItemPrice>
      <UnitOfMeasurePrice>0.99</UnitOfMeasurePrice>
      <AllowDiscount>0</AllowDiscount>
      <itemStatus>1</itemStatus>
      <LastUpdateDate />
      <LastUpdateTime />
    </Product>
    <Product>
      <PriceUpdateDate>2020/03/01 07:28</PriceUpdateDate>
      <ItemCode>7290005008481</ItemCode>
      <ItemType>1</ItemType>
      <ItemName>ספיד סטיק גל בסיסי ספורט פאוור</ItemName>
      <ManufactureName>ש.שסטוביץ בעמ</ManufactureName>
      <ManufactureCountry />
      <ManufactureItemDescription />
      <UnitQty>יח`</UnitQty>
      <Quantity>85</Quantity>
      <UnitMeasure>גרם</UnitMeasure>
      <BisWeighted>0</BisWeighted>
      <QtyInPackage>1</QtyInPackage>
      <ItemPrice>14.90</ItemPrice>
      <UnitOfMeasurePrice>17.53</UnitOfMeasurePrice>
      <AllowDiscount>0</AllowDiscount>
      <itemStatus>1</itemStatus>
      <LastUpdateDate />
      <LastUpdateTime />
    </Product>
    <Product>
      <PriceUpdateDate>2020/01/14 17:55</PriceUpdateDate>
      <ItemCode>7290005068447</ItemCode>
      <ItemType>1</ItemType>
      <ItemName>תירס קל ואקום 340 גר</ItemName>
      <ManufactureName>ויטה -פרי גליל (החדשה) בעמ</ManufactureName>
      <ManufactureCountry />
      <ManufactureItemDescription />
      <UnitQty>יח`</UnitQty>
      <Quantity>340</Quantity>
      <UnitMeasure>גרם</UnitMeasure>
      <BisWeighted>0</BisWeighted>
      <QtyInPackage>1</QtyInPackage>
      <ItemPrice>5.90</ItemPrice>
      <UnitOfMeasurePrice>1.74</UnitOfMeasurePrice>
      <AllowDiscount>0</AllowDiscount>
      <itemStatus>1</itemStatus>
      <LastUpdateDate />
      <LastUpdateTime />
    </Product>
    <Product>
      <PriceUpdateDate>2019/02/26 10:03</PriceUpdateDate>
      <ItemCode>7290005068621</ItemCode>
      <ItemType>1</ItemType>
      <ItemName>ברוקלי 800  גר`פרי גליל</ItemName>
      <ManufactureName>ויטה -פרי גליל (החדשה) בעמ</ManufactureName>
      <ManufactureCountry />
      <ManufactureItemDescription />
      <UnitQty>יח`</UnitQty>
      <Quantity>800</Quantity>
      <UnitMeasure>גרם</UnitMeasure>
      <BisWeighted>0</BisWeighted>
      <QtyInPackage>1</QtyInPackage>
      <ItemPrice>12.90</ItemPrice>
      <UnitOfMeasurePrice>1.61</UnitOfMeasurePrice>
      <AllowDiscount>0</AllowDiscount>
      <itemStatus>1</itemStatus>
      <LastUpdateDate />
      <LastUpdateTime />
    </Product>
    <Product>
      <PriceUpdateDate>2019/11/05 11:46</PriceUpdateDate>
      <ItemCode>7290005084355</ItemCode>
      <ItemType>1</ItemType>
      <ItemName>משחת שיניים דואל קר סנסודיין (75 מל)</ItemName>
      <ManufactureName>גורי ע.ע.ע בעמ</ManufactureName>
      <ManufactureCountry />
      <ManufactureItemDescription />
      <UnitQty>יח`</UnitQty>
      <Quantity>75</Quantity>
      <UnitMeasure>גרם</UnitMeasure>
      <BisWeighted>0</BisWeighted>
      <QtyInPackage>1</QtyInPackage>
      <ItemPrice>20</ItemPrice>
      <UnitOfMeasurePrice>26.67</UnitOfMeasurePrice>
      <AllowDiscount>1</AllowDiscount>
      <itemStatus>1</itemStatus>
      <LastUpdateDate />
      <LastUpdateTime />
    </Product>
    <Product>
      <PriceUpdateDate>2015/12/02 13:37</PriceUpdateDate>
      <ItemCode>7290005095801</ItemCode>
      <ItemType>1</ItemType>
      <ItemName>עמבה 500 גר` תמר</ItemName>
      <ManufactureName>ציון תורג`מן בעמ</ManufactureName>
      <ManufactureCountry />
      <ManufactureItemDescription />
      <UnitQty>יח`</UnitQty>
      <Quantity>500</Quantity>
      <UnitMeasure>גרם</UnitMeasure>
      <BisWeighted>0</BisWeighted>
      <QtyInPackage>1</QtyInPackage>
      <ItemPrice>16.90</ItemPrice>
      <UnitOfMeasurePrice>3.38</UnitOfMeasurePrice>
      <AllowDiscount>1</AllowDiscount>
      <itemStatus>1</itemStatus>
      <LastUpdateDate />
      <LastUpdateTime />
    </Product>
    <Product>
      <PriceUpdateDate>2019/08/29 10:54</PriceUpdateDate>
      <ItemCode>7290005111761</ItemCode>
      <ItemType>1</ItemType>
      <ItemName>בונזו בשר 3 קג</ItemName>
      <ManufactureName>שחורי אריה ואנסטסיה</ManufactureName>
      <ManufactureCountry />
      <ManufactureItemDescription />
      <UnitQty>יח`</UnitQty>
      <Quantity>3</Quantity>
      <UnitMeasure>גרם</UnitMeasure>
      <BisWeighted>0</BisWeighted>
      <QtyInPackage>1</QtyInPackage>
      <ItemPrice>45</ItemPrice>
      <UnitOfMeasurePrice>1500</UnitOfMeasurePrice>
      <AllowDiscount>0</AllowDiscount>
      <itemStatus>1</itemStatus>
      <LastUpdateDate />
      <LastUpdateTime />
    </Product>
    <Product>
      <PriceUpdateDate>2018/02/06 10:11</PriceUpdateDate>
      <ItemCode>7290005113222</ItemCode>
      <ItemType>1</ItemType>
      <ItemName>מיקס זיתים</ItemName>
      <ManufactureName>קבוצת יבנה מוצרי מזון אגודה שי</ManufactureName>
      <ManufactureCountry />
      <ManufactureItemDescription />
      <UnitQty>יח`</UnitQty>
      <Quantity>540</Quantity>
      <UnitMeasure>גרם</UnitMeasure>
      <BisWeighted>0</BisWeighted>
      <QtyInPackage>1</QtyInPackage>
      <ItemPrice>9.90</ItemPrice>
      <UnitOfMeasurePrice>1.83</UnitOfMeasurePrice>
      <AllowDiscount>0</AllowDiscount>
      <itemStatus>1</itemStatus>
      <LastUpdateDate />
      <LastUpdateTime />
    </Product>
    <Product>
      <PriceUpdateDate>2015/12/02 11:05</PriceUpdateDate>
      <ItemCode>7290005174513</ItemCode>
      <ItemType>1</ItemType>
      <ItemName>חצילים במיונז אחלה (500 גרם)</ItemName>
      <ManufactureName>שטראוס גרופ בעמ/מצונן</ManufactureName>
      <ManufactureCountry />
      <ManufactureItemDescription />
      <UnitQty>יח`</UnitQty>
      <Quantity>500</Quantity>
      <UnitMeasure>גרם</UnitMeasure>
      <BisWeighted>0</BisWeighted>
      <QtyInPackage>1</QtyInPackage>
      <ItemPrice>15.50</ItemPrice>
      <UnitOfMeasurePrice>3.10</UnitOfMeasurePrice>
      <AllowDiscount>0</AllowDiscount>
      <itemStatus>1</itemStatus>
      <LastUpdateDate />
      <LastUpdateTime />
    </Product>
    <Product>
      <PriceUpdateDate>2013/12/31 12:18</PriceUpdateDate>
      <ItemCode>7290005174551</ItemCode>
      <ItemType>1</ItemType>
      <ItemName>חומוס אחלה (125 גרם)</ItemName>
      <ManufactureName>שטראוס גרופ בעמ/מצונן</ManufactureName>
      <ManufactureCountry />
      <ManufactureItemDescription />
      <UnitQty>יח`</UnitQty>
      <Quantity>125</Quantity>
      <UnitMeasure>גרם</UnitMeasure>
      <BisWeighted>0</BisWeighted>
      <QtyInPackage>1</QtyInPackage>
      <ItemPrice>4.90</ItemPrice>
      <UnitOfMeasurePrice>3.92</UnitOfMeasurePrice>
      <AllowDiscount>0</AllowDiscount>
      <itemStatus>1</itemStatus>
      <LastUpdateDate />
      <LastUpdateTime />
    </Product>
    <Product>
      <PriceUpdateDate>2013/12/31 12:18</PriceUpdateDate>
      <ItemCode>7290005174568</ItemCode>
      <ItemType>1</ItemType>
      <ItemName>חצילים אחלה יום יום 125 גר`</ItemName>
      <ManufactureName>שטראוס גרופ בעמ/מצונן</ManufactureName>
      <ManufactureCountry />
      <ManufactureItemDescription />
      <UnitQty>יח`</UnitQty>
      <Quantity>125</Quantity>
      <UnitMeasure>גרם</UnitMeasure>
      <BisWeighted>0</BisWeighted>
      <QtyInPackage>1</QtyInPackage>
      <ItemPrice>4.90</ItemPrice>
      <UnitOfMeasurePrice>3.92</UnitOfMeasurePrice>
      <AllowDiscount>0</AllowDiscount>
      <itemStatus>1</itemStatus>
      <LastUpdateDate />
      <LastUpdateTime />
    </Product>
    <Product>
      <PriceUpdateDate>2013/12/09 20:00</PriceUpdateDate>
      <ItemCode>7290005174575</ItemCode>
      <ItemType>1</ItemType>
      <ItemName>טחינה אחלה (125 גרם)</ItemName>
      <ManufactureName>שטראוס גרופ בעמ/מצונן</ManufactureName>
      <ManufactureCountry />
      <ManufactureItemDescription />
      <UnitQty>יח`</UnitQty>
      <Quantity>125</Quantity>
      <UnitMeasure>גרם</UnitMeasure>
      <BisWeighted>0</BisWeighted>
      <QtyInPackage>1</QtyInPackage>
      <ItemPrice>4.90</ItemPrice>
      <UnitOfMeasurePrice>3.92</UnitOfMeasurePrice>
      <AllowDiscount>0</AllowDiscount>
      <itemStatus>1</itemStatus>
      <LastUpdateDate />
      <LastUpdateTime />
    </Product>
    <Product>
      <PriceUpdateDate>2015/05/01 08:17</PriceUpdateDate>
      <ItemCode>7290005197758</ItemCode>
      <ItemType>1</ItemType>
      <ItemName>חיוכים שוקו 150</ItemName>
      <ManufactureName>שטראוס גרופ בעמ</ManufactureName>
      <ManufactureCountry />
      <ManufactureItemDescription />
      <UnitQty>יח`</UnitQty>
      <Quantity>150</Quantity>
      <UnitMeasure>גרם</UnitMeasure>
      <BisWeighted>0</BisWeighted>
      <QtyInPackage>1</QtyInPackage>
      <ItemPrice>4.90</ItemPrice>
      <UnitOfMeasurePrice>3.27</UnitOfMeasurePrice>
      <AllowDiscount>0</AllowDiscount>
      <itemStatus>1</itemStatus>
      <LastUpdateDate />
      <LastUpdateTime />
    </Product>
    <Product>
      <PriceUpdateDate>2015/05/21 11:35</PriceUpdateDate>
      <ItemCode>7290005199578</ItemCode>
      <ItemType>1</ItemType>
      <ItemName>קפה PLATINUM נטול 200 גר</ItemName>
      <ManufactureName>שטראוס גרופ בעמ</ManufactureName>
      <ManufactureCountry />
      <ManufactureItemDescription />
      <UnitQty>יח`</UnitQty>
      <Quantity>200</Quantity>
      <UnitMeasure>גרם</UnitMeasure>
      <BisWeighted>0</BisWeighted>
      <QtyInPackage>1</QtyInPackage>
      <ItemPrice>29.90</ItemPrice>
      <UnitOfMeasurePrice>14.95</UnitOfMeasurePrice>
      <AllowDiscount>0</AllowDiscount>
      <itemStatus>1</itemStatus>
      <LastUpdateDate />
      <LastUpdateTime />
    </Product>
    <Product>
      <PriceUpdateDate>2015/12/02 11:10</PriceUpdateDate>
      <ItemCode>7290005199622</ItemCode>
      <ItemType>1</ItemType>
      <ItemName>ביסקוויט עד חצות מריר 200 גר`</ItemName>
      <ManufactureName>שטראוס גרופ בעמ</ManufactureName>
      <ManufactureCountry />
      <ManufactureItemDescription />
      <UnitQty>יח`</UnitQty>
      <Quantity>200</Quantity>
      <UnitMeasure>גרם</UnitMeasure>
      <BisWeighted>0</BisWeighted>
      <QtyInPackage>1</QtyInPackage>
      <ItemPrice>13.90</ItemPrice>
      <UnitOfMeasurePrice>6.95</UnitOfMeasurePrice>
      <AllowDiscount>1</AllowDiscount>
      <itemStatus>1</itemStatus>
      <LastUpdateDate />
      <LastUpdateTime />
    </Product>
    <Product>
      <PriceUpdateDate>2017/03/27 11:41</PriceUpdateDate>
      <ItemCode>7290005200786</ItemCode>
      <ItemType>1</ItemType>
      <ItemName>תפוצ`יפס 50 גר שמנת בצל</ItemName>
      <ManufactureName>שטראוס פריטו ליי בעמ</ManufactureName>
      <ManufactureCountry />
      <ManufactureItemDescription />
      <UnitQty>יח`</UnitQty>
      <Quantity>50</Quantity>
      <UnitMeasure>גרם</UnitMeasure>
      <BisWeighted>0</BisWeighted>
      <QtyInPackage>1</QtyInPackage>
      <ItemPrice>3.90</ItemPrice>
      <UnitOfMeasurePrice>7.80</UnitOfMeasurePrice>
      <AllowDiscount>0</AllowDiscount>
      <itemStatus>1</itemStatus>
      <LastUpdateDate />
      <LastUpdateTime />
    </Product>
    <Product>
      <PriceUpdateDate>2013/06/26 09:30</PriceUpdateDate>
      <ItemCode>7290005200908</ItemCode>
      <ItemType>1</ItemType>
      <ItemName>חטיף פרה  קראנצ`שוקולד חלבי</ItemName>
      <ManufactureName>שטראוס גרופ בעמ</ManufactureName>
      <ManufactureCountry />
      <ManufactureItemDescription />
      <UnitQty>יח`</UnitQty>
      <Quantity>100</Quantity>
      <UnitMeasure>גרם</UnitMeasure>
      <BisWeighted>0</BisWeighted>
      <QtyInPackage>1</QtyInPackage>
      <ItemPrice>6</ItemPrice>
      <UnitOfMeasurePrice>6</UnitOfMeasurePrice>
      <AllowDiscount>0</AllowDiscount>
      <itemStatus>1</itemStatus>
      <LastUpdateDate />
      <LastUpdateTime />
    </Product>
    <Product>
      <PriceUpdateDate>2015/01/29 11:52</PriceUpdateDate>
      <ItemCode>7290005201455</ItemCode>
      <ItemType>1</ItemType>
      <ItemName>קפה נמס ארומה קלאסי עלית (200 גרם)</ItemName>
      <ManufactureName>שטראוס גרופ בעמ</ManufactureName>
      <ManufactureCountry />
      <ManufactureItemDescription />
      <UnitQty>יח`</UnitQty>
      <Quantity>200</Quantity>
      <UnitMeasure>גרם</UnitMeasure>
      <BisWeighted>0</BisWeighted>
      <QtyInPackage>1</QtyInPackage>
      <ItemPrice>24.90</ItemPrice>
      <UnitOfMeasurePrice>12.45</UnitOfMeasurePrice>
      <AllowDiscount>0</AllowDiscount>
      <itemStatus>1</itemStatus>
      <LastUpdateDate />
      <LastUpdateTime />
    </Product>
    <Product>
      <PriceUpdateDate>2018/12/31 11:55</PriceUpdateDate>
      <ItemCode>7290005201882</ItemCode>
      <ItemType>1</ItemType>
      <ItemName>קפה טורקי עלית (200 גרם)</ItemName>
      <ManufactureName>שטראוס גרופ בעמ</ManufactureName>
      <ManufactureCountry />
      <ManufactureItemDescription />
      <UnitQty>יח`</UnitQty>
      <Quantity>200</Quantity>
      <UnitMeasure>גרם</UnitMeasure>
      <BisWeighted>0</BisWeighted>
      <QtyInPackage>1</QtyInPackage>
      <ItemPrice>15.90</ItemPrice>
      <UnitOfMeasurePrice>7.95</UnitOfMeasurePrice>
      <AllowDiscount>1</AllowDiscount>
      <itemStatus>1</itemStatus>
      <LastUpdateDate />
      <LastUpdateTime />
    </Product>
    <Product>
      <PriceUpdateDate>2017/08/08 10:54</PriceUpdateDate>
      <ItemCode>7290005230028</ItemCode>
      <ItemType>1</ItemType>
      <ItemName>כוסות שתיה קרה 200 מל 100 יח</ItemName>
      <ManufactureName>פאלאס תעשיות נטו (2014) בעמ</ManufactureName>
      <ManufactureCountry />
      <ManufactureItemDescription />
      <UnitQty>יח`</UnitQty>
      <Quantity>1</Quantity>
      <UnitMeasure />
      <BisWeighted>0</BisWeighted>
      <QtyInPackage>1</QtyInPackage>
      <ItemPrice>5.90</ItemPrice>
      <UnitOfMeasurePrice>5.90</UnitOfMeasurePrice>
      <AllowDiscount>1</AllowDiscount>
      <itemStatus>1</itemStatus>
      <LastUpdateDate />
      <LastUpdateTime />
    </Product>
    <Product>
      <PriceUpdateDate>2020/01/19 12:25</PriceUpdateDate>
      <ItemCode>7290005230042</ItemCode>
      <ItemType>1</ItemType>
      <ItemName>צלחת קטנה לבן 50 יח פאלאס</ItemName>
      <ManufactureName>פאלאס תעשיות נטו (2014) בעמ</ManufactureName>
      <ManufactureCountry />
      <ManufactureItemDescription />
      <UnitQty>יח`</UnitQty>
      <Quantity>1</Quantity>
      <UnitMeasure />
      <BisWeighted>0</BisWeighted>
      <QtyInPackage>1</QtyInPackage>
      <ItemPrice>5.90</ItemPrice>
      <UnitOfMeasurePrice>5.90</UnitOfMeasurePrice>
      <AllowDiscount>1</AllowDiscount>
      <itemStatus>1</itemStatus>
      <LastUpdateDate />
      <LastUpdateTime />
    </Product>
    <Product>
      <PriceUpdateDate>2020/01/19 12:25</PriceUpdateDate>
      <ItemCode>7290005230066</ItemCode>
      <ItemType>1</ItemType>
      <ItemName>ליפתניות לבן 25 יח פאלאס</ItemName>
      <ManufactureName>פאלאס תעשיות נטו (2014) בעמ</ManufactureName>
      <ManufactureCountry />
      <ManufactureItemDescription />
      <UnitQty>יח`</UnitQty>
      <Quantity>1</Quantity>
      <UnitMeasure />
      <BisWeighted>0</BisWeighted>
      <QtyInPackage>1</QtyInPackage>
      <ItemPrice>2.90</ItemPrice>
      <UnitOfMeasurePrice>2.90</UnitOfMeasurePrice>
      <AllowDiscount>1</AllowDiscount>
      <itemStatus>1</itemStatus>
      <LastUpdateDate />
      <LastUpdateTime />
    </Product>
    <Product>
      <PriceUpdateDate>2020/01/19 12:25</PriceUpdateDate>
      <ItemCode>7290005230813</ItemCode>
      <ItemType>1</ItemType>
      <ItemName>קערית אובלית לבן 25 יח פאלאס</ItemName>
      <ManufactureName>פאלאס תעשיות נטו (2014) בעמ</ManufactureName>
      <ManufactureCountry />
      <ManufactureItemDescription />
      <UnitQty>יח`</UnitQty>
      <Quantity>1</Quantity>
      <UnitMeasure />
      <BisWeighted>0</BisWeighted>
      <QtyInPackage>1</QtyInPackage>
      <ItemPrice>4.90</ItemPrice>
      <UnitOfMeasurePrice>4.90</UnitOfMeasurePrice>
      <AllowDiscount>1</AllowDiscount>
      <itemStatus>1</itemStatus>
      <LastUpdateDate />
      <LastUpdateTime />
    </Product>
    <Product>
      <PriceUpdateDate>2016/01/24 16:44</PriceUpdateDate>
      <ItemCode>7290005270000</ItemCode>
      <ItemType>1</ItemType>
      <ItemName>עלי סיגר מרוקאי 500  גר`חמים וטמים</ItemName>
      <ManufactureName>חמים וטעים בעמ</ManufactureName>
      <ManufactureCountry />
      <ManufactureItemDescription />
      <UnitQty>יח`</UnitQty>
      <Quantity>500</Quantity>
      <UnitMeasure>גרם</UnitMeasure>
      <BisWeighted>0</BisWeighted>
      <QtyInPackage>1</QtyInPackage>
      <ItemPrice>11.90</ItemPrice>
      <UnitOfMeasurePrice>2.38</UnitOfMeasurePrice>
      <AllowDiscount>0</AllowDiscount>
      <itemStatus>1</itemStatus>
      <LastUpdateDate />
      <LastUpdateTime />
    </Product>
    <Product>
      <PriceUpdateDate>2017/06/11 08:23</PriceUpdateDate>
      <ItemCode>7290005287015</ItemCode>
      <ItemType>1</ItemType>
      <ItemName>טונה סטארקיסט בשמן 160גר-`בדצ</ItemName>
      <ManufactureName>סטארקיסט דיפלומט היינץ</ManufactureName>
      <ManufactureCountry />
      <ManufactureItemDescription />
      <UnitQty>יח`</UnitQty>
      <Quantity>160</Quantity>
      <UnitMeasure>גרם</UnitMeasure>
      <BisWeighted>0</BisWeighted>
      <QtyInPackage>1</QtyInPackage>
      <ItemPrice>7.50</ItemPrice>
      <UnitOfMeasurePrice>4.69</UnitOfMeasurePrice>
      <AllowDiscount>0</AllowDiscount>
      <itemStatus>1</itemStatus>
      <LastUpdateDate />
      <LastUpdateTime />
    </Product>
    <Product>
      <PriceUpdateDate>2019/02/19 11:05</PriceUpdateDate>
      <ItemCode>7290005287206</ItemCode>
      <ItemType>1</ItemType>
      <ItemName>טונה סטאריקיסט בשמן 160 גר` רביעייה</ItemName>
      <ManufactureName>סטארקיסט דיפלומט היינץ</ManufactureName>
      <ManufactureCountry />
      <ManufactureItemDescription />
      <UnitQty>יח`</UnitQty>
      <Quantity>640</Quantity>
      <UnitMeasure>גרם</UnitMeasure>
      <BisWeighted>0</BisWeighted>
      <QtyInPackage>1</QtyInPackage>
      <ItemPrice>25.90</ItemPrice>
      <UnitOfMeasurePrice>4.05</UnitOfMeasurePrice>
      <AllowDiscount>0</AllowDiscount>
      <itemStatus>1</itemStatus>
      <LastUpdateDate />
      <LastUpdateTime />
    </Product>
    <Product>
      <PriceUpdateDate>2019/02/19 11:05</PriceUpdateDate>
      <ItemCode>7290005287251</ItemCode>
      <ItemType>1</ItemType>
      <ItemName>טונה סטארקיסט במים 160 גר` רביעייה</ItemName>
      <ManufactureName>סטארקיסט דיפלומט היינץ</ManufactureName>
      <ManufactureCountry />
      <ManufactureItemDescription />
      <UnitQty>יח`</UnitQty>
      <Quantity>640</Quantity>
      <UnitMeasure>גרם</UnitMeasure>
      <BisWeighted>0</BisWeighted>
      <QtyInPackage>1</QtyInPackage>
      <ItemPrice>25.90</ItemPrice>
      <UnitOfMeasurePrice>4.05</UnitOfMeasurePrice>
      <AllowDiscount>0</AllowDiscount>
      <itemStatus>1</itemStatus>
      <LastUpdateDate />
      <LastUpdateTime />
    </Product>
    <Product>
      <PriceUpdateDate>2018/02/05 13:47</PriceUpdateDate>
      <ItemCode>7290005287527</ItemCode>
      <ItemType>1</ItemType>
      <ItemName>ס.ק בשמן עם לימון פ.ק 160 גרם בי</ItemName>
      <ManufactureName>סטארקיסט דיפלומט היינץ</ManufactureName>
      <ManufactureCountry />
      <ManufactureItemDescription />
      <UnitQty>יח`</UnitQty>
      <Quantity>160</Quantity>
      <UnitMeasure>גרם</UnitMeasure>
      <BisWeighted>0</BisWeighted>
      <QtyInPackage>1</QtyInPackage>
      <ItemPrice>8.90</ItemPrice>
      <UnitOfMeasurePrice>5.56</UnitOfMeasurePrice>
      <AllowDiscount>0</AllowDiscount>
      <itemStatus>1</itemStatus>
      <LastUpdateDate />
      <LastUpdateTime />
    </Product>
    <Product>
      <PriceUpdateDate>2018/02/05 13:47</PriceUpdateDate>
      <ItemCode>7290005287534</ItemCode>
      <ItemType>1</ItemType>
      <ItemName>ס.ק בשמן עישון פ.ק 160 גרם בי</ItemName>
      <ManufactureName>סטארקיסט דיפלומט היינץ</ManufactureName>
      <ManufactureCountry />
      <ManufactureItemDescription />
      <UnitQty>יח`</UnitQty>
      <Quantity>160</Quantity>
      <UnitMeasure>גרם</UnitMeasure>
      <BisWeighted>0</BisWeighted>
      <QtyInPackage>1</QtyInPackage>
      <ItemPrice>8.90</ItemPrice>
      <UnitOfMeasurePrice>5.56</UnitOfMeasurePrice>
      <AllowDiscount>0</AllowDiscount>
      <itemStatus>1</itemStatus>
      <LastUpdateDate />
      <LastUpdateTime />
    </Product>
    <Product>
      <PriceUpdateDate>2017/05/04 11:34</PriceUpdateDate>
      <ItemCode>7290005296260</ItemCode>
      <ItemType>1</ItemType>
      <ItemName>אסטוניש רסס נגב ירוק</ItemName>
      <ManufactureName>יעקב יעקבי ובניו בעמ</ManufactureName>
      <ManufactureCountry />
      <ManufactureItemDescription />
      <UnitQty>יח`</UnitQty>
      <Quantity>750</Quantity>
      <UnitMeasure>מ"ל</UnitMeasure>
      <BisWeighted>0</BisWeighted>
      <QtyInPackage>1</QtyInPackage>
      <ItemPrice>11.90</ItemPrice>
      <UnitOfMeasurePrice>1.59</UnitOfMeasurePrice>
      <AllowDiscount>0</AllowDiscount>
      <itemStatus>1</itemStatus>
      <LastUpdateDate />
      <LastUpdateTime />
    </Product>
    <Product>
      <PriceUpdateDate>2015/05/27 14:08</PriceUpdateDate>
      <ItemCode>7290005326387</ItemCode>
      <ItemType>1</ItemType>
      <ItemName>עגבניות מיובשות בשמש אוליביה (270 גרם)</ItemName>
      <ManufactureName>גורי מוצרי צריכה (1991) בעמ</ManufactureName>
      <ManufactureCountry />
      <ManufactureItemDescription />
      <UnitQty>יח`</UnitQty>
      <Quantity>280</Quantity>
      <UnitMeasure>גרם</UnitMeasure>
      <BisWeighted>0</BisWeighted>
      <QtyInPackage>1</QtyInPackage>
      <ItemPrice>19.90</ItemPrice>
      <UnitOfMeasurePrice>7.11</UnitOfMeasurePrice>
      <AllowDiscount>0</AllowDiscount>
      <itemStatus>1</itemStatus>
      <LastUpdateDate />
      <LastUpdateTime />
    </Product>
    <Product>
      <PriceUpdateDate>2018/06/14 16:40</PriceUpdateDate>
      <ItemCode>7290005326806</ItemCode>
      <ItemType>1</ItemType>
      <ItemName>רוטב צ`לי מתוק וכפיר ליים 310 גר` אוליבי</ItemName>
      <ManufactureName>גורי מוצרי צריכה (1991) בעמ</ManufactureName>
      <ManufactureCountry />
      <ManufactureItemDescription />
      <UnitQty>יח`</UnitQty>
      <Quantity>310</Quantity>
      <UnitMeasure>גרם</UnitMeasure>
      <BisWeighted>0</BisWeighted>
      <QtyInPackage>1</QtyInPackage>
      <ItemPrice>13.90</ItemPrice>
      <UnitOfMeasurePrice>4.48</UnitOfMeasurePrice>
      <AllowDiscount>0</AllowDiscount>
      <itemStatus>1</itemStatus>
      <LastUpdateDate />
      <LastUpdateTime />
    </Product>
    <Product>
      <PriceUpdateDate>2018/01/10 11:24</PriceUpdateDate>
      <ItemCode>7290005418709</ItemCode>
      <ItemType>1</ItemType>
      <ItemName>נטורל קרם לחות 400 מל</ItemName>
      <ManufactureName>החברה הדרומית לשיווק בעמ</ManufactureName>
      <ManufactureCountry />
      <ManufactureItemDescription />
      <UnitQty>יח`</UnitQty>
      <Quantity>400</Quantity>
      <UnitMeasure>מ"ל</UnitMeasure>
      <BisWeighted>0</BisWeighted>
      <QtyInPackage>1</QtyInPackage>
      <ItemPrice>21.90</ItemPrice>
      <UnitOfMeasurePrice>5.48</UnitOfMeasurePrice>
      <AllowDiscount>1</AllowDiscount>
      <itemStatus>1</itemStatus>
      <LastUpdateDate />
      <LastUpdateTime />
    </Product>
    <Product>
      <PriceUpdateDate>2018/01/10 11:24</PriceUpdateDate>
      <ItemCode>7290005418716</ItemCode>
      <ItemType>1</ItemType>
      <ItemName>נטורל קרם לחות 400 מל</ItemName>
      <ManufactureName>החברה הדרומית לשיווק בעמ</ManufactureName>
      <ManufactureCountry />
      <ManufactureItemDescription />
      <UnitQty>יח`</UnitQty>
      <Quantity>400</Quantity>
      <UnitMeasure>מ"ל</UnitMeasure>
      <BisWeighted>0</BisWeighted>
      <QtyInPackage>1</QtyInPackage>
      <ItemPrice>21.90</ItemPrice>
      <UnitOfMeasurePrice>5.48</UnitOfMeasurePrice>
      <AllowDiscount>1</AllowDiscount>
      <itemStatus>1</itemStatus>
      <LastUpdateDate />
      <LastUpdateTime />
    </Product>
    <Product>
      <PriceUpdateDate>2019/03/14 11:47</PriceUpdateDate>
      <ItemCode>7290005423055</ItemCode>
      <ItemType>1</ItemType>
      <ItemName>מתז פורטה פלוס לימון 1 ליטר XL סנו</ItemName>
      <ManufactureName>החברה הדרומית לשיווק בעמ</ManufactureName>
      <ManufactureCountry />
      <ManufactureItemDescription />
      <UnitQty>יח`</UnitQty>
      <Quantity>1000</Quantity>
      <UnitMeasure>מ"ל</UnitMeasure>
      <BisWeighted>0</BisWeighted>
      <QtyInPackage>1</QtyInPackage>
      <ItemPrice>14.90</ItemPrice>
      <UnitOfMeasurePrice>1.49</UnitOfMeasurePrice>
      <AllowDiscount>0</AllowDiscount>
      <itemStatus>1</itemStatus>
      <LastUpdateDate />
      <LastUpdateTime />
    </Product>
    <Product>
      <PriceUpdateDate>2017/08/14 12:56</PriceUpdateDate>
      <ItemCode>7290005423253</ItemCode>
      <ItemType>1</ItemType>
      <ItemName>סנו מקסימה למייבש 750 מל</ItemName>
      <ManufactureName>החברה הדרומית לשיווק בעמ</ManufactureName>
      <ManufactureCountry />
      <ManufactureItemDescription />
      <UnitQty>יח`</UnitQty>
      <Quantity>750</Quantity>
      <UnitMeasure>מ"ל</UnitMeasure>
      <BisWeighted>0</BisWeighted>
      <QtyInPackage>1</QtyInPackage>
      <ItemPrice>19.90</ItemPrice>
      <UnitOfMeasurePrice>2.65</UnitOfMeasurePrice>
      <AllowDiscount>0</AllowDiscount>
      <itemStatus>1</itemStatus>
      <LastUpdateDate />
      <LastUpdateTime />
    </Product>
    <Product>
      <PriceUpdateDate>2018/01/10 11:24</PriceUpdateDate>
      <ItemCode>7290005423567</ItemCode>
      <ItemType>1</ItemType>
      <ItemName>מטליות לניקוי בגליל צהוב סנו סושי) (40</ItemName>
      <ManufactureName>החברה הדרומית לשיווק בעמ</ManufactureName>
      <ManufactureCountry />
      <ManufactureItemDescription />
      <UnitQty>יח`</UnitQty>
      <Quantity>1</Quantity>
      <UnitMeasure />
      <BisWeighted>0</BisWeighted>
      <QtyInPackage>1</QtyInPackage>
      <ItemPrice>19.90</ItemPrice>
      <UnitOfMeasurePrice>19.90</UnitOfMeasurePrice>
      <AllowDiscount>0</AllowDiscount>
      <itemStatus>1</itemStatus>
      <LastUpdateDate />
      <LastUpdateTime />
    </Product>
    <Product>
      <PriceUpdateDate>2015/04/30 13:17</PriceUpdateDate>
      <ItemCode>7290005423635</ItemCode>
      <ItemType>1</ItemType>
      <ItemName>דוחה חרקים 2 ליטר</ItemName>
      <ManufactureName>החברה הדרומית לשיווק בעמ</ManufactureName>
      <ManufactureCountry />
      <ManufactureItemDescription />
      <UnitQty>יח`</UnitQty>
      <Quantity>2</Quantity>
      <UnitMeasure>1 ליטר</UnitMeasure>
      <BisWeighted>0</BisWeighted>
      <QtyInPackage>1</QtyInPackage>
      <ItemPrice>22.90</ItemPrice>
      <UnitOfMeasurePrice>11.45</UnitOfMeasurePrice>
      <AllowDiscount>1</AllowDiscount>
      <itemStatus>1</itemStatus>
      <LastUpdateDate />
      <LastUpdateTime />
    </Product>
    <Product>
      <PriceUpdateDate>2019/02/03 12:17</PriceUpdateDate>
      <ItemCode>7290005423734</ItemCode>
      <ItemType>1</ItemType>
      <ItemName>סנו מקסימה 4 ליטר תכלת</ItemName>
      <ManufactureName>החברה הדרומית לשיווק בעמ</ManufactureName>
      <ManufactureCountry />
      <ManufactureItemDescription />
      <UnitQty>יח`</UnitQty>
      <Quantity>4</Quantity>
      <UnitMeasure>1 ליטר</UnitMeasure>
      <BisWeighted>0</BisWeighted>
      <QtyInPackage>1</QtyInPackage>
      <ItemPrice>19.90</ItemPrice>
      <UnitOfMeasurePrice>4.98</UnitOfMeasurePrice>
      <AllowDiscount>0</AllowDiscount>
      <itemStatus>1</itemStatus>
      <LastUpdateDate />
      <LastUpdateTime />
    </Product>
    <Product>
      <PriceUpdateDate>2018/01/10 11:24</PriceUpdateDate>
      <ItemCode>7290005423871</ItemCode>
      <ItemType>1</ItemType>
      <ItemName>מש.שיניים אורביטול שלישיה</ItemName>
      <ManufactureName>החברה הדרומית לשיווק בעמ</ManufactureName>
      <ManufactureCountry />
      <ManufactureItemDescription />
      <UnitQty>יח`</UnitQty>
      <Quantity>435</Quantity>
      <UnitMeasure>גרם</UnitMeasure>
      <BisWeighted>0</BisWeighted>
      <QtyInPackage>1</QtyInPackage>
      <ItemPrice>19.90</ItemPrice>
      <UnitOfMeasurePrice>4.57</UnitOfMeasurePrice>
      <AllowDiscount>1</AllowDiscount>
      <itemStatus>1</itemStatus>
      <LastUpdateDate />
      <LastUpdateTime />
    </Product>
    <Product>
      <PriceUpdateDate>2019/02/03 12:17</PriceUpdateDate>
      <ItemCode>7290005423918</ItemCode>
      <ItemType>1</ItemType>
      <ItemName>סנו מקסימה 4 ליטר כחול</ItemName>
      <ManufactureName>החברה הדרומית לשיווק בעמ</ManufactureName>
      <ManufactureCountry />
      <ManufactureItemDescription />
      <UnitQty>יח`</UnitQty>
      <Quantity>4</Quantity>
      <UnitMeasure>1 ליטר</UnitMeasure>
      <BisWeighted>0</BisWeighted>
      <QtyInPackage>1</QtyInPackage>
      <ItemPrice>19.90</ItemPrice>
      <UnitOfMeasurePrice>4.98</UnitOfMeasurePrice>
      <AllowDiscount>0</AllowDiscount>
      <itemStatus>1</itemStatus>
      <LastUpdateDate />
      <LastUpdateTime />
    </Product>
    <Product>
      <PriceUpdateDate>2018/02/14 15:59</PriceUpdateDate>
      <ItemCode>7290005424311</ItemCode>
      <ItemType>1</ItemType>
      <ItemName>קוטל חרקים קיי רב קוטל סנו (500 מל)</ItemName>
      <ManufactureName>החברה הדרומית לשיווק בעמ</ManufactureName>
      <ManufactureCountry />
      <ManufactureItemDescription />
      <UnitQty>יח`</UnitQty>
      <Quantity>475</Quantity>
      <UnitMeasure>מ"ל</UnitMeasure>
      <BisWeighted>0</BisWeighted>
      <QtyInPackage>1</QtyInPackage>
      <ItemPrice>24.90</ItemPrice>
      <UnitOfMeasurePrice>5.24</UnitOfMeasurePrice>
      <AllowDiscount>1</AllowDiscount>
      <itemStatus>1</itemStatus>
      <LastUpdateDate />
      <LastUpdateTime />
    </Product>
    <Product>
      <PriceUpdateDate>2015/04/30 13:17</PriceUpdateDate>
      <ItemCode>7290005424403</ItemCode>
      <ItemType>1</ItemType>
      <ItemName>אל סבון נוזלי כיף (1 ליטר)</ItemName>
      <ManufactureName>החברה הדרומית לשיווק בעמ</ManufactureName>
      <ManufactureCountry />
      <ManufactureItemDescription />
      <UnitQty>יח`</UnitQty>
      <Quantity>1000</Quantity>
      <UnitMeasure>מ"ל</UnitMeasure>
      <BisWeighted>0</BisWeighted>
      <QtyInPackage>1</QtyInPackage>
      <ItemPrice>13.90</ItemPrice>
      <UnitOfMeasurePrice>1.39</UnitOfMeasurePrice>
      <AllowDiscount>1</AllowDiscount>
      <itemStatus>1</itemStatus>
      <LastUpdateDate />
      <LastUpdateTime />
    </Product>
    <Product>
      <PriceUpdateDate>2015/04/30 13:17</PriceUpdateDate>
      <ItemCode>7290005424694</ItemCode>
      <ItemType>1</ItemType>
      <ItemName>תחליב רחצה ויטמין E קרמה (750 מל)</ItemName>
      <ManufactureName>החברה הדרומית לשיווק בעמ</ManufactureName>
      <ManufactureCountry />
      <ManufactureItemDescription />
      <UnitQty>יח`</UnitQty>
      <Quantity>750</Quantity>
      <UnitMeasure>מ"ל</UnitMeasure>
      <BisWeighted>0</BisWeighted>
      <QtyInPackage>1</QtyInPackage>
      <ItemPrice>19.90</ItemPrice>
      <UnitOfMeasurePrice>2.65</UnitOfMeasurePrice>
      <AllowDiscount>0</AllowDiscount>
      <itemStatus>1</itemStatus>
      <LastUpdateDate />
      <LastUpdateTime />
    </Product>
    <Product>
      <PriceUpdateDate>2018/07/19 15:15</PriceUpdateDate>
      <ItemCode>7290005424700</ItemCode>
      <ItemType>1</ItemType>
      <ItemName>מתז פורטה פלוס 1 ליטר XL סנו</ItemName>
      <ManufactureName>החברה הדרומית לשיווק בעמ</ManufactureName>
      <ManufactureCountry />
      <ManufactureItemDescription />
      <UnitQty>יח`</UnitQty>
      <Quantity>1000</Quantity>
      <UnitMeasure>מ"ל</UnitMeasure>
      <BisWeighted>0</BisWeighted>
      <QtyInPackage>1</QtyInPackage>
      <ItemPrice>14.90</ItemPrice>
      <UnitOfMeasurePrice>1.49</UnitOfMeasurePrice>
      <AllowDiscount>0</AllowDiscount>
      <itemStatus>1</itemStatus>
      <LastUpdateDate />
      <LastUpdateTime />
    </Product>
    <Product>
      <PriceUpdateDate>2018/07/19 15:15</PriceUpdateDate>
      <ItemCode>7290005424755</ItemCode>
      <ItemType>1</ItemType>
      <ItemName>ריזצפז פלוס מטליות לחות לניקוי רצפות -דו</ItemName>
      <ManufactureName>החברה הדרומית לשיווק בעמ</ManufactureName>
      <ManufactureCountry />
      <ManufactureItemDescription />
      <UnitQty>יח`</UnitQty>
      <Quantity>1</Quantity>
      <UnitMeasure />
      <BisWeighted>0</BisWeighted>
      <QtyInPackage>1</QtyInPackage>
      <ItemPrice>14.90</ItemPrice>
      <UnitOfMeasurePrice>14.90</UnitOfMeasurePrice>
      <AllowDiscount>0</AllowDiscount>
      <itemStatus>1</itemStatus>
      <LastUpdateDate />
      <LastUpdateTime />
    </Product>
    <Product>
      <PriceUpdateDate>2017/04/18 10:19</PriceUpdateDate>
      <ItemCode>7290005424762</ItemCode>
      <ItemType>1</ItemType>
      <ItemName>ריצפז+דוחה חרקים+ווקס</ItemName>
      <ManufactureName>החברה הדרומית לשיווק בעמ</ManufactureName>
      <ManufactureCountry />
      <ManufactureItemDescription />
      <UnitQty>יח`</UnitQty>
      <Quantity>2</Quantity>
      <UnitMeasure>1 ליטר</UnitMeasure>
      <BisWeighted>0</BisWeighted>
      <QtyInPackage>1</QtyInPackage>
      <ItemPrice>25.90</ItemPrice>
      <UnitOfMeasurePrice>12.95</UnitOfMeasurePrice>
      <AllowDiscount>0</AllowDiscount>
      <itemStatus>1</itemStatus>
      <LastUpdateDate />
      <LastUpdateTime />
    </Product>
    <Product>
      <PriceUpdateDate>2015/05/28 12:42</PriceUpdateDate>
      <ItemCode>7290005424847</ItemCode>
      <ItemType>1</ItemType>
      <ItemName>מפיות נייר סנו סושי (150)</ItemName>
      <ManufactureName>החברה הדרומית לשיווק בעמ</ManufactureName>
      <ManufactureCountry />
      <ManufactureItemDescription />
      <UnitQty>יח`</UnitQty>
      <Quantity>150</Quantity>
      <UnitMeasure>יח`</UnitMeasure>
      <BisWeighted>0</BisWeighted>
      <QtyInPackage>1</QtyInPackage>
      <ItemPrice>9.90</ItemPrice>
      <UnitOfMeasurePrice>0.07</UnitOfMeasurePrice>
      <AllowDiscount>1</AllowDiscount>
      <itemStatus>1</itemStatus>
      <LastUpdateDate />
      <LastUpdateTime />
    </Product>
    <Product>
      <PriceUpdateDate>2019/10/23 09:37</PriceUpdateDate>
      <ItemCode>7290005424991</ItemCode>
      <ItemType>1</ItemType>
      <ItemName>פרש אוטומטיק בהתזה קצובה בניחוחח בייבי פ</ItemName>
      <ManufactureName>החברה הדרומית לשיווק בעמ</ManufactureName>
      <ManufactureCountry />
      <ManufactureItemDescription />
      <UnitQty>יח`</UnitQty>
      <Quantity>250</Quantity>
      <UnitMeasure>מ"ל</UnitMeasure>
      <BisWeighted>0</BisWeighted>
      <QtyInPackage>1</QtyInPackage>
      <ItemPrice>13.90</ItemPrice>
      <UnitOfMeasurePrice>5.56</UnitOfMeasurePrice>
      <AllowDiscount>0</AllowDiscount>
      <itemStatus>1</itemStatus>
      <LastUpdateDate />
      <LastUpdateTime />
    </Product>
    <Product>
      <PriceUpdateDate>2019/02/18 14:14</PriceUpdateDate>
      <ItemCode>7290005425110</ItemCode>
      <ItemType>1</ItemType>
      <ItemName>מרסס מתז לחיטוי משטחים 750 מל סנו</ItemName>
      <ManufactureName>החברה הדרומית לשיווק בעמ</ManufactureName>
      <ManufactureCountry />
      <ManufactureItemDescription />
      <UnitQty>יח`</UnitQty>
      <Quantity>750</Quantity>
      <UnitMeasure>מ"ל</UnitMeasure>
      <BisWeighted>0</BisWeighted>
      <QtyInPackage>1</QtyInPackage>
      <ItemPrice>15.90</ItemPrice>
      <UnitOfMeasurePrice>2.12</UnitOfMeasurePrice>
      <AllowDiscount>0</AllowDiscount>
      <itemStatus>1</itemStatus>
      <LastUpdateDate />
      <LastUpdateTime />
    </Product>
    <Product>
      <PriceUpdateDate>2019/02/18 14:14</PriceUpdateDate>
      <ItemCode>7290005425127</ItemCode>
      <ItemType>1</ItemType>
      <ItemName>מתז מנקה שומנים ואבנית 750 מל סנו</ItemName>
      <ManufactureName>החברה הדרומית לשיווק בעמ</ManufactureName>
      <ManufactureCountry />
      <ManufactureItemDescription />
      <UnitQty>יח`</UnitQty>
      <Quantity>750</Quantity>
      <UnitMeasure>מ"ל</UnitMeasure>
      <BisWeighted>0</BisWeighted>
      <QtyInPackage>1</QtyInPackage>
      <ItemPrice>15.90</ItemPrice>
      <UnitOfMeasurePrice>2.12</UnitOfMeasurePrice>
      <AllowDiscount>0</AllowDiscount>
      <itemStatus>1</itemStatus>
      <LastUpdateDate />
      <LastUpdateTime />
    </Product>
    <Product>
      <PriceUpdateDate>2017/10/30 10:21</PriceUpdateDate>
      <ItemCode>7290005425196</ItemCode>
      <ItemType>1</ItemType>
      <ItemName>סנו מקסימה 2.5 קג`</ItemName>
      <ManufactureName>החברה הדרומית לשיווק בעמ</ManufactureName>
      <ManufactureCountry />
      <ManufactureItemDescription />
      <UnitQty>יח`</UnitQty>
      <Quantity>2.50</Quantity>
      <UnitMeasure>ק"ג</UnitMeasure>
      <BisWeighted>0</BisWeighted>
      <QtyInPackage>1</QtyInPackage>
      <ItemPrice>24.90</ItemPrice>
      <UnitOfMeasurePrice>9.96</UnitOfMeasurePrice>
      <AllowDiscount>0</AllowDiscount>
      <itemStatus>1</itemStatus>
      <LastUpdateDate />
      <LastUpdateTime />
    </Product>
    <Product>
      <PriceUpdateDate>2018/01/10 11:24</PriceUpdateDate>
      <ItemCode>7290005425646</ItemCode>
      <ItemType>1</ItemType>
      <ItemName>קליר נוזל לניקוי רב תכליתי סנו (1 ליטר)</ItemName>
      <ManufactureName>החברה הדרומית לשיווק בעמ</ManufactureName>
      <ManufactureCountry />
      <ManufactureItemDescription />
      <UnitQty>יח`</UnitQty>
      <Quantity>1</Quantity>
      <UnitMeasure>1 ליטר</UnitMeasure>
      <BisWeighted>0</BisWeighted>
      <QtyInPackage>1</QtyInPackage>
      <ItemPrice>10.90</ItemPrice>
      <UnitOfMeasurePrice>10.90</UnitOfMeasurePrice>
      <AllowDiscount>1</AllowDiscount>
      <itemStatus>1</itemStatus>
      <LastUpdateDate />
      <LastUpdateTime />
    </Product>
    <Product>
      <PriceUpdateDate>2014/08/18 14:14</PriceUpdateDate>
      <ItemCode>7290005425912</ItemCode>
      <ItemType>1</ItemType>
      <ItemName>סנו אוקסיג`ן 4 ליטר</ItemName>
      <ManufactureName>החברה הדרומית לשיווק בעמ</ManufactureName>
      <ManufactureCountry />
      <ManufactureItemDescription />
      <UnitQty>יח`</UnitQty>
      <Quantity>4</Quantity>
      <UnitMeasure>1 ליטר</UnitMeasure>
      <BisWeighted>0</BisWeighted>
      <QtyInPackage>1</QtyInPackage>
      <ItemPrice>35.90</ItemPrice>
      <UnitOfMeasurePrice>8.98</UnitOfMeasurePrice>
      <AllowDiscount>0</AllowDiscount>
      <itemStatus>1</itemStatus>
      <LastUpdateDate />
      <LastUpdateTime />
    </Product>
    <Product>
      <PriceUpdateDate>2017/03/30 08:34</PriceUpdateDate>
      <ItemCode>7290005426193</ItemCode>
      <ItemType>1</ItemType>
      <ItemName>ספוגית הפלא סנו סושי (6)</ItemName>
      <ManufactureName>החברה הדרומית לשיווק בעמ</ManufactureName>
      <ManufactureCountry />
      <ManufactureItemDescription />
      <UnitQty>יח`</UnitQty>
      <Quantity>1</Quantity>
      <UnitMeasure />
      <BisWeighted>0</BisWeighted>
      <QtyInPackage>1</QtyInPackage>
      <ItemPrice>13.90</ItemPrice>
      <UnitOfMeasurePrice>13.90</UnitOfMeasurePrice>
      <AllowDiscount>1</AllowDiscount>
      <itemStatus>1</itemStatus>
      <LastUpdateDate />
      <LastUpdateTime />
    </Product>
    <Product>
      <PriceUpdateDate>2015/05/28 12:42</PriceUpdateDate>
      <ItemCode>7290005426230</ItemCode>
      <ItemType>1</ItemType>
      <ItemName>מטלית הפלא לרצפה סנו סושי</ItemName>
      <ManufactureName>החברה הדרומית לשיווק בעמ</ManufactureName>
      <ManufactureCountry />
      <ManufactureItemDescription />
      <UnitQty>יח`</UnitQty>
      <Quantity>1</Quantity>
      <UnitMeasure />
      <BisWeighted>0</BisWeighted>
      <QtyInPackage>1</QtyInPackage>
      <ItemPrice>16.90</ItemPrice>
      <UnitOfMeasurePrice>16.90</UnitOfMeasurePrice>
      <AllowDiscount>1</AllowDiscount>
      <itemStatus>1</itemStatus>
      <LastUpdateDate />
      <LastUpdateTime />
    </Product>
    <Product>
      <PriceUpdateDate>2019/02/03 12:17</PriceUpdateDate>
      <ItemCode>7290005426803</ItemCode>
      <ItemType>1</ItemType>
      <ItemName>סנו מקסימה 4 ליטר סגול</ItemName>
      <ManufactureName>החברה הדרומית לשיווק בעמ</ManufactureName>
      <ManufactureCountry />
      <ManufactureItemDescription />
      <UnitQty>יח`</UnitQty>
      <Quantity>4</Quantity>
      <UnitMeasure>1 ליטר</UnitMeasure>
      <BisWeighted>0</BisWeighted>
      <QtyInPackage>1</QtyInPackage>
      <ItemPrice>19.90</ItemPrice>
      <UnitOfMeasurePrice>4.98</UnitOfMeasurePrice>
      <AllowDiscount>0</AllowDiscount>
      <itemStatus>1</itemStatus>
      <LastUpdateDate />
      <LastUpdateTime />
    </Product>
    <Product>
      <PriceUpdateDate>2018/01/10 11:24</PriceUpdateDate>
      <ItemCode>7290005426964</ItemCode>
      <ItemType>1</ItemType>
      <ItemName>סנובון לאסלה כחול אפרסק סנו (55x3 גרם)</ItemName>
      <ManufactureName>החברה הדרומית לשיווק בעמ</ManufactureName>
      <ManufactureCountry />
      <ManufactureItemDescription />
      <UnitQty>יח`</UnitQty>
      <Quantity>165</Quantity>
      <UnitMeasure>גרם</UnitMeasure>
      <BisWeighted>0</BisWeighted>
      <QtyInPackage>1</QtyInPackage>
      <ItemPrice>18.90</ItemPrice>
      <UnitOfMeasurePrice>11.45</UnitOfMeasurePrice>
      <AllowDiscount>1</AllowDiscount>
      <itemStatus>1</itemStatus>
      <LastUpdateDate />
      <LastUpdateTime />
    </Product>
    <Product>
      <PriceUpdateDate>2018/01/10 11:24</PriceUpdateDate>
      <ItemCode>7290005426971</ItemCode>
      <ItemType>1</ItemType>
      <ItemName>סנובון לאסלה כחול תפוח סנו (55x3 גרם)</ItemName>
      <ManufactureName>החברה הדרומית לשיווק בעמ</ManufactureName>
      <ManufactureCountry />
      <ManufactureItemDescription />
      <UnitQty>יח`</UnitQty>
      <Quantity>165</Quantity>
      <UnitMeasure>גרם</UnitMeasure>
      <BisWeighted>0</BisWeighted>
      <QtyInPackage>1</QtyInPackage>
      <ItemPrice>18.90</ItemPrice>
      <UnitOfMeasurePrice>11.45</UnitOfMeasurePrice>
      <AllowDiscount>1</AllowDiscount>
      <itemStatus>1</itemStatus>
      <LastUpdateDate />
      <LastUpdateTime />
    </Product>
    <Product>
      <PriceUpdateDate>2018/06/17 17:07</PriceUpdateDate>
      <ItemCode>7290005427107</ItemCode>
      <ItemType>1</ItemType>
      <ItemName>מגבת הפלא סנו סושי (6)</ItemName>
      <ManufactureName>החברה הדרומית לשיווק בעמ</ManufactureName>
      <ManufactureCountry />
      <ManufactureItemDescription />
      <UnitQty>יח`</UnitQty>
      <Quantity>570</Quantity>
      <UnitMeasure>גרם</UnitMeasure>
      <BisWeighted>0</BisWeighted>
      <QtyInPackage>1</QtyInPackage>
      <ItemPrice>10.90</ItemPrice>
      <UnitOfMeasurePrice>1.91</UnitOfMeasurePrice>
      <AllowDiscount>1</AllowDiscount>
      <itemStatus>1</itemStatus>
      <LastUpdateDate />
      <LastUpdateTime />
    </Product>
    <Product>
      <PriceUpdateDate>2013/11/26 12:03</PriceUpdateDate>
      <ItemCode>7290005429279</ItemCode>
      <ItemType>1</ItemType>
      <ItemName>סנו מקסימה 6 קג`</ItemName>
      <ManufactureName>החברה הדרומית לשיווק בעמ</ManufactureName>
      <ManufactureCountry />
      <ManufactureItemDescription />
      <UnitQty>יח`</UnitQty>
      <Quantity>6000</Quantity>
      <UnitMeasure>גרם</UnitMeasure>
      <BisWeighted>0</BisWeighted>
      <QtyInPackage>1</QtyInPackage>
      <ItemPrice>49.90</ItemPrice>
      <UnitOfMeasurePrice>0.83</UnitOfMeasurePrice>
      <AllowDiscount>0</AllowDiscount>
      <itemStatus>1</itemStatus>
      <LastUpdateDate />
      <LastUpdateTime />
    </Product>
    <Product>
      <PriceUpdateDate>2013/11/26 12:03</PriceUpdateDate>
      <ItemCode>7290005429286</ItemCode>
      <ItemType>1</ItemType>
      <ItemName>סנו מקסימה 6 קג`</ItemName>
      <ManufactureName>החברה הדרומית לשיווק בעמ</ManufactureName>
      <ManufactureCountry />
      <ManufactureItemDescription />
      <UnitQty>יח`</UnitQty>
      <Quantity>6000</Quantity>
      <UnitMeasure>גרם</UnitMeasure>
      <BisWeighted>0</BisWeighted>
      <QtyInPackage>1</QtyInPackage>
      <ItemPrice>49.90</ItemPrice>
      <UnitOfMeasurePrice>0.83</UnitOfMeasurePrice>
      <AllowDiscount>0</AllowDiscount>
      <itemStatus>1</itemStatus>
      <LastUpdateDate />
      <LastUpdateTime />
    </Product>
    <Product>
      <PriceUpdateDate>2015/05/28 12:42</PriceUpdateDate>
      <ItemCode>7290005430480</ItemCode>
      <ItemType>1</ItemType>
      <ItemName>מטלית הפלא מיקרופייבר סנו סושי</ItemName>
      <ManufactureName>החברה הדרומית לשיווק בעמ</ManufactureName>
      <ManufactureCountry />
      <ManufactureItemDescription />
      <UnitQty>יח`</UnitQty>
      <Quantity>1</Quantity>
      <UnitMeasure />
      <BisWeighted>0</BisWeighted>
      <QtyInPackage>1</QtyInPackage>
      <ItemPrice>12.90</ItemPrice>
      <UnitOfMeasurePrice>12.90</UnitOfMeasurePrice>
      <AllowDiscount>1</AllowDiscount>
      <itemStatus>1</itemStatus>
      <LastUpdateDate />
      <LastUpdateTime />
    </Product>
    <Product>
      <PriceUpdateDate>2017/09/06 08:34</PriceUpdateDate>
      <ItemCode>7290005430602</ItemCode>
      <ItemType>1</ItemType>
      <ItemName>סנו אוקסיג`ן מרסס מסיר כתמים</ItemName>
      <ManufactureName>החברה הדרומית לשיווק בעמ</ManufactureName>
      <ManufactureCountry />
      <ManufactureItemDescription />
      <UnitQty>יח`</UnitQty>
      <Quantity>750</Quantity>
      <UnitMeasure>מ"ל</UnitMeasure>
      <BisWeighted>0</BisWeighted>
      <QtyInPackage>1</QtyInPackage>
      <ItemPrice>19.90</ItemPrice>
      <UnitOfMeasurePrice>2.65</UnitOfMeasurePrice>
      <AllowDiscount>1</AllowDiscount>
      <itemStatus>1</itemStatus>
      <LastUpdateDate />
      <LastUpdateTime />
    </Product>
    <Product>
      <PriceUpdateDate>2019/11/21 15:38</PriceUpdateDate>
      <ItemCode>7290005431883</ItemCode>
      <ItemType>1</ItemType>
      <ItemName>מלבי חלבי 165 גר` עדן קינוחים</ItemName>
      <ManufactureName>תנובה - חלב</ManufactureName>
      <ManufactureCountry />
      <ManufactureItemDescription />
      <UnitQty>יח`</UnitQty>
      <Quantity>165</Quantity>
      <UnitMeasure>מ"ל</UnitMeasure>
      <BisWeighted>0</BisWeighted>
      <QtyInPackage>1</QtyInPackage>
      <ItemPrice>6.90</ItemPrice>
      <UnitOfMeasurePrice>4.18</UnitOfMeasurePrice>
      <AllowDiscount>0</AllowDiscount>
      <itemStatus>1</itemStatus>
      <LastUpdateDate />
      <LastUpdateTime />
    </Product>
    <Product>
      <PriceUpdateDate>2019/11/21 15:38</PriceUpdateDate>
      <ItemCode>7290005431906</ItemCode>
      <ItemType>1</ItemType>
      <ItemName>מארז קדאיף 82  גר`עדן קינוחים</ItemName>
      <ManufactureName>תנובה - חלב</ManufactureName>
      <ManufactureCountry />
      <ManufactureItemDescription />
      <UnitQty>יח`</UnitQty>
      <Quantity>124</Quantity>
      <UnitMeasure>גרם</UnitMeasure>
      <BisWeighted>0</BisWeighted>
      <QtyInPackage>1</QtyInPackage>
      <ItemPrice>6.90</ItemPrice>
      <UnitOfMeasurePrice>5.56</UnitOfMeasurePrice>
      <AllowDiscount>0</AllowDiscount>
      <itemStatus>1</itemStatus>
      <LastUpdateDate />
      <LastUpdateTime />
    </Product>
    <Product>
      <PriceUpdateDate>2019/11/21 15:38</PriceUpdateDate>
      <ItemCode>7290005431913</ItemCode>
      <ItemType>1</ItemType>
      <ItemName>עוגת גבינה פרורים 92  גר`עדן קינוחים</ItemName>
      <ManufactureName>תנובה - חלב</ManufactureName>
      <ManufactureCountry />
      <ManufactureItemDescription />
      <UnitQty>יח`</UnitQty>
      <Quantity>92</Quantity>
      <UnitMeasure>גרם</UnitMeasure>
      <BisWeighted>0</BisWeighted>
      <QtyInPackage>1</QtyInPackage>
      <ItemPrice>6.90</ItemPrice>
      <UnitOfMeasurePrice>7.50</UnitOfMeasurePrice>
      <AllowDiscount>0</AllowDiscount>
      <itemStatus>1</itemStatus>
      <LastUpdateDate />
      <LastUpdateTime />
    </Product>
    <Product>
      <PriceUpdateDate>2019/11/21 15:38</PriceUpdateDate>
      <ItemCode>7290005431920</ItemCode>
      <ItemType>1</ItemType>
      <ItemName>עוגת גבינה פרורים לייט 78  גר`עדן קינוחי</ItemName>
      <ManufactureName>תנובה - חלב</ManufactureName>
      <ManufactureCountry />
      <ManufactureItemDescription />
      <UnitQty>יח`</UnitQty>
      <Quantity>1</Quantity>
      <UnitMeasure />
      <BisWeighted>0</BisWeighted>
      <QtyInPackage>1</QtyInPackage>
      <ItemPrice>6.90</ItemPrice>
      <UnitOfMeasurePrice>6.90</UnitOfMeasurePrice>
      <AllowDiscount>0</AllowDiscount>
      <itemStatus>1</itemStatus>
      <LastUpdateDate />
      <LastUpdateTime />
    </Product>
    <Product>
      <PriceUpdateDate>2019/11/21 15:38</PriceUpdateDate>
      <ItemCode>7290005431937</ItemCode>
      <ItemType>1</ItemType>
      <ItemName>מעדן טירמיסו 82  גר`עדן קינוחים</ItemName>
      <ManufactureName>תנובה - חלב</ManufactureName>
      <ManufactureCountry />
      <ManufactureItemDescription />
      <UnitQty>יח`</UnitQty>
      <Quantity>82</Quantity>
      <UnitMeasure>גרם</UnitMeasure>
      <BisWeighted>0</BisWeighted>
      <QtyInPackage>1</QtyInPackage>
      <ItemPrice>6.90</ItemPrice>
      <UnitOfMeasurePrice>8.41</UnitOfMeasurePrice>
      <AllowDiscount>0</AllowDiscount>
      <itemStatus>1</itemStatus>
      <LastUpdateDate />
      <LastUpdateTime />
    </Product>
    <Product>
      <PriceUpdateDate>2020/01/19 12:17</PriceUpdateDate>
      <ItemCode>7290005431951</ItemCode>
      <ItemType>1</ItemType>
      <ItemName>מוס שוקולד 75  גר`עדן קינוחים תנובה</ItemName>
      <ManufactureName>תנובה - חלב</ManufactureName>
      <ManufactureCountry />
      <ManufactureItemDescription />
      <UnitQty>יח`</UnitQty>
      <Quantity>124</Quantity>
      <UnitMeasure>גרם</UnitMeasure>
      <BisWeighted>0</BisWeighted>
      <QtyInPackage>1</QtyInPackage>
      <ItemPrice>6.90</ItemPrice>
      <UnitOfMeasurePrice>5.56</UnitOfMeasurePrice>
      <AllowDiscount>0</AllowDiscount>
      <itemStatus>1</itemStatus>
      <LastUpdateDate />
      <LastUpdateTime />
    </Product>
    <Product>
      <PriceUpdateDate>2015/12/02 13:36</PriceUpdateDate>
      <ItemCode>7290005500558</ItemCode>
      <ItemType>1</ItemType>
      <ItemName>ג`ל לשיער 1  קג`שקוף פנינה רוזנבלום</ItemName>
      <ManufactureName>פנינה רוזנבלום בעמ</ManufactureName>
      <ManufactureCountry />
      <ManufactureItemDescription />
      <UnitQty>יח`</UnitQty>
      <Quantity>1</Quantity>
      <UnitMeasure>1 ליטר</UnitMeasure>
      <BisWeighted>0</BisWeighted>
      <QtyInPackage>1</QtyInPackage>
      <ItemPrice>17.90</ItemPrice>
      <UnitOfMeasurePrice>17.90</UnitOfMeasurePrice>
      <AllowDiscount>0</AllowDiscount>
      <itemStatus>1</itemStatus>
      <LastUpdateDate />
      <LastUpdateTime />
    </Product>
    <Product>
      <PriceUpdateDate>2015/12/02 13:36</PriceUpdateDate>
      <ItemCode>7290005500893</ItemCode>
      <ItemType>1</ItemType>
      <ItemName>ג`ל קוצים 1 קג פנינה רוזנבלום</ItemName>
      <ManufactureName>פנינה רוזנבלום בעמ</ManufactureName>
      <ManufactureCountry />
      <ManufactureItemDescription />
      <UnitQty>יח`</UnitQty>
      <Quantity>1</Quantity>
      <UnitMeasure>ק"ג</UnitMeasure>
      <BisWeighted>0</BisWeighted>
      <QtyInPackage>1</QtyInPackage>
      <ItemPrice>17.90</ItemPrice>
      <UnitOfMeasurePrice>17.90</UnitOfMeasurePrice>
      <AllowDiscount>0</AllowDiscount>
      <itemStatus>1</itemStatus>
      <LastUpdateDate />
      <LastUpdateTime />
    </Product>
    <Product>
      <PriceUpdateDate>2014/11/16 08:19</PriceUpdateDate>
      <ItemCode>7290005500916</ItemCode>
      <ItemType>1</ItemType>
      <ItemName>קרם ידיים פנינה</ItemName>
      <ManufactureName>פנינה רוזנבלום בעמ</ManufactureName>
      <ManufactureCountry />
      <ManufactureItemDescription />
      <UnitQty>יח`</UnitQty>
      <Quantity>100</Quantity>
      <UnitMeasure>מ"ל</UnitMeasure>
      <BisWeighted>0</BisWeighted>
      <QtyInPackage>1</QtyInPackage>
      <ItemPrice>9.90</ItemPrice>
      <UnitOfMeasurePrice>9.90</UnitOfMeasurePrice>
      <AllowDiscount>0</AllowDiscount>
      <itemStatus>1</itemStatus>
      <LastUpdateDate />
      <LastUpdateTime />
    </Product>
    <Product>
      <PriceUpdateDate>2016/05/11 10:13</PriceUpdateDate>
      <ItemCode>7290005509445</ItemCode>
      <ItemType>1</ItemType>
      <ItemName>עוגיות מיני קוקיס חמאה כרמית (600 גרם)</ItemName>
      <ManufactureName>כרמית תעשיות ממתקים בעמ</ManufactureName>
      <ManufactureCountry />
      <ManufactureItemDescription />
      <UnitQty>יח`</UnitQty>
      <Quantity>600</Quantity>
      <UnitMeasure>גרם</UnitMeasure>
      <BisWeighted>0</BisWeighted>
      <QtyInPackage>1</QtyInPackage>
      <ItemPrice>17.90</ItemPrice>
      <UnitOfMeasurePrice>2.98</UnitOfMeasurePrice>
      <AllowDiscount>1</AllowDiscount>
      <itemStatus>1</itemStatus>
      <LastUpdateDate />
      <LastUpdateTime />
    </Product>
    <Product>
      <PriceUpdateDate>2015/03/02 11:51</PriceUpdateDate>
      <ItemCode>7290005559587</ItemCode>
      <ItemType>1</ItemType>
      <ItemName>מאפה נקניקיה מעדנות</ItemName>
      <ManufactureName>תנובה קפואים</ManufactureName>
      <ManufactureCountry />
      <ManufactureItemDescription />
      <UnitQty>יח`</UnitQty>
      <Quantity>800</Quantity>
      <UnitMeasure>גרם</UnitMeasure>
      <BisWeighted>0</BisWeighted>
      <QtyInPackage>1</QtyInPackage>
      <ItemPrice>30</ItemPrice>
      <UnitOfMeasurePrice>3.75</UnitOfMeasurePrice>
      <AllowDiscount>0</AllowDiscount>
      <itemStatus>1</itemStatus>
      <LastUpdateDate />
      <LastUpdateTime />
    </Product>
    <Product>
      <PriceUpdateDate>2019/02/03 12:25</PriceUpdateDate>
      <ItemCode>7290005559907</ItemCode>
      <ItemType>1</ItemType>
      <ItemName>פיצה משפחתית גבינה מעדנות (500 גרם)</ItemName>
      <ManufactureName>תנובה קפואים</ManufactureName>
      <ManufactureCountry />
      <ManufactureItemDescription />
      <UnitQty>יח`</UnitQty>
      <Quantity>500</Quantity>
      <UnitMeasure>גרם</UnitMeasure>
      <BisWeighted>0</BisWeighted>
      <QtyInPackage>1</QtyInPackage>
      <ItemPrice>23.90</ItemPrice>
      <UnitOfMeasurePrice>4.78</UnitOfMeasurePrice>
      <AllowDiscount>1</AllowDiscount>
      <itemStatus>1</itemStatus>
      <LastUpdateDate />
      <LastUpdateTime />
    </Product>
    <Product>
      <PriceUpdateDate>2017/01/05 08:14</PriceUpdateDate>
      <ItemCode>7290005559914</ItemCode>
      <ItemType>1</ItemType>
      <ItemName>פיצה משפחתית זיתים מעדנות (550 גרם)</ItemName>
      <ManufactureName>תנובה קפואים</ManufactureName>
      <ManufactureCountry />
      <ManufactureItemDescription />
      <UnitQty>יח`</UnitQty>
      <Quantity>550</Quantity>
      <UnitMeasure>גרם</UnitMeasure>
      <BisWeighted>0</BisWeighted>
      <QtyInPackage>1</QtyInPackage>
      <ItemPrice>25.90</ItemPrice>
      <UnitOfMeasurePrice>4.71</UnitOfMeasurePrice>
      <AllowDiscount>1</AllowDiscount>
      <itemStatus>1</itemStatus>
      <LastUpdateDate />
      <LastUpdateTime />
    </Product>
    <Product>
      <PriceUpdateDate>2015/04/13 11:37</PriceUpdateDate>
      <ItemCode>7290005559990</ItemCode>
      <ItemType>1</ItemType>
      <ItemName>בצק פילאס תורכי מעדנות (600 גרם)</ItemName>
      <ManufactureName>תנובה קפואים</ManufactureName>
      <ManufactureCountry />
      <ManufactureItemDescription />
      <UnitQty>יח`</UnitQty>
      <Quantity>600</Quantity>
      <UnitMeasure>גרם</UnitMeasure>
      <BisWeighted>0</BisWeighted>
      <QtyInPackage>1</QtyInPackage>
      <ItemPrice>22.90</ItemPrice>
      <UnitOfMeasurePrice>3.82</UnitOfMeasurePrice>
      <AllowDiscount>1</AllowDiscount>
      <itemStatus>1</itemStatus>
      <LastUpdateDate />
      <LastUpdateTime />
    </Product>
    <Product>
      <PriceUpdateDate>2019/01/15 08:38</PriceUpdateDate>
      <ItemCode>7290005564253</ItemCode>
      <ItemType>1</ItemType>
      <ItemName>משקה קל אגס סברס תפוח ספרינג (1.5 ליטר)</ItemName>
      <ManufactureName>יפאורה</ManufactureName>
      <ManufactureCountry />
      <ManufactureItemDescription />
      <UnitQty>יח`</UnitQty>
      <Quantity>1500</Quantity>
      <UnitMeasure>מ"ל</UnitMeasure>
      <BisWeighted>0</BisWeighted>
      <QtyInPackage>1</QtyInPackage>
      <ItemPrice>6.40</ItemPrice>
      <UnitOfMeasurePrice>0.43</UnitOfMeasurePrice>
      <AllowDiscount>1</AllowDiscount>
      <itemStatus>1</itemStatus>
      <LastUpdateDate />
      <LastUpdateTime />
    </Product>
    <Product>
      <PriceUpdateDate>2019/03/24 12:39</PriceUpdateDate>
      <ItemCode>7290005564680</ItemCode>
      <ItemType>1</ItemType>
      <ItemName>משקה קל לימונדה תפוזינה (1.5 ליטר)</ItemName>
      <ManufactureName>יפאורה</ManufactureName>
      <ManufactureCountry />
      <ManufactureItemDescription />
      <UnitQty>יח`</UnitQty>
      <Quantity>1500</Quantity>
      <UnitMeasure>מ"ל</UnitMeasure>
      <BisWeighted>0</BisWeighted>
      <QtyInPackage>1</QtyInPackage>
      <ItemPrice>6.50</ItemPrice>
      <UnitOfMeasurePrice>0.43</UnitOfMeasurePrice>
      <AllowDiscount>1</AllowDiscount>
      <itemStatus>1</itemStatus>
      <LastUpdateDate />
      <LastUpdateTime />
    </Product>
    <Product>
      <PriceUpdateDate>2013/10/27 11:57</PriceUpdateDate>
      <ItemCode>7290005564970</ItemCode>
      <ItemType>1</ItemType>
      <ItemName>משקה תפוח קריסטל (2 ליטר)</ItemName>
      <ManufactureName>יפאורה</ManufactureName>
      <ManufactureCountry />
      <ManufactureItemDescription />
      <UnitQty>יח`</UnitQty>
      <Quantity>2</Quantity>
      <UnitMeasure>1 ליטר</UnitMeasure>
      <BisWeighted>0</BisWeighted>
      <QtyInPackage>1</QtyInPackage>
      <ItemPrice>3.80</ItemPrice>
      <UnitOfMeasurePrice>1.90</UnitOfMeasurePrice>
      <AllowDiscount>0</AllowDiscount>
      <itemStatus>1</itemStatus>
      <LastUpdateDate />
      <LastUpdateTime />
    </Product>
    <Product>
      <PriceUpdateDate>2016/02/14 12:27</PriceUpdateDate>
      <ItemCode>7290005576010</ItemCode>
      <ItemType>1</ItemType>
      <ItemName>חסה ערבית מהדרין גלאט עלים</ItemName>
      <ManufactureName>רביבים עלי דשא בעמ</ManufactureName>
      <ManufactureCountry />
      <ManufactureItemDescription />
      <UnitQty>יח`</UnitQty>
      <Quantity>1</Quantity>
      <UnitMeasure />
      <BisWeighted>0</BisWeighted>
      <QtyInPackage>1</QtyInPackage>
      <ItemPrice>6.90</ItemPrice>
      <UnitOfMeasurePrice>6.90</UnitOfMeasurePrice>
      <AllowDiscount>0</AllowDiscount>
      <itemStatus>1</itemStatus>
      <LastUpdateDate />
      <LastUpdateTime />
    </Product>
    <Product>
      <PriceUpdateDate>2016/02/01 09:18</PriceUpdateDate>
      <ItemCode>7290005576027</ItemCode>
      <ItemType>1</ItemType>
      <ItemName>פטרוזליה גלאט</ItemName>
      <ManufactureName>רביבים עלי דשא בעמ</ManufactureName>
      <ManufactureCountry />
      <ManufactureItemDescription />
      <UnitQty>יח`</UnitQty>
      <Quantity>1</Quantity>
      <UnitMeasure />
      <BisWeighted>0</BisWeighted>
      <QtyInPackage>1</QtyInPackage>
      <ItemPrice>5.90</ItemPrice>
      <UnitOfMeasurePrice>5.90</UnitOfMeasurePrice>
      <AllowDiscount>0</AllowDiscount>
      <itemStatus>1</itemStatus>
      <LastUpdateDate />
      <LastUpdateTime />
    </Product>
    <Product>
      <PriceUpdateDate>2016/02/01 09:18</PriceUpdateDate>
      <ItemCode>7290005576034</ItemCode>
      <ItemType>1</ItemType>
      <ItemName>כוסברה גלאט</ItemName>
      <ManufactureName>רביבים עלי דשא בעמ</ManufactureName>
      <ManufactureCountry />
      <ManufactureItemDescription />
      <UnitQty>יח`</UnitQty>
      <Quantity>1</Quantity>
      <UnitMeasure />
      <BisWeighted>0</BisWeighted>
      <QtyInPackage>1</QtyInPackage>
      <ItemPrice>5.90</ItemPrice>
      <UnitOfMeasurePrice>5.90</UnitOfMeasurePrice>
      <AllowDiscount>0</AllowDiscount>
      <itemStatus>1</itemStatus>
      <LastUpdateDate />
      <LastUpdateTime />
    </Product>
    <Product>
      <PriceUpdateDate>2016/02/01 09:18</PriceUpdateDate>
      <ItemCode>7290005576041</ItemCode>
      <ItemType>1</ItemType>
      <ItemName>שמיר גלאט</ItemName>
      <ManufactureName>רביבים עלי דשא בעמ</ManufactureName>
      <ManufactureCountry />
      <ManufactureItemDescription />
      <UnitQty>יח`</UnitQty>
      <Quantity>1</Quantity>
      <UnitMeasure />
      <BisWeighted>0</BisWeighted>
      <QtyInPackage>1</QtyInPackage>
      <ItemPrice>5.90</ItemPrice>
      <UnitOfMeasurePrice>5.90</UnitOfMeasurePrice>
      <AllowDiscount>0</AllowDiscount>
      <itemStatus>1</itemStatus>
      <LastUpdateDate />
      <LastUpdateTime />
    </Product>
    <Product>
      <PriceUpdateDate>2016/02/01 09:18</PriceUpdateDate>
      <ItemCode>7290005576065</ItemCode>
      <ItemType>1</ItemType>
      <ItemName>סלרי גלאט</ItemName>
      <ManufactureName>רביבים עלי דשא בעמ</ManufactureName>
      <ManufactureCountry />
      <ManufactureItemDescription />
      <UnitQty>יח`</UnitQty>
      <Quantity>1</Quantity>
      <UnitMeasure />
      <BisWeighted>0</BisWeighted>
      <QtyInPackage>1</QtyInPackage>
      <ItemPrice>6.90</ItemPrice>
      <UnitOfMeasurePrice>6.90</UnitOfMeasurePrice>
      <AllowDiscount>0</AllowDiscount>
      <itemStatus>1</itemStatus>
      <LastUpdateDate />
      <LastUpdateTime />
    </Product>
    <Product>
      <PriceUpdateDate>2019/12/15 12:32</PriceUpdateDate>
      <ItemCode>7290005576096</ItemCode>
      <ItemType>1</ItemType>
      <ItemName>כרוב לבן גלאט</ItemName>
      <ManufactureName>רביבים עלי דשא בעמ</ManufactureName>
      <ManufactureCountry />
      <ManufactureItemDescription />
      <UnitQty>ק"ג</UnitQty>
      <Quantity>1</Quantity>
      <UnitMeasure />
      <BisWeighted>1</BisWeighted>
      <QtyInPackage>1</QtyInPackage>
      <ItemPrice>14.90</ItemPrice>
      <UnitOfMeasurePrice>14.90</UnitOfMeasurePrice>
      <AllowDiscount>0</AllowDiscount>
      <itemStatus>1</itemStatus>
      <LastUpdateDate />
      <LastUpdateTime />
    </Product>
    <Product>
      <PriceUpdateDate>2019/12/15 12:32</PriceUpdateDate>
      <ItemCode>7290005576171</ItemCode>
      <ItemType>1</ItemType>
      <ItemName>כרוב אדום גלאט</ItemName>
      <ManufactureName>רביבים עלי דשא בעמ</ManufactureName>
      <ManufactureCountry />
      <ManufactureItemDescription />
      <UnitQty>ק"ג</UnitQty>
      <Quantity>1</Quantity>
      <UnitMeasure />
      <BisWeighted>1</BisWeighted>
      <QtyInPackage>1</QtyInPackage>
      <ItemPrice>15.90</ItemPrice>
      <UnitOfMeasurePrice>15.90</UnitOfMeasurePrice>
      <AllowDiscount>0</AllowDiscount>
      <itemStatus>1</itemStatus>
      <LastUpdateDate />
      <LastUpdateTime />
    </Product>
    <Product>
      <PriceUpdateDate>2017/07/21 08:54</PriceUpdateDate>
      <ItemCode>7290005576614</ItemCode>
      <ItemType>1</ItemType>
      <ItemName>סלק אדום 500 גר</ItemName>
      <ManufactureName>רביבים עלי דשא בעמ</ManufactureName>
      <ManufactureCountry />
      <ManufactureItemDescription />
      <UnitQty>יח`</UnitQty>
      <Quantity>1000</Quantity>
      <UnitMeasure>גרם</UnitMeasure>
      <BisWeighted>0</BisWeighted>
      <QtyInPackage>1</QtyInPackage>
      <ItemPrice>7.90</ItemPrice>
      <UnitOfMeasurePrice>0.79</UnitOfMeasurePrice>
      <AllowDiscount>0</AllowDiscount>
      <itemStatus>1</itemStatus>
      <LastUpdateDate />
      <LastUpdateTime />
    </Product>
    <Product>
      <PriceUpdateDate>2015/01/29 11:52</PriceUpdateDate>
      <ItemCode>7290005591761</ItemCode>
      <ItemType>1</ItemType>
      <ItemName>דבש לחיץ 400 גר` יד מרדכי</ItemName>
      <ManufactureName>שטראוס גרופ בעמ</ManufactureName>
      <ManufactureCountry />
      <ManufactureItemDescription />
      <UnitQty>יח`</UnitQty>
      <Quantity>400</Quantity>
      <UnitMeasure>גרם</UnitMeasure>
      <BisWeighted>0</BisWeighted>
      <QtyInPackage>1</QtyInPackage>
      <ItemPrice>22</ItemPrice>
      <UnitOfMeasurePrice>5.50</UnitOfMeasurePrice>
      <AllowDiscount>0</AllowDiscount>
      <itemStatus>1</itemStatus>
      <LastUpdateDate />
      <LastUpdateTime />
    </Product>
    <Product>
      <PriceUpdateDate>2018/11/16 11:32</PriceUpdateDate>
      <ItemCode>7290005604133</ItemCode>
      <ItemType>1</ItemType>
      <ItemName>פריגת 1.5 ליטר מנגו</ItemName>
      <ManufactureName>החברה המרכזית להפצת משקאות בעמ</ManufactureName>
      <ManufactureCountry />
      <ManufactureItemDescription />
      <UnitQty>יח`</UnitQty>
      <Quantity>1.50</Quantity>
      <UnitMeasure>1 ליטר</UnitMeasure>
      <BisWeighted>0</BisWeighted>
      <QtyInPackage>1</QtyInPackage>
      <ItemPrice>7.20</ItemPrice>
      <UnitOfMeasurePrice>4.80</UnitOfMeasurePrice>
      <AllowDiscount>1</AllowDiscount>
      <itemStatus>1</itemStatus>
      <LastUpdateDate />
      <LastUpdateTime />
    </Product>
    <Product>
      <PriceUpdateDate>2018/11/16 11:33</PriceUpdateDate>
      <ItemCode>7290005604652</ItemCode>
      <ItemType>1</ItemType>
      <ItemName>גזוז בטעם ענבים 1.5 ליטר פאנטה</ItemName>
      <ManufactureName>החברה המרכזית להפצת משקאות בעמ</ManufactureName>
      <ManufactureCountry />
      <ManufactureItemDescription />
      <UnitQty>יח`</UnitQty>
      <Quantity>1</Quantity>
      <UnitMeasure />
      <BisWeighted>0</BisWeighted>
      <QtyInPackage>1</QtyInPackage>
      <ItemPrice>7.70</ItemPrice>
      <UnitOfMeasurePrice>7.70</UnitOfMeasurePrice>
      <AllowDiscount>0</AllowDiscount>
      <itemStatus>1</itemStatus>
      <LastUpdateDate />
      <LastUpdateTime />
    </Product>
    <Product>
      <PriceUpdateDate>2020/03/16 07:11</PriceUpdateDate>
      <ItemCode>7290005610509</ItemCode>
      <ItemType>1</ItemType>
      <ItemName>צנונית ארוזה</ItemName>
      <ManufactureName>א.אדמה (2007) בעמ</ManufactureName>
      <ManufactureCountry />
      <ManufactureItemDescription />
      <UnitQty>יח`</UnitQty>
      <Quantity>1</Quantity>
      <UnitMeasure />
      <BisWeighted>0</BisWeighted>
      <QtyInPackage>1</QtyInPackage>
      <ItemPrice>6.90</ItemPrice>
      <UnitOfMeasurePrice>6.90</UnitOfMeasurePrice>
      <AllowDiscount>1</AllowDiscount>
      <itemStatus>1</itemStatus>
      <LastUpdateDate />
      <LastUpdateTime />
    </Product>
    <Product>
      <PriceUpdateDate>2018/10/14 13:08</PriceUpdateDate>
      <ItemCode>7290005651069</ItemCode>
      <ItemType>1</ItemType>
      <ItemName>לה קט מיקס 2.85 קג</ItemName>
      <ManufactureName>דיפלומט היינץ</ManufactureName>
      <ManufactureCountry />
      <ManufactureItemDescription />
      <UnitQty>יח`</UnitQty>
      <Quantity>2.90</Quantity>
      <UnitMeasure>גרם</UnitMeasure>
      <BisWeighted>0</BisWeighted>
      <QtyInPackage>1</QtyInPackage>
      <ItemPrice>69.90</ItemPrice>
      <UnitOfMeasurePrice>2410.34</UnitOfMeasurePrice>
      <AllowDiscount>0</AllowDiscount>
      <itemStatus>1</itemStatus>
      <LastUpdateDate />
      <LastUpdateTime />
    </Product>
    <Product>
      <PriceUpdateDate>2013/12/31 12:18</PriceUpdateDate>
      <ItemCode>7290005838002</ItemCode>
      <ItemType>1</ItemType>
      <ItemName>דניאלה מעדן בטעם וניל שטראוס (88 גרם)</ItemName>
      <ManufactureName>שטראוס גרופ בעמ/מצונן</ManufactureName>
      <ManufactureCountry />
      <ManufactureItemDescription />
      <UnitQty>יח`</UnitQty>
      <Quantity>150</Quantity>
      <UnitMeasure>מ"ל</UnitMeasure>
      <BisWeighted>0</BisWeighted>
      <QtyInPackage>1</QtyInPackage>
      <ItemPrice>4</ItemPrice>
      <UnitOfMeasurePrice>2.67</UnitOfMeasurePrice>
      <AllowDiscount>0</AllowDiscount>
      <itemStatus>1</itemStatus>
      <LastUpdateDate />
      <LastUpdateTime />
    </Product>
    <Product>
      <PriceUpdateDate>2013/12/31 12:18</PriceUpdateDate>
      <ItemCode>7290005838613</ItemCode>
      <ItemType>1</ItemType>
      <ItemName>קרם גבינה 3% בטעם וניל סקי (125 גרם)</ItemName>
      <ManufactureName>שטראוס גרופ בעמ/מצונן</ManufactureName>
      <ManufactureCountry />
      <ManufactureItemDescription />
      <UnitQty>יח`</UnitQty>
      <Quantity>125</Quantity>
      <UnitMeasure>גרם</UnitMeasure>
      <BisWeighted>0</BisWeighted>
      <QtyInPackage>1</QtyInPackage>
      <ItemPrice>3.70</ItemPrice>
      <UnitOfMeasurePrice>2.96</UnitOfMeasurePrice>
      <AllowDiscount>1</AllowDiscount>
      <itemStatus>1</itemStatus>
      <LastUpdateDate />
      <LastUpdateTime />
    </Product>
    <Product>
      <PriceUpdateDate>2016/02/12 09:30</PriceUpdateDate>
      <ItemCode>7290005838972</ItemCode>
      <ItemType>1</ItemType>
      <ItemName>קרם גבינה 5% סקי (125 גרם)</ItemName>
      <ManufactureName>שטראוס גרופ בעמ/מצונן</ManufactureName>
      <ManufactureCountry />
      <ManufactureItemDescription />
      <UnitQty>יח`</UnitQty>
      <Quantity>125</Quantity>
      <UnitMeasure>גרם</UnitMeasure>
      <BisWeighted>0</BisWeighted>
      <QtyInPackage>1</QtyInPackage>
      <ItemPrice>3.10</ItemPrice>
      <UnitOfMeasurePrice>2.48</UnitOfMeasurePrice>
      <AllowDiscount>0</AllowDiscount>
      <itemStatus>1</itemStatus>
      <LastUpdateDate />
      <LastUpdateTime />
    </Product>
    <Product>
      <PriceUpdateDate>2015/05/31 10:48</PriceUpdateDate>
      <ItemCode>7290005839078</ItemCode>
      <ItemType>1</ItemType>
      <ItemName>יוגורט ביו 3% דנונה (150x8 גרם)</ItemName>
      <ManufactureName>שטראוס גרופ בעמ/מצונן</ManufactureName>
      <ManufactureCountry />
      <ManufactureItemDescription />
      <UnitQty>יח`</UnitQty>
      <Quantity>1.20</Quantity>
      <UnitMeasure>1 ליטר</UnitMeasure>
      <BisWeighted>0</BisWeighted>
      <QtyInPackage>1</QtyInPackage>
      <ItemPrice>16.80</ItemPrice>
      <UnitOfMeasurePrice>14</UnitOfMeasurePrice>
      <AllowDiscount>0</AllowDiscount>
      <itemStatus>1</itemStatus>
      <LastUpdateDate />
      <LastUpdateTime />
    </Product>
    <Product>
      <PriceUpdateDate>2015/01/29 11:02</PriceUpdateDate>
      <ItemCode>7290005839108</ItemCode>
      <ItemType>1</ItemType>
      <ItemName>סימפוניה +5%זיתים</ItemName>
      <ManufactureName>שטראוס גרופ בעמ/מצונן</ManufactureName>
      <ManufactureCountry />
      <ManufactureItemDescription />
      <UnitQty>יח`</UnitQty>
      <Quantity>200</Quantity>
      <UnitMeasure>גרם</UnitMeasure>
      <BisWeighted>0</BisWeighted>
      <QtyInPackage>1</QtyInPackage>
      <ItemPrice>11.40</ItemPrice>
      <UnitOfMeasurePrice>5.70</UnitOfMeasurePrice>
      <AllowDiscount>0</AllowDiscount>
      <itemStatus>1</itemStatus>
      <LastUpdateDate />
      <LastUpdateTime />
    </Product>
    <Product>
      <PriceUpdateDate>2013/12/31 12:18</PriceUpdateDate>
      <ItemCode>7290005839313</ItemCode>
      <ItemType>1</ItemType>
      <ItemName>מילקי טופ מגולגלת</ItemName>
      <ManufactureName>שטראוס גרופ בעמ/מצונן</ManufactureName>
      <ManufactureCountry />
      <ManufactureItemDescription />
      <UnitQty>יח`</UnitQty>
      <Quantity>130</Quantity>
      <UnitMeasure>מ"ל</UnitMeasure>
      <BisWeighted>0</BisWeighted>
      <QtyInPackage>1</QtyInPackage>
      <ItemPrice>4.60</ItemPrice>
      <UnitOfMeasurePrice>3.54</UnitOfMeasurePrice>
      <AllowDiscount>1</AllowDiscount>
      <itemStatus>1</itemStatus>
      <LastUpdateDate />
      <LastUpdateTime />
    </Product>
    <Product>
      <PriceUpdateDate>2019/02/28 08:40</PriceUpdateDate>
      <ItemCode>7290005896439</ItemCode>
      <ItemType>1</ItemType>
      <ItemName>בירה בקבוק מכבי (500 מל)</ItemName>
      <ManufactureName>טמפו משקאות בעמ</ManufactureName>
      <ManufactureCountry />
      <ManufactureItemDescription />
      <UnitQty>יח`</UnitQty>
      <Quantity>500</Quantity>
      <UnitMeasure>מ"ל</UnitMeasure>
      <BisWeighted>0</BisWeighted>
      <QtyInPackage>1</QtyInPackage>
      <ItemPrice>6.90</ItemPrice>
      <UnitOfMeasurePrice>1.14</UnitOfMeasurePrice>
      <AllowDiscount>1</AllowDiscount>
      <itemStatus>1</itemStatus>
      <LastUpdateDate />
      <LastUpdateTime />
    </Product>
    <Product>
      <PriceUpdateDate>2019/02/28 08:40</PriceUpdateDate>
      <ItemCode>7290005896453</ItemCode>
      <ItemType>1</ItemType>
      <ItemName>מכבי חוזר 7.9 500 מל בקבוק</ItemName>
      <ManufactureName>טמפו משקאות בעמ</ManufactureName>
      <ManufactureCountry />
      <ManufactureItemDescription />
      <UnitQty>יח`</UnitQty>
      <Quantity>500</Quantity>
      <UnitMeasure>מ"ל</UnitMeasure>
      <BisWeighted>0</BisWeighted>
      <QtyInPackage>1</QtyInPackage>
      <ItemPrice>7.90</ItemPrice>
      <UnitOfMeasurePrice>1.34</UnitOfMeasurePrice>
      <AllowDiscount>1</AllowDiscount>
      <itemStatus>1</itemStatus>
      <LastUpdateDate />
      <LastUpdateTime />
    </Product>
    <Product>
      <PriceUpdateDate>2020/05/03 10:48</PriceUpdateDate>
      <ItemCode>7290005966033</ItemCode>
      <ItemType>1</ItemType>
      <ItemName>הר חרמון לבן יקב רמת הגולן (750 מל)</ItemName>
      <ManufactureName>היכל היין שקד גולן בעמ</ManufactureName>
      <ManufactureCountry />
      <ManufactureItemDescription />
      <UnitQty>יח`</UnitQty>
      <Quantity>750</Quantity>
      <UnitMeasure>מ"ל</UnitMeasure>
      <BisWeighted>0</BisWeighted>
      <QtyInPackage>1</QtyInPackage>
      <ItemPrice>30.90</ItemPrice>
      <UnitOfMeasurePrice>4.08</UnitOfMeasurePrice>
      <AllowDiscount>0</AllowDiscount>
      <itemStatus>1</itemStatus>
      <LastUpdateDate />
      <LastUpdateTime />
    </Product>
    <Product>
      <PriceUpdateDate>2020/02/12 09:29</PriceUpdateDate>
      <ItemCode>7290005966088</ItemCode>
      <ItemType>1</ItemType>
      <ItemName>ירדן-הר חרמון אדום</ItemName>
      <ManufactureName>היכל היין שקד גולן בעמ</ManufactureName>
      <ManufactureCountry />
      <ManufactureItemDescription />
      <UnitQty>יח`</UnitQty>
      <Quantity>750</Quantity>
      <UnitMeasure>מ"ל</UnitMeasure>
      <BisWeighted>0</BisWeighted>
      <QtyInPackage>1</QtyInPackage>
      <ItemPrice>29.90</ItemPrice>
      <UnitOfMeasurePrice>3.95</UnitOfMeasurePrice>
      <AllowDiscount>0</AllowDiscount>
      <itemStatus>1</itemStatus>
      <LastUpdateDate />
      <LastUpdateTime />
    </Product>
    <Product>
      <PriceUpdateDate>2018/10/10 11:10</PriceUpdateDate>
      <ItemCode>7290005992018</ItemCode>
      <ItemType>1</ItemType>
      <ItemName>יוגורט עיזים 3% לשתיה גד (500 מל)</ItemName>
      <ManufactureName>מחלבות גד שיווק 1992 בעמ</ManufactureName>
      <ManufactureCountry />
      <ManufactureItemDescription />
      <UnitQty>יח`</UnitQty>
      <Quantity>500</Quantity>
      <UnitMeasure>מ"ל</UnitMeasure>
      <BisWeighted>0</BisWeighted>
      <QtyInPackage>1</QtyInPackage>
      <ItemPrice>13.90</ItemPrice>
      <UnitOfMeasurePrice>2.78</UnitOfMeasurePrice>
      <AllowDiscount>0</AllowDiscount>
      <itemStatus>1</itemStatus>
      <LastUpdateDate />
      <LastUpdateTime />
    </Product>
    <Product>
      <PriceUpdateDate>2018/10/10 11:10</PriceUpdateDate>
      <ItemCode>7290005992575</ItemCode>
      <ItemType>1</ItemType>
      <ItemName>גבינה בולגרית למריחה 5% גד (250 גרם)</ItemName>
      <ManufactureName>מחלבות גד שיווק 1992 בעמ</ManufactureName>
      <ManufactureCountry />
      <ManufactureItemDescription />
      <UnitQty>יח`</UnitQty>
      <Quantity>250</Quantity>
      <UnitMeasure>גרם</UnitMeasure>
      <BisWeighted>0</BisWeighted>
      <QtyInPackage>1</QtyInPackage>
      <ItemPrice>16.90</ItemPrice>
      <UnitOfMeasurePrice>6.76</UnitOfMeasurePrice>
      <AllowDiscount>0</AllowDiscount>
      <itemStatus>1</itemStatus>
      <LastUpdateDate />
      <LastUpdateTime />
    </Product>
    <Product>
      <PriceUpdateDate>2018/10/10 11:10</PriceUpdateDate>
      <ItemCode>7290005992735</ItemCode>
      <ItemType>1</ItemType>
      <ItemName>לאבנה 5% גד (250 גרם)</ItemName>
      <ManufactureName>מחלבות גד שיווק 1992 בעמ</ManufactureName>
      <ManufactureCountry />
      <ManufactureItemDescription />
      <UnitQty>יח`</UnitQty>
      <Quantity>250</Quantity>
      <UnitMeasure>גרם</UnitMeasure>
      <BisWeighted>0</BisWeighted>
      <QtyInPackage>1</QtyInPackage>
      <ItemPrice>11.90</ItemPrice>
      <UnitOfMeasurePrice>4.76</UnitOfMeasurePrice>
      <AllowDiscount>0</AllowDiscount>
      <itemStatus>1</itemStatus>
      <LastUpdateDate />
      <LastUpdateTime />
    </Product>
    <Product>
      <PriceUpdateDate>2019/06/16 12:57</PriceUpdateDate>
      <ItemCode>7290005996009</ItemCode>
      <ItemType>1</ItemType>
      <ItemName>סלמי גלילי מעושן 400 גר` יחיעם</ItemName>
      <ManufactureName>מעדני יחיעם (1993) בעמ</ManufactureName>
      <ManufactureCountry />
      <ManufactureItemDescription />
      <UnitQty>יח`</UnitQty>
      <Quantity>400</Quantity>
      <UnitMeasure>גרם</UnitMeasure>
      <BisWeighted>0</BisWeighted>
      <QtyInPackage>1</QtyInPackage>
      <ItemPrice>24.90</ItemPrice>
      <UnitOfMeasurePrice>6.23</UnitOfMeasurePrice>
      <AllowDiscount>1</AllowDiscount>
      <itemStatus>1</itemStatus>
      <LastUpdateDate />
      <LastUpdateTime />
    </Product>
    <Product>
      <PriceUpdateDate>2019/12/15 13:45</PriceUpdateDate>
      <ItemCode>7290005996160</ItemCode>
      <ItemType>1</ItemType>
      <ItemName>נקניקיות צוריסו פרימיום 280 גר` יחיעם</ItemName>
      <ManufactureName>מעדני יחיעם (1993) בעמ</ManufactureName>
      <ManufactureCountry />
      <ManufactureItemDescription />
      <UnitQty>יח`</UnitQty>
      <Quantity>280</Quantity>
      <UnitMeasure>גרם</UnitMeasure>
      <BisWeighted>0</BisWeighted>
      <QtyInPackage>1</QtyInPackage>
      <ItemPrice>22.90</ItemPrice>
      <UnitOfMeasurePrice>8.18</UnitOfMeasurePrice>
      <AllowDiscount>1</AllowDiscount>
      <itemStatus>1</itemStatus>
      <LastUpdateDate />
      <LastUpdateTime />
    </Product>
    <Product>
      <PriceUpdateDate>2015/12/02 13:36</PriceUpdateDate>
      <ItemCode>7290006185501</ItemCode>
      <ItemType>1</ItemType>
      <ItemName>פנינה אל סבון 1 ליטר ורוד</ItemName>
      <ManufactureName>פנינה רוזנבלום בעמ</ManufactureName>
      <ManufactureCountry />
      <ManufactureItemDescription />
      <UnitQty>יח`</UnitQty>
      <Quantity>1</Quantity>
      <UnitMeasure>1 ליטר</UnitMeasure>
      <BisWeighted>0</BisWeighted>
      <QtyInPackage>1</QtyInPackage>
      <ItemPrice>10.90</ItemPrice>
      <UnitOfMeasurePrice>10.90</UnitOfMeasurePrice>
      <AllowDiscount>1</AllowDiscount>
      <itemStatus>1</itemStatus>
      <LastUpdateDate />
      <LastUpdateTime />
    </Product>
    <Product>
      <PriceUpdateDate>2015/12/02 13:36</PriceUpdateDate>
      <ItemCode>7290006185518</ItemCode>
      <ItemType>1</ItemType>
      <ItemName>פנינה אל סבון 1 ליטר כחול</ItemName>
      <ManufactureName>פנינה רוזנבלום בעמ</ManufactureName>
      <ManufactureCountry />
      <ManufactureItemDescription />
      <UnitQty>יח`</UnitQty>
      <Quantity>1</Quantity>
      <UnitMeasure>1 ליטר</UnitMeasure>
      <BisWeighted>0</BisWeighted>
      <QtyInPackage>1</QtyInPackage>
      <ItemPrice>10.90</ItemPrice>
      <UnitOfMeasurePrice>10.90</UnitOfMeasurePrice>
      <AllowDiscount>1</AllowDiscount>
      <itemStatus>1</itemStatus>
      <LastUpdateDate />
      <LastUpdateTime />
    </Product>
    <Product>
      <PriceUpdateDate>2013/12/31 12:18</PriceUpdateDate>
      <ItemCode>7290006199027</ItemCode>
      <ItemType>1</ItemType>
      <ItemName>מאגדת מצופה דיאט שמינייה</ItemName>
      <ManufactureName>פלקו בעמ</ManufactureName>
      <ManufactureCountry />
      <ManufactureItemDescription />
      <UnitQty>יח`</UnitQty>
      <Quantity>640</Quantity>
      <UnitMeasure>גרם</UnitMeasure>
      <BisWeighted>0</BisWeighted>
      <QtyInPackage>1</QtyInPackage>
      <ItemPrice>27</ItemPrice>
      <UnitOfMeasurePrice>4.22</UnitOfMeasurePrice>
      <AllowDiscount>0</AllowDiscount>
      <itemStatus>1</itemStatus>
      <LastUpdateDate />
      <LastUpdateTime />
    </Product>
    <Product>
      <PriceUpdateDate>2016/01/25 08:15</PriceUpdateDate>
      <ItemCode>7290006229069</ItemCode>
      <ItemType>1</ItemType>
      <ItemName>משקה קל ענבים ג`אמפ (1.5 ליטר)</ItemName>
      <ManufactureName>טמפו משקאות בעמ</ManufactureName>
      <ManufactureCountry />
      <ManufactureItemDescription />
      <UnitQty>יח`</UnitQty>
      <Quantity>1500</Quantity>
      <UnitMeasure>מ"ל</UnitMeasure>
      <BisWeighted>0</BisWeighted>
      <QtyInPackage>1</QtyInPackage>
      <ItemPrice>5.50</ItemPrice>
      <UnitOfMeasurePrice>0.37</UnitOfMeasurePrice>
      <AllowDiscount>1</AllowDiscount>
      <itemStatus>1</itemStatus>
      <LastUpdateDate />
      <LastUpdateTime />
    </Product>
    <Product>
      <PriceUpdateDate>2018/12/02 14:15</PriceUpdateDate>
      <ItemCode>7290006229076</ItemCode>
      <ItemType>1</ItemType>
      <ItemName>משקה קל אפרסק ג`אמפ (1.5 ליטר)</ItemName>
      <ManufactureName>טמפו משקאות בעמ</ManufactureName>
      <ManufactureCountry />
      <ManufactureItemDescription />
      <UnitQty>יח`</UnitQty>
      <Quantity>1500</Quantity>
      <UnitMeasure>מ"ל</UnitMeasure>
      <BisWeighted>0</BisWeighted>
      <QtyInPackage>1</QtyInPackage>
      <ItemPrice>5.50</ItemPrice>
      <UnitOfMeasurePrice>0.37</UnitOfMeasurePrice>
      <AllowDiscount>1</AllowDiscount>
      <itemStatus>1</itemStatus>
      <LastUpdateDate />
      <LastUpdateTime />
    </Product>
    <Product>
      <PriceUpdateDate>2018/12/02 14:15</PriceUpdateDate>
      <ItemCode>7290006229083</ItemCode>
      <ItemType>1</ItemType>
      <ItemName>משקה קל אגס ג`אמפ (1.5 ליטר)</ItemName>
      <ManufactureName>טמפו משקאות בעמ</ManufactureName>
      <ManufactureCountry />
      <ManufactureItemDescription />
      <UnitQty>יח`</UnitQty>
      <Quantity>1500</Quantity>
      <UnitMeasure>מ"ל</UnitMeasure>
      <BisWeighted>0</BisWeighted>
      <QtyInPackage>1</QtyInPackage>
      <ItemPrice>5.50</ItemPrice>
      <UnitOfMeasurePrice>0.37</UnitOfMeasurePrice>
      <AllowDiscount>1</AllowDiscount>
      <itemStatus>1</itemStatus>
      <LastUpdateDate />
      <LastUpdateTime />
    </Product>
    <Product>
      <PriceUpdateDate>2015/04/12 17:40</PriceUpdateDate>
      <ItemCode>7290006241153</ItemCode>
      <ItemType>1</ItemType>
      <ItemName>אגוזי פקאן סיניים קליית גת (150 גרם)</ItemName>
      <ManufactureName>ליימן שליסל בעמ</ManufactureName>
      <ManufactureCountry />
      <ManufactureItemDescription />
      <UnitQty>יח`</UnitQty>
      <Quantity>150</Quantity>
      <UnitMeasure>גרם</UnitMeasure>
      <BisWeighted>0</BisWeighted>
      <QtyInPackage>1</QtyInPackage>
      <ItemPrice>21.90</ItemPrice>
      <UnitOfMeasurePrice>14.60</UnitOfMeasurePrice>
      <AllowDiscount>0</AllowDiscount>
      <itemStatus>1</itemStatus>
      <LastUpdateDate />
      <LastUpdateTime />
    </Product>
    <Product>
      <PriceUpdateDate>2016/09/14 07:50</PriceUpdateDate>
      <ItemCode>7290006241191</ItemCode>
      <ItemType>1</ItemType>
      <ItemName>אגוזי מלך טבעיים קליית גת (150 גרם)</ItemName>
      <ManufactureName>ליימן שליסל בעמ</ManufactureName>
      <ManufactureCountry />
      <ManufactureItemDescription />
      <UnitQty>יח`</UnitQty>
      <Quantity>150</Quantity>
      <UnitMeasure>גרם</UnitMeasure>
      <BisWeighted>0</BisWeighted>
      <QtyInPackage>1</QtyInPackage>
      <ItemPrice>17.90</ItemPrice>
      <UnitOfMeasurePrice>11.93</UnitOfMeasurePrice>
      <AllowDiscount>0</AllowDiscount>
      <itemStatus>1</itemStatus>
      <LastUpdateDate />
      <LastUpdateTime />
    </Product>
    <Product>
      <PriceUpdateDate>2017/03/02 08:13</PriceUpdateDate>
      <ItemCode>7290006241214</ItemCode>
      <ItemType>1</ItemType>
      <ItemName>שקדים טבעיים קליית גת (200 גרם)</ItemName>
      <ManufactureName>ליימן שליסל בעמ</ManufactureName>
      <ManufactureCountry />
      <ManufactureItemDescription />
      <UnitQty>יח`</UnitQty>
      <Quantity>200</Quantity>
      <UnitMeasure>גרם</UnitMeasure>
      <BisWeighted>0</BisWeighted>
      <QtyInPackage>1</QtyInPackage>
      <ItemPrice>20.90</ItemPrice>
      <UnitOfMeasurePrice>10.45</UnitOfMeasurePrice>
      <AllowDiscount>0</AllowDiscount>
      <itemStatus>1</itemStatus>
      <LastUpdateDate />
      <LastUpdateTime />
    </Product>
    <Product>
      <PriceUpdateDate>2018/10/11 19:19</PriceUpdateDate>
      <ItemCode>7290006251107</ItemCode>
      <ItemType>1</ItemType>
      <ItemName>תה צ`אי מסאלה ויסוצקי) (25</ItemName>
      <ManufactureName>תה ויסוצקי (ישראל) בעמ</ManufactureName>
      <ManufactureCountry />
      <ManufactureItemDescription />
      <UnitQty>יח`</UnitQty>
      <Quantity>50</Quantity>
      <UnitMeasure>גרם</UnitMeasure>
      <BisWeighted>0</BisWeighted>
      <QtyInPackage>1</QtyInPackage>
      <ItemPrice>17.50</ItemPrice>
      <UnitOfMeasurePrice>35</UnitOfMeasurePrice>
      <AllowDiscount>0</AllowDiscount>
      <itemStatus>1</itemStatus>
      <LastUpdateDate />
      <LastUpdateTime />
    </Product>
    <Product>
      <PriceUpdateDate>2019/02/03 12:24</PriceUpdateDate>
      <ItemCode>7290006251275</ItemCode>
      <ItemType>1</ItemType>
      <ItemName>תה ירוק סיני ויסוצקי (25)</ItemName>
      <ManufactureName>תה ויסוצקי (ישראל) בעמ</ManufactureName>
      <ManufactureCountry />
      <ManufactureItemDescription />
      <UnitQty>יח`</UnitQty>
      <Quantity>37.50</Quantity>
      <UnitMeasure>גרם</UnitMeasure>
      <BisWeighted>0</BisWeighted>
      <QtyInPackage>1</QtyInPackage>
      <ItemPrice>24.90</ItemPrice>
      <UnitOfMeasurePrice>66.40</UnitOfMeasurePrice>
      <AllowDiscount>0</AllowDiscount>
      <itemStatus>1</itemStatus>
      <LastUpdateDate />
      <LastUpdateTime />
    </Product>
    <Product>
      <PriceUpdateDate>2019/02/03 12:24</PriceUpdateDate>
      <ItemCode>7290006251374</ItemCode>
      <ItemType>1</ItemType>
      <ItemName>תה ירוק לימונית וג`ינג`ר ויסוצקי) (25</ItemName>
      <ManufactureName>תה ויסוצקי (ישראל) בעמ</ManufactureName>
      <ManufactureCountry />
      <ManufactureItemDescription />
      <UnitQty>יח`</UnitQty>
      <Quantity>25</Quantity>
      <UnitMeasure>גרם</UnitMeasure>
      <BisWeighted>0</BisWeighted>
      <QtyInPackage>1</QtyInPackage>
      <ItemPrice>24.90</ItemPrice>
      <UnitOfMeasurePrice>99.60</UnitOfMeasurePrice>
      <AllowDiscount>0</AllowDiscount>
      <itemStatus>1</itemStatus>
      <LastUpdateDate />
      <LastUpdateTime />
    </Product>
    <Product>
      <PriceUpdateDate>2019/10/23 09:41</PriceUpdateDate>
      <ItemCode>7290006251589</ItemCode>
      <ItemType>1</ItemType>
      <ItemName>תה ירוק נענע ויסוצקי (50)</ItemName>
      <ManufactureName>תה ויסוצקי (ישראל) בעמ</ManufactureName>
      <ManufactureCountry />
      <ManufactureItemDescription />
      <UnitQty>יח`</UnitQty>
      <Quantity>75</Quantity>
      <UnitMeasure>גרם</UnitMeasure>
      <BisWeighted>0</BisWeighted>
      <QtyInPackage>1</QtyInPackage>
      <ItemPrice>44.90</ItemPrice>
      <UnitOfMeasurePrice>59.87</UnitOfMeasurePrice>
      <AllowDiscount>0</AllowDiscount>
      <itemStatus>1</itemStatus>
      <LastUpdateDate />
      <LastUpdateTime />
    </Product>
    <Product>
      <PriceUpdateDate>2015/05/27 12:39</PriceUpdateDate>
      <ItemCode>7290006271174</ItemCode>
      <ItemType>1</ItemType>
      <ItemName>מעדנות-ג חנון בצק</ItemName>
      <ManufactureName>תנובה קפואים</ManufactureName>
      <ManufactureCountry />
      <ManufactureItemDescription />
      <UnitQty>יח`</UnitQty>
      <Quantity>700</Quantity>
      <UnitMeasure>גרם</UnitMeasure>
      <BisWeighted>0</BisWeighted>
      <QtyInPackage>1</QtyInPackage>
      <ItemPrice>18.90</ItemPrice>
      <UnitOfMeasurePrice>2.70</UnitOfMeasurePrice>
      <AllowDiscount>0</AllowDiscount>
      <itemStatus>1</itemStatus>
      <LastUpdateDate />
      <LastUpdateTime />
    </Product>
    <Product>
      <PriceUpdateDate>2015/05/27 12:39</PriceUpdateDate>
      <ItemCode>7290006271655</ItemCode>
      <ItemType>1</ItemType>
      <ItemName>מיני בורקס במילוי גבינה מעדנות (800 גרם)</ItemName>
      <ManufactureName>תנובה קפואים</ManufactureName>
      <ManufactureCountry />
      <ManufactureItemDescription />
      <UnitQty>יח`</UnitQty>
      <Quantity>800</Quantity>
      <UnitMeasure>גרם</UnitMeasure>
      <BisWeighted>0</BisWeighted>
      <QtyInPackage>1</QtyInPackage>
      <ItemPrice>25.90</ItemPrice>
      <UnitOfMeasurePrice>3.24</UnitOfMeasurePrice>
      <AllowDiscount>0</AllowDiscount>
      <itemStatus>1</itemStatus>
      <LastUpdateDate />
      <LastUpdateTime />
    </Product>
    <Product>
      <PriceUpdateDate>2014/10/29 09:20</PriceUpdateDate>
      <ItemCode>7290006271761</ItemCode>
      <ItemType>1</ItemType>
      <ItemName>מיני ג`חנון אפוי 600 גר` מעדנות</ItemName>
      <ManufactureName>תנובה קפואים</ManufactureName>
      <ManufactureCountry />
      <ManufactureItemDescription />
      <UnitQty>יח`</UnitQty>
      <Quantity>600</Quantity>
      <UnitMeasure>גרם</UnitMeasure>
      <BisWeighted>0</BisWeighted>
      <QtyInPackage>1</QtyInPackage>
      <ItemPrice>22.90</ItemPrice>
      <UnitOfMeasurePrice>3.82</UnitOfMeasurePrice>
      <AllowDiscount>0</AllowDiscount>
      <itemStatus>1</itemStatus>
      <LastUpdateDate />
      <LastUpdateTime />
    </Product>
    <Product>
      <PriceUpdateDate>2015/05/27 12:39</PriceUpdateDate>
      <ItemCode>7290006272072</ItemCode>
      <ItemType>1</ItemType>
      <ItemName>מעדנות חטיפי פיצה</ItemName>
      <ManufactureName>תנובה קפואים</ManufactureName>
      <ManufactureCountry />
      <ManufactureItemDescription />
      <UnitQty>יח`</UnitQty>
      <Quantity>650</Quantity>
      <UnitMeasure>גרם</UnitMeasure>
      <BisWeighted>0</BisWeighted>
      <QtyInPackage>1</QtyInPackage>
      <ItemPrice>33</ItemPrice>
      <UnitOfMeasurePrice>5.08</UnitOfMeasurePrice>
      <AllowDiscount>0</AllowDiscount>
      <itemStatus>1</itemStatus>
      <LastUpdateDate />
      <LastUpdateTime />
    </Product>
    <Product>
      <PriceUpdateDate>2014/10/29 09:20</PriceUpdateDate>
      <ItemCode>7290006272430</ItemCode>
      <ItemType>1</ItemType>
      <ItemName>בצק עלים חמאה חלבי מעדנות (600 גרם)</ItemName>
      <ManufactureName>תנובה קפואים</ManufactureName>
      <ManufactureCountry />
      <ManufactureItemDescription />
      <UnitQty>יח`</UnitQty>
      <Quantity>600</Quantity>
      <UnitMeasure>גרם</UnitMeasure>
      <BisWeighted>0</BisWeighted>
      <QtyInPackage>1</QtyInPackage>
      <ItemPrice>29</ItemPrice>
      <UnitOfMeasurePrice>4.83</UnitOfMeasurePrice>
      <AllowDiscount>0</AllowDiscount>
      <itemStatus>1</itemStatus>
      <LastUpdateDate />
      <LastUpdateTime />
    </Product>
    <Product>
      <PriceUpdateDate>2015/04/30 14:15</PriceUpdateDate>
      <ItemCode>7290006273239</ItemCode>
      <ItemType>1</ItemType>
      <ItemName>עוגת שמרים שוקולד לחמי (380 גרם)</ItemName>
      <ManufactureName>תה ויסוצקי (ישראל) בעמ</ManufactureName>
      <ManufactureCountry />
      <ManufactureItemDescription />
      <UnitQty>יח`</UnitQty>
      <Quantity>450</Quantity>
      <UnitMeasure>גרם</UnitMeasure>
      <BisWeighted>0</BisWeighted>
      <QtyInPackage>1</QtyInPackage>
      <ItemPrice>17.90</ItemPrice>
      <UnitOfMeasurePrice>3.98</UnitOfMeasurePrice>
      <AllowDiscount>0</AllowDiscount>
      <itemStatus>1</itemStatus>
      <LastUpdateDate />
      <LastUpdateTime />
    </Product>
    <Product>
      <PriceUpdateDate>2015/04/30 14:15</PriceUpdateDate>
      <ItemCode>7290006273246</ItemCode>
      <ItemType>1</ItemType>
      <ItemName>עוגת שמרים קינמון לחמי (380 גרם)</ItemName>
      <ManufactureName>תה ויסוצקי (ישראל) בעמ</ManufactureName>
      <ManufactureCountry />
      <ManufactureItemDescription />
      <UnitQty>יח`</UnitQty>
      <Quantity>380</Quantity>
      <UnitMeasure>גרם</UnitMeasure>
      <BisWeighted>0</BisWeighted>
      <QtyInPackage>1</QtyInPackage>
      <ItemPrice>17.90</ItemPrice>
      <UnitOfMeasurePrice>4.71</UnitOfMeasurePrice>
      <AllowDiscount>0</AllowDiscount>
      <itemStatus>1</itemStatus>
      <LastUpdateDate />
      <LastUpdateTime />
    </Product>
    <Product>
      <PriceUpdateDate>2015/10/14 10:58</PriceUpdateDate>
      <ItemCode>7290006306296</ItemCode>
      <ItemType>1</ItemType>
      <ItemName>רביולי גבינה לילדים פסטה נונה (400 גרם)</ItemName>
      <ManufactureName>מחלבות גד שיווק 1992 בעמ</ManufactureName>
      <ManufactureCountry />
      <ManufactureItemDescription />
      <UnitQty>יח`</UnitQty>
      <Quantity>400</Quantity>
      <UnitMeasure>גרם</UnitMeasure>
      <BisWeighted>0</BisWeighted>
      <QtyInPackage>1</QtyInPackage>
      <ItemPrice>23.90</ItemPrice>
      <UnitOfMeasurePrice>5.98</UnitOfMeasurePrice>
      <AllowDiscount>0</AllowDiscount>
      <itemStatus>1</itemStatus>
      <LastUpdateDate />
      <LastUpdateTime />
    </Product>
    <Product>
      <PriceUpdateDate>2015/10/14 10:58</PriceUpdateDate>
      <ItemCode>7290006306302</ItemCode>
      <ItemType>1</ItemType>
      <ItemName>רביולי פרמזן ריקוטה פסטה נונה (400 גרם)</ItemName>
      <ManufactureName>מחלבות גד שיווק 1992 בעמ</ManufactureName>
      <ManufactureCountry />
      <ManufactureItemDescription />
      <UnitQty>יח`</UnitQty>
      <Quantity>400</Quantity>
      <UnitMeasure>גרם</UnitMeasure>
      <BisWeighted>0</BisWeighted>
      <QtyInPackage>1</QtyInPackage>
      <ItemPrice>23.90</ItemPrice>
      <UnitOfMeasurePrice>5.98</UnitOfMeasurePrice>
      <AllowDiscount>0</AllowDiscount>
      <itemStatus>1</itemStatus>
      <LastUpdateDate />
      <LastUpdateTime />
    </Product>
    <Product>
      <PriceUpdateDate>2015/10/14 10:58</PriceUpdateDate>
      <ItemCode>7290006306319</ItemCode>
      <ItemType>1</ItemType>
      <ItemName>רביולי בטטה פסטה נונה (400 גרם)</ItemName>
      <ManufactureName>מחלבות גד שיווק 1992 בעמ</ManufactureName>
      <ManufactureCountry />
      <ManufactureItemDescription />
      <UnitQty>יח`</UnitQty>
      <Quantity>400</Quantity>
      <UnitMeasure>גרם</UnitMeasure>
      <BisWeighted>0</BisWeighted>
      <QtyInPackage>1</QtyInPackage>
      <ItemPrice>23.90</ItemPrice>
      <UnitOfMeasurePrice>5.98</UnitOfMeasurePrice>
      <AllowDiscount>0</AllowDiscount>
      <itemStatus>1</itemStatus>
      <LastUpdateDate />
      <LastUpdateTime />
    </Product>
    <Product>
      <PriceUpdateDate>2015/10/14 10:58</PriceUpdateDate>
      <ItemCode>7290006306326</ItemCode>
      <ItemType>1</ItemType>
      <ItemName>רביולי פטריות ופרמזן פסטה נונה (400 גרם)</ItemName>
      <ManufactureName>מחלבות גד שיווק 1992 בעמ</ManufactureName>
      <ManufactureCountry />
      <ManufactureItemDescription />
      <UnitQty>יח`</UnitQty>
      <Quantity>400</Quantity>
      <UnitMeasure>גרם</UnitMeasure>
      <BisWeighted>0</BisWeighted>
      <QtyInPackage>1</QtyInPackage>
      <ItemPrice>23.90</ItemPrice>
      <UnitOfMeasurePrice>5.98</UnitOfMeasurePrice>
      <AllowDiscount>0</AllowDiscount>
      <itemStatus>1</itemStatus>
      <LastUpdateDate />
      <LastUpdateTime />
    </Product>
    <Product>
      <PriceUpdateDate>2019/08/08 08:31</PriceUpdateDate>
      <ItemCode>7290006342072</ItemCode>
      <ItemType>1</ItemType>
      <ItemName>גרעין לבן 200  גר`ששון הקולה</ItemName>
      <ManufactureName>דין שיווק וקליה בעמ</ManufactureName>
      <ManufactureCountry />
      <ManufactureItemDescription />
      <UnitQty>יח`</UnitQty>
      <Quantity>200</Quantity>
      <UnitMeasure>גרם</UnitMeasure>
      <BisWeighted>0</BisWeighted>
      <QtyInPackage>1</QtyInPackage>
      <ItemPrice>8.90</ItemPrice>
      <UnitOfMeasurePrice>4.45</UnitOfMeasurePrice>
      <AllowDiscount>0</AllowDiscount>
      <itemStatus>1</itemStatus>
      <LastUpdateDate />
      <LastUpdateTime />
    </Product>
    <Product>
      <PriceUpdateDate>2019/08/08 08:31</PriceUpdateDate>
      <ItemCode>7290006342447</ItemCode>
      <ItemType>1</ItemType>
      <ItemName>גרעין אבטיח 200 גרם ששון הקולה</ItemName>
      <ManufactureName>דין שיווק וקליה בעמ</ManufactureName>
      <ManufactureCountry />
      <ManufactureItemDescription />
      <UnitQty>יח`</UnitQty>
      <Quantity>200</Quantity>
      <UnitMeasure>גרם</UnitMeasure>
      <BisWeighted>0</BisWeighted>
      <QtyInPackage>1</QtyInPackage>
      <ItemPrice>12.90</ItemPrice>
      <UnitOfMeasurePrice>6.45</UnitOfMeasurePrice>
      <AllowDiscount>0</AllowDiscount>
      <itemStatus>1</itemStatus>
      <LastUpdateDate />
      <LastUpdateTime />
    </Product>
    <Product>
      <PriceUpdateDate>2019/08/08 08:31</PriceUpdateDate>
      <ItemCode>7290006342553</ItemCode>
      <ItemType>1</ItemType>
      <ItemName>קבוקים 200 גר שקית ששון הקולה</ItemName>
      <ManufactureName>דין שיווק וקליה בעמ</ManufactureName>
      <ManufactureCountry />
      <ManufactureItemDescription />
      <UnitQty>יח`</UnitQty>
      <Quantity>200</Quantity>
      <UnitMeasure>גרם</UnitMeasure>
      <BisWeighted>0</BisWeighted>
      <QtyInPackage>1</QtyInPackage>
      <ItemPrice>5.90</ItemPrice>
      <UnitOfMeasurePrice>2.95</UnitOfMeasurePrice>
      <AllowDiscount>0</AllowDiscount>
      <itemStatus>1</itemStatus>
      <LastUpdateDate />
      <LastUpdateTime />
    </Product>
    <Product>
      <PriceUpdateDate>2018/05/31 12:37</PriceUpdateDate>
      <ItemCode>7290006374738</ItemCode>
      <ItemType>1</ItemType>
      <ItemName>קונפיטורת תות יד מרדכי 340 גר`</ItemName>
      <ManufactureName>שטראוס גרופ בעמ</ManufactureName>
      <ManufactureCountry />
      <ManufactureItemDescription />
      <UnitQty>יח`</UnitQty>
      <Quantity>340</Quantity>
      <UnitMeasure>גרם</UnitMeasure>
      <BisWeighted>0</BisWeighted>
      <QtyInPackage>1</QtyInPackage>
      <ItemPrice>14.90</ItemPrice>
      <UnitOfMeasurePrice>4.38</UnitOfMeasurePrice>
      <AllowDiscount>1</AllowDiscount>
      <itemStatus>1</itemStatus>
      <LastUpdateDate />
      <LastUpdateTime />
    </Product>
    <Product>
      <PriceUpdateDate>2017/11/28 07:42</PriceUpdateDate>
      <ItemCode>7290006434395</ItemCode>
      <ItemType>1</ItemType>
      <ItemName>כיסוני בשר  מוסקבאים</ItemName>
      <ManufactureName>מעדני טעם טוב</ManufactureName>
      <ManufactureCountry />
      <ManufactureItemDescription />
      <UnitQty>יח`</UnitQty>
      <Quantity>700</Quantity>
      <UnitMeasure>גרם</UnitMeasure>
      <BisWeighted>0</BisWeighted>
      <QtyInPackage>1</QtyInPackage>
      <ItemPrice>18.90</ItemPrice>
      <UnitOfMeasurePrice>2.70</UnitOfMeasurePrice>
      <AllowDiscount>0</AllowDiscount>
      <itemStatus>1</itemStatus>
      <LastUpdateDate />
      <LastUpdateTime />
    </Product>
    <Product>
      <PriceUpdateDate>2017/11/28 07:42</PriceUpdateDate>
      <ItemCode>7290006434456</ItemCode>
      <ItemType>1</ItemType>
      <ItemName>כיסוני בשר רוסים</ItemName>
      <ManufactureName>מעדני טעם טוב</ManufactureName>
      <ManufactureCountry />
      <ManufactureItemDescription />
      <UnitQty>יח`</UnitQty>
      <Quantity>700</Quantity>
      <UnitMeasure>גרם</UnitMeasure>
      <BisWeighted>0</BisWeighted>
      <QtyInPackage>1</QtyInPackage>
      <ItemPrice>18.90</ItemPrice>
      <UnitOfMeasurePrice>2.70</UnitOfMeasurePrice>
      <AllowDiscount>0</AllowDiscount>
      <itemStatus>1</itemStatus>
      <LastUpdateDate />
      <LastUpdateTime />
    </Product>
    <Product>
      <PriceUpdateDate>2018/11/04 11:42</PriceUpdateDate>
      <ItemCode>7290006439451</ItemCode>
      <ItemType>1</ItemType>
      <ItemName>אורז בסמטי 5 קג` גולד שוקחה</ItemName>
      <ManufactureName>בני ג`ורג` שוקחה (חיפה) בעמ</ManufactureName>
      <ManufactureCountry />
      <ManufactureItemDescription />
      <UnitQty>יח`</UnitQty>
      <Quantity>5</Quantity>
      <UnitMeasure>גרם</UnitMeasure>
      <BisWeighted>0</BisWeighted>
      <QtyInPackage>1</QtyInPackage>
      <ItemPrice>39.90</ItemPrice>
      <UnitOfMeasurePrice>798</UnitOfMeasurePrice>
      <AllowDiscount>0</AllowDiscount>
      <itemStatus>1</itemStatus>
      <LastUpdateDate />
      <LastUpdateTime />
    </Product>
    <Product>
      <PriceUpdateDate>2018/11/04 11:41</PriceUpdateDate>
      <ItemCode>7290006439468</ItemCode>
      <ItemType>1</ItemType>
      <ItemName>עדשים אדומות 1 קג שוקחה</ItemName>
      <ManufactureName>בני ג`ורג` שוקחה (חיפה) בעמ</ManufactureName>
      <ManufactureCountry />
      <ManufactureItemDescription />
      <UnitQty>יח`</UnitQty>
      <Quantity>1000</Quantity>
      <UnitMeasure>גרם</UnitMeasure>
      <BisWeighted>0</BisWeighted>
      <QtyInPackage>1</QtyInPackage>
      <ItemPrice>10.90</ItemPrice>
      <UnitOfMeasurePrice>1.09</UnitOfMeasurePrice>
      <AllowDiscount>0</AllowDiscount>
      <itemStatus>1</itemStatus>
      <LastUpdateDate />
      <LastUpdateTime />
    </Product>
    <Product>
      <PriceUpdateDate>2018/11/04 11:41</PriceUpdateDate>
      <ItemCode>7290006439475</ItemCode>
      <ItemType>1</ItemType>
      <ItemName>עדשים ירוקים 1 קג שוקחה</ItemName>
      <ManufactureName>בני ג`ורג` שוקחה (חיפה) בעמ</ManufactureName>
      <ManufactureCountry />
      <ManufactureItemDescription />
      <UnitQty>יח`</UnitQty>
      <Quantity>1000</Quantity>
      <UnitMeasure>גרם</UnitMeasure>
      <BisWeighted>0</BisWeighted>
      <QtyInPackage>1</QtyInPackage>
      <ItemPrice>10.90</ItemPrice>
      <UnitOfMeasurePrice>1.09</UnitOfMeasurePrice>
      <AllowDiscount>0</AllowDiscount>
      <itemStatus>1</itemStatus>
      <LastUpdateDate />
      <LastUpdateTime />
    </Product>
    <Product>
      <PriceUpdateDate>2018/11/04 11:41</PriceUpdateDate>
      <ItemCode>7290006439482</ItemCode>
      <ItemType>1</ItemType>
      <ItemName>שעועית לבנה 1 קג שוקחה</ItemName>
      <ManufactureName>בני ג`ורג` שוקחה (חיפה) בעמ</ManufactureName>
      <ManufactureCountry />
      <ManufactureItemDescription />
      <UnitQty>יח`</UnitQty>
      <Quantity>1000</Quantity>
      <UnitMeasure>גרם</UnitMeasure>
      <BisWeighted>0</BisWeighted>
      <QtyInPackage>1</QtyInPackage>
      <ItemPrice>11.90</ItemPrice>
      <UnitOfMeasurePrice>1.19</UnitOfMeasurePrice>
      <AllowDiscount>0</AllowDiscount>
      <itemStatus>1</itemStatus>
      <LastUpdateDate />
      <LastUpdateTime />
    </Product>
    <Product>
      <PriceUpdateDate>2018/11/04 11:41</PriceUpdateDate>
      <ItemCode>7290006439512</ItemCode>
      <ItemType>1</ItemType>
      <ItemName>פול גדול 750 גר` שוקחה</ItemName>
      <ManufactureName>בני ג`ורג` שוקחה (חיפה) בעמ</ManufactureName>
      <ManufactureCountry />
      <ManufactureItemDescription />
      <UnitQty>יח`</UnitQty>
      <Quantity>750</Quantity>
      <UnitMeasure>גרם</UnitMeasure>
      <BisWeighted>0</BisWeighted>
      <QtyInPackage>1</QtyInPackage>
      <ItemPrice>12.90</ItemPrice>
      <UnitOfMeasurePrice>1.72</UnitOfMeasurePrice>
      <AllowDiscount>0</AllowDiscount>
      <itemStatus>1</itemStatus>
      <LastUpdateDate />
      <LastUpdateTime />
    </Product>
    <Product>
      <PriceUpdateDate>2018/11/04 11:41</PriceUpdateDate>
      <ItemCode>7290006439536</ItemCode>
      <ItemType>1</ItemType>
      <ItemName>חומוס 1 קג` שוקחה</ItemName>
      <ManufactureName>בני ג`ורג` שוקחה (חיפה) בעמ</ManufactureName>
      <ManufactureCountry />
      <ManufactureItemDescription />
      <UnitQty>יח`</UnitQty>
      <Quantity>1000</Quantity>
      <UnitMeasure>גרם</UnitMeasure>
      <BisWeighted>0</BisWeighted>
      <QtyInPackage>1</QtyInPackage>
      <ItemPrice>13.90</ItemPrice>
      <UnitOfMeasurePrice>1.39</UnitOfMeasurePrice>
      <AllowDiscount>0</AllowDiscount>
      <itemStatus>1</itemStatus>
      <LastUpdateDate />
      <LastUpdateTime />
    </Product>
    <Product>
      <PriceUpdateDate>2018/07/19 15:14</PriceUpdateDate>
      <ItemCode>7290006439543</ItemCode>
      <ItemType>1</ItemType>
      <ItemName>בורגול עבה 1 קג` שוקחה</ItemName>
      <ManufactureName>בני ג`ורג` שוקחה (חיפה) בעמ</ManufactureName>
      <ManufactureCountry />
      <ManufactureItemDescription />
      <UnitQty>יח`</UnitQty>
      <Quantity>1000</Quantity>
      <UnitMeasure>גרם</UnitMeasure>
      <BisWeighted>0</BisWeighted>
      <QtyInPackage>1</QtyInPackage>
      <ItemPrice>5.90</ItemPrice>
      <UnitOfMeasurePrice>0.59</UnitOfMeasurePrice>
      <AllowDiscount>0</AllowDiscount>
      <itemStatus>1</itemStatus>
      <LastUpdateDate />
      <LastUpdateTime />
    </Product>
    <Product>
      <PriceUpdateDate>2018/07/12 08:19</PriceUpdateDate>
      <ItemCode>7290006439550</ItemCode>
      <ItemType>1</ItemType>
      <ItemName>בורגול דק 1 קג` שוקחה</ItemName>
      <ManufactureName>בני ג`ורג` שוקחה (חיפה) בעמ</ManufactureName>
      <ManufactureCountry />
      <ManufactureItemDescription />
      <UnitQty>יח`</UnitQty>
      <Quantity>1000</Quantity>
      <UnitMeasure>גרם</UnitMeasure>
      <BisWeighted>0</BisWeighted>
      <QtyInPackage>1</QtyInPackage>
      <ItemPrice>5.90</ItemPrice>
      <UnitOfMeasurePrice>0.59</UnitOfMeasurePrice>
      <AllowDiscount>0</AllowDiscount>
      <itemStatus>1</itemStatus>
      <LastUpdateDate />
      <LastUpdateTime />
    </Product>
    <Product>
      <PriceUpdateDate>2018/11/04 11:42</PriceUpdateDate>
      <ItemCode>7290006439574</ItemCode>
      <ItemType>1</ItemType>
      <ItemName>בורגול גס 1 קג` שוקחה</ItemName>
      <ManufactureName>בני ג`ורג` שוקחה (חיפה) בעמ</ManufactureName>
      <ManufactureCountry />
      <ManufactureItemDescription />
      <UnitQty>יח`</UnitQty>
      <Quantity>1000</Quantity>
      <UnitMeasure>גרם</UnitMeasure>
      <BisWeighted>0</BisWeighted>
      <QtyInPackage>1</QtyInPackage>
      <ItemPrice>5.90</ItemPrice>
      <UnitOfMeasurePrice>0.59</UnitOfMeasurePrice>
      <AllowDiscount>0</AllowDiscount>
      <itemStatus>1</itemStatus>
      <LastUpdateDate />
      <LastUpdateTime />
    </Product>
    <Product>
      <PriceUpdateDate>2018/07/19 15:14</PriceUpdateDate>
      <ItemCode>7290006439680</ItemCode>
      <ItemType>1</ItemType>
      <ItemName>גריסים 1 קג` שוקחה</ItemName>
      <ManufactureName>בני ג`ורג` שוקחה (חיפה) בעמ</ManufactureName>
      <ManufactureCountry />
      <ManufactureItemDescription />
      <UnitQty>יח`</UnitQty>
      <Quantity>1000</Quantity>
      <UnitMeasure>גרם</UnitMeasure>
      <BisWeighted>0</BisWeighted>
      <QtyInPackage>1</QtyInPackage>
      <ItemPrice>5.90</ItemPrice>
      <UnitOfMeasurePrice>0.59</UnitOfMeasurePrice>
      <AllowDiscount>0</AllowDiscount>
      <itemStatus>1</itemStatus>
      <LastUpdateDate />
      <LastUpdateTime />
    </Product>
    <Product>
      <PriceUpdateDate>2018/11/04 11:41</PriceUpdateDate>
      <ItemCode>7290006439703</ItemCode>
      <ItemType>1</ItemType>
      <ItemName>אפונה חצאים 1 קג שוקחה</ItemName>
      <ManufactureName>בני ג`ורג` שוקחה (חיפה) בעמ</ManufactureName>
      <ManufactureCountry />
      <ManufactureItemDescription />
      <UnitQty>יח`</UnitQty>
      <Quantity>1000</Quantity>
      <UnitMeasure>גרם</UnitMeasure>
      <BisWeighted>0</BisWeighted>
      <QtyInPackage>1</QtyInPackage>
      <ItemPrice>8.90</ItemPrice>
      <UnitOfMeasurePrice>0.89</UnitOfMeasurePrice>
      <AllowDiscount>0</AllowDiscount>
      <itemStatus>1</itemStatus>
      <LastUpdateDate />
      <LastUpdateTime />
    </Product>
    <Product>
      <PriceUpdateDate>2018/11/04 11:41</PriceUpdateDate>
      <ItemCode>7290006439710</ItemCode>
      <ItemType>1</ItemType>
      <ItemName>שעועית אדומה 1 קג שוקחה</ItemName>
      <ManufactureName>בני ג`ורג` שוקחה (חיפה) בעמ</ManufactureName>
      <ManufactureCountry />
      <ManufactureItemDescription />
      <UnitQty>יח`</UnitQty>
      <Quantity>1000</Quantity>
      <UnitMeasure>גרם</UnitMeasure>
      <BisWeighted>0</BisWeighted>
      <QtyInPackage>1</QtyInPackage>
      <ItemPrice>15.90</ItemPrice>
      <UnitOfMeasurePrice>1.59</UnitOfMeasurePrice>
      <AllowDiscount>0</AllowDiscount>
      <itemStatus>1</itemStatus>
      <LastUpdateDate />
      <LastUpdateTime />
    </Product>
    <Product>
      <PriceUpdateDate>2019/06/10 13:31</PriceUpdateDate>
      <ItemCode>7290006459329</ItemCode>
      <ItemType>1</ItemType>
      <ItemName>גרנולה קשיו ללא סוכר 400  גר`תמר</ItemName>
      <ManufactureName>ציון תורג`מן בעמ</ManufactureName>
      <ManufactureCountry />
      <ManufactureItemDescription />
      <UnitQty>יח`</UnitQty>
      <Quantity>400</Quantity>
      <UnitMeasure>גרם</UnitMeasure>
      <BisWeighted>0</BisWeighted>
      <QtyInPackage>1</QtyInPackage>
      <ItemPrice>14.90</ItemPrice>
      <UnitOfMeasurePrice>3.73</UnitOfMeasurePrice>
      <AllowDiscount>0</AllowDiscount>
      <itemStatus>1</itemStatus>
      <LastUpdateDate />
      <LastUpdateTime />
    </Product>
    <Product>
      <PriceUpdateDate>2020/04/22 06:51</PriceUpdateDate>
      <ItemCode>7290006459947</ItemCode>
      <ItemType>1</ItemType>
      <ItemName>פחם גריל</ItemName>
      <ManufactureName>ציון תורג`מן בעמ</ManufactureName>
      <ManufactureCountry />
      <ManufactureItemDescription />
      <UnitQty>יח`</UnitQty>
      <Quantity>2</Quantity>
      <UnitMeasure>ק"ג</UnitMeasure>
      <BisWeighted>0</BisWeighted>
      <QtyInPackage>1</QtyInPackage>
      <ItemPrice>19.90</ItemPrice>
      <UnitOfMeasurePrice>9.95</UnitOfMeasurePrice>
      <AllowDiscount>0</AllowDiscount>
      <itemStatus>1</itemStatus>
      <LastUpdateDate />
      <LastUpdateTime />
    </Product>
    <Product>
      <PriceUpdateDate>2015/03/02 08:57</PriceUpdateDate>
      <ItemCode>7290006492432</ItemCode>
      <ItemType>1</ItemType>
      <ItemName>גבינה מוצרלה בייבי 18% גד (150 גרם)</ItemName>
      <ManufactureName>מחלבות גד שיווק 1992 בעמ</ManufactureName>
      <ManufactureCountry />
      <ManufactureItemDescription />
      <UnitQty>יח`</UnitQty>
      <Quantity>170</Quantity>
      <UnitMeasure>גרם</UnitMeasure>
      <BisWeighted>0</BisWeighted>
      <QtyInPackage>1</QtyInPackage>
      <ItemPrice>14.90</ItemPrice>
      <UnitOfMeasurePrice>8.76</UnitOfMeasurePrice>
      <AllowDiscount>0</AllowDiscount>
      <itemStatus>1</itemStatus>
      <LastUpdateDate />
      <LastUpdateTime />
    </Product>
    <Product>
      <PriceUpdateDate>2018/10/10 11:10</PriceUpdateDate>
      <ItemCode>7290006492616</ItemCode>
      <ItemType>1</ItemType>
      <ItemName>בולגרית פרוסות 5% -250גד</ItemName>
      <ManufactureName>מחלבות גד שיווק 1992 בעמ</ManufactureName>
      <ManufactureCountry />
      <ManufactureItemDescription />
      <UnitQty>יח`</UnitQty>
      <Quantity>250</Quantity>
      <UnitMeasure>גרם</UnitMeasure>
      <BisWeighted>0</BisWeighted>
      <QtyInPackage>1</QtyInPackage>
      <ItemPrice>25.90</ItemPrice>
      <UnitOfMeasurePrice>10.36</UnitOfMeasurePrice>
      <AllowDiscount>0</AllowDiscount>
      <itemStatus>1</itemStatus>
      <LastUpdateDate />
      <LastUpdateTime />
    </Product>
    <Product>
      <PriceUpdateDate>2018/10/10 11:10</PriceUpdateDate>
      <ItemCode>7290006492630</ItemCode>
      <ItemType>1</ItemType>
      <ItemName>גבינה עיזים גדעז 20% גד (180 גרם)</ItemName>
      <ManufactureName>מחלבות גד שיווק 1992 בעמ</ManufactureName>
      <ManufactureCountry />
      <ManufactureItemDescription />
      <UnitQty>יח`</UnitQty>
      <Quantity>180</Quantity>
      <UnitMeasure>גרם</UnitMeasure>
      <BisWeighted>0</BisWeighted>
      <QtyInPackage>1</QtyInPackage>
      <ItemPrice>22.90</ItemPrice>
      <UnitOfMeasurePrice>12.72</UnitOfMeasurePrice>
      <AllowDiscount>0</AllowDiscount>
      <itemStatus>1</itemStatus>
      <LastUpdateDate />
      <LastUpdateTime />
    </Product>
    <Product>
      <PriceUpdateDate>2015/01/13 08:39</PriceUpdateDate>
      <ItemCode>7290006492685</ItemCode>
      <ItemType>1</ItemType>
      <ItemName>גבינת לאבנה עיזים 5% גד (250 גרם)</ItemName>
      <ManufactureName>מחלבות גד שיווק 1992 בעמ</ManufactureName>
      <ManufactureCountry />
      <ManufactureItemDescription />
      <UnitQty>יח`</UnitQty>
      <Quantity>250</Quantity>
      <UnitMeasure>גרם</UnitMeasure>
      <BisWeighted>0</BisWeighted>
      <QtyInPackage>1</QtyInPackage>
      <ItemPrice>16.90</ItemPrice>
      <UnitOfMeasurePrice>6.76</UnitOfMeasurePrice>
      <AllowDiscount>0</AllowDiscount>
      <itemStatus>1</itemStatus>
      <LastUpdateDate />
      <LastUpdateTime />
    </Product>
    <Product>
      <PriceUpdateDate>2018/10/10 11:10</PriceUpdateDate>
      <ItemCode>7290006492852</ItemCode>
      <ItemType>1</ItemType>
      <ItemName>גבינה לבנה עיזים 5% גד (250 גרם)</ItemName>
      <ManufactureName>מחלבות גד שיווק 1992 בעמ</ManufactureName>
      <ManufactureCountry />
      <ManufactureItemDescription />
      <UnitQty>יח`</UnitQty>
      <Quantity>250</Quantity>
      <UnitMeasure>גרם</UnitMeasure>
      <BisWeighted>0</BisWeighted>
      <QtyInPackage>1</QtyInPackage>
      <ItemPrice>16.90</ItemPrice>
      <UnitOfMeasurePrice>6.76</UnitOfMeasurePrice>
      <AllowDiscount>0</AllowDiscount>
      <itemStatus>1</itemStatus>
      <LastUpdateDate />
      <LastUpdateTime />
    </Product>
    <Product>
      <PriceUpdateDate>2015/12/01 15:22</PriceUpdateDate>
      <ItemCode>7290006494917</ItemCode>
      <ItemType>1</ItemType>
      <ItemName>מרמולייט וופל</ItemName>
      <ManufactureName>דנשר (1963) בעמ</ManufactureName>
      <ManufactureCountry />
      <ManufactureItemDescription />
      <UnitQty>יח`</UnitQty>
      <Quantity>180</Quantity>
      <UnitMeasure>גרם</UnitMeasure>
      <BisWeighted>0</BisWeighted>
      <QtyInPackage>1</QtyInPackage>
      <ItemPrice>11.90</ItemPrice>
      <UnitOfMeasurePrice>6.61</UnitOfMeasurePrice>
      <AllowDiscount>0</AllowDiscount>
      <itemStatus>1</itemStatus>
      <LastUpdateDate />
      <LastUpdateTime />
    </Product>
    <Product>
      <PriceUpdateDate>2016/02/14 12:27</PriceUpdateDate>
      <ItemCode>7290006494924</ItemCode>
      <ItemType>1</ItemType>
      <ItemName>טוסו וופל קלאסי במילוי קרם בטעם לימון 20</ItemName>
      <ManufactureName>דנשר (1963) בעמ</ManufactureName>
      <ManufactureCountry />
      <ManufactureItemDescription />
      <UnitQty>יח`</UnitQty>
      <Quantity>200</Quantity>
      <UnitMeasure>גרם</UnitMeasure>
      <BisWeighted>0</BisWeighted>
      <QtyInPackage>1</QtyInPackage>
      <ItemPrice>11.90</ItemPrice>
      <UnitOfMeasurePrice>5.95</UnitOfMeasurePrice>
      <AllowDiscount>0</AllowDiscount>
      <itemStatus>1</itemStatus>
      <LastUpdateDate />
      <LastUpdateTime />
    </Product>
    <Product>
      <PriceUpdateDate>2017/09/17 08:52</PriceUpdateDate>
      <ItemCode>7290006511157</ItemCode>
      <ItemType>1</ItemType>
      <ItemName>פטריות שמפניון שלמות וילי פוד (400 גרם)</ItemName>
      <ManufactureName>ג.וילי-פוד אינטרנשיונל בעמ</ManufactureName>
      <ManufactureCountry />
      <ManufactureItemDescription />
      <UnitQty>יח`</UnitQty>
      <Quantity>400</Quantity>
      <UnitMeasure>גרם</UnitMeasure>
      <BisWeighted>0</BisWeighted>
      <QtyInPackage>1</QtyInPackage>
      <ItemPrice>7.90</ItemPrice>
      <UnitOfMeasurePrice>1.98</UnitOfMeasurePrice>
      <AllowDiscount>0</AllowDiscount>
      <itemStatus>1</itemStatus>
      <LastUpdateDate />
      <LastUpdateTime />
    </Product>
    <Product>
      <PriceUpdateDate>2018/11/04 11:43</PriceUpdateDate>
      <ItemCode>7290006511751</ItemCode>
      <ItemType>1</ItemType>
      <ItemName>שלישית פטריות חתוכות</ItemName>
      <ManufactureName>ג.וילי-פוד אינטרנשיונל בעמ</ManufactureName>
      <ManufactureCountry />
      <ManufactureItemDescription />
      <UnitQty>יח`</UnitQty>
      <Quantity>870</Quantity>
      <UnitMeasure>גרם</UnitMeasure>
      <BisWeighted>0</BisWeighted>
      <QtyInPackage>1</QtyInPackage>
      <ItemPrice>9.90</ItemPrice>
      <UnitOfMeasurePrice>1.14</UnitOfMeasurePrice>
      <AllowDiscount>0</AllowDiscount>
      <itemStatus>1</itemStatus>
      <LastUpdateDate />
      <LastUpdateTime />
    </Product>
    <Product>
      <PriceUpdateDate>2019/05/02 16:30</PriceUpdateDate>
      <ItemCode>7290006546319</ItemCode>
      <ItemType>1</ItemType>
      <ItemName>סטייק צ`פיס 1.5 קג פרי גליל</ItemName>
      <ManufactureName>ויטה -פרי גליל (החדשה) בעמ</ManufactureName>
      <ManufactureCountry />
      <ManufactureItemDescription />
      <UnitQty>יח`</UnitQty>
      <Quantity>1500</Quantity>
      <UnitMeasure>גרם</UnitMeasure>
      <BisWeighted>0</BisWeighted>
      <QtyInPackage>1</QtyInPackage>
      <ItemPrice>14.90</ItemPrice>
      <UnitOfMeasurePrice>0.99</UnitOfMeasurePrice>
      <AllowDiscount>0</AllowDiscount>
      <itemStatus>1</itemStatus>
      <LastUpdateDate />
      <LastUpdateTime />
    </Product>
    <Product>
      <PriceUpdateDate>2020/03/09 12:11</PriceUpdateDate>
      <ItemCode>7290006546388</ItemCode>
      <ItemType>1</ItemType>
      <ItemName>תחתיות ארטישוק 400 גרם פרי גליל</ItemName>
      <ManufactureName>ויטה -פרי גליל (החדשה) בעמ</ManufactureName>
      <ManufactureCountry />
      <ManufactureItemDescription />
      <UnitQty>יח`</UnitQty>
      <Quantity>400</Quantity>
      <UnitMeasure>גרם</UnitMeasure>
      <BisWeighted>0</BisWeighted>
      <QtyInPackage>1</QtyInPackage>
      <ItemPrice>10.90</ItemPrice>
      <UnitOfMeasurePrice>2.73</UnitOfMeasurePrice>
      <AllowDiscount>0</AllowDiscount>
      <itemStatus>1</itemStatus>
      <LastUpdateDate />
      <LastUpdateTime />
    </Product>
    <Product>
      <PriceUpdateDate>2020/01/19 12:14</PriceUpdateDate>
      <ItemCode>7290006546395</ItemCode>
      <ItemType>1</ItemType>
      <ItemName>לקט העונה קפוא 800 גר` פרי גליל</ItemName>
      <ManufactureName>ויטה -פרי גליל (החדשה) בעמ</ManufactureName>
      <ManufactureCountry />
      <ManufactureItemDescription />
      <UnitQty>יח`</UnitQty>
      <Quantity>800</Quantity>
      <UnitMeasure>גרם</UnitMeasure>
      <BisWeighted>0</BisWeighted>
      <QtyInPackage>1</QtyInPackage>
      <ItemPrice>10.50</ItemPrice>
      <UnitOfMeasurePrice>1.31</UnitOfMeasurePrice>
      <AllowDiscount>1</AllowDiscount>
      <itemStatus>1</itemStatus>
      <LastUpdateDate />
      <LastUpdateTime />
    </Product>
    <Product>
      <PriceUpdateDate>2019/08/01 11:14</PriceUpdateDate>
      <ItemCode>7290006550972</ItemCode>
      <ItemType>1</ItemType>
      <ItemName>בשר בקר קפוא טחון מהדרין עטרה (1 קג)</ItemName>
      <ManufactureName>נטו מלינדה סחר - עטרה</ManufactureName>
      <ManufactureCountry />
      <ManufactureItemDescription />
      <UnitQty>יח`</UnitQty>
      <Quantity>1</Quantity>
      <UnitMeasure>ק"ג</UnitMeasure>
      <BisWeighted>0</BisWeighted>
      <QtyInPackage>1</QtyInPackage>
      <ItemPrice>42.90</ItemPrice>
      <UnitOfMeasurePrice>42.90</UnitOfMeasurePrice>
      <AllowDiscount>1</AllowDiscount>
      <itemStatus>1</itemStatus>
      <LastUpdateDate />
      <LastUpdateTime />
    </Product>
    <Product>
      <PriceUpdateDate>2017/05/04 11:34</PriceUpdateDate>
      <ItemCode>7290006618078</ItemCode>
      <ItemType>1</ItemType>
      <ItemName>אסטוניש מרסס צהוב למטבח</ItemName>
      <ManufactureName>יעקב יעקבי ובניו בעמ</ManufactureName>
      <ManufactureCountry />
      <ManufactureItemDescription />
      <UnitQty>יח`</UnitQty>
      <Quantity>750</Quantity>
      <UnitMeasure>מ"ל</UnitMeasure>
      <BisWeighted>0</BisWeighted>
      <QtyInPackage>1</QtyInPackage>
      <ItemPrice>11.90</ItemPrice>
      <UnitOfMeasurePrice>1.59</UnitOfMeasurePrice>
      <AllowDiscount>0</AllowDiscount>
      <itemStatus>1</itemStatus>
      <LastUpdateDate />
      <LastUpdateTime />
    </Product>
    <Product>
      <PriceUpdateDate>2015/11/30 12:58</PriceUpdateDate>
      <ItemCode>7290006618146</ItemCode>
      <ItemType>1</ItemType>
      <ItemName>הפי בקבוק מדליק פחמים</ItemName>
      <ManufactureName>יעקב יעקבי ובניו בעמ</ManufactureName>
      <ManufactureCountry />
      <ManufactureItemDescription />
      <UnitQty>יח`</UnitQty>
      <Quantity>1</Quantity>
      <UnitMeasure />
      <BisWeighted>0</BisWeighted>
      <QtyInPackage>1</QtyInPackage>
      <ItemPrice>16.90</ItemPrice>
      <UnitOfMeasurePrice>16.90</UnitOfMeasurePrice>
      <AllowDiscount>0</AllowDiscount>
      <itemStatus>1</itemStatus>
      <LastUpdateDate />
      <LastUpdateTime />
    </Product>
    <Product>
      <PriceUpdateDate>2013/10/27 11:57</PriceUpdateDate>
      <ItemCode>7290006644589</ItemCode>
      <ItemType>1</ItemType>
      <ItemName>משקה קל דיאט אשכוליות קריסטל (2 ליטר)</ItemName>
      <ManufactureName>יפאורה</ManufactureName>
      <ManufactureCountry />
      <ManufactureItemDescription />
      <UnitQty>יח`</UnitQty>
      <Quantity>2</Quantity>
      <UnitMeasure>1 ליטר</UnitMeasure>
      <BisWeighted>0</BisWeighted>
      <QtyInPackage>1</QtyInPackage>
      <ItemPrice>3.80</ItemPrice>
      <UnitOfMeasurePrice>1.90</UnitOfMeasurePrice>
      <AllowDiscount>0</AllowDiscount>
      <itemStatus>1</itemStatus>
      <LastUpdateDate />
      <LastUpdateTime />
    </Product>
    <Product>
      <PriceUpdateDate>2013/10/27 11:57</PriceUpdateDate>
      <ItemCode>7290006644596</ItemCode>
      <ItemType>1</ItemType>
      <ItemName>משקה אקזוטי קריסטל (2 ליטר)</ItemName>
      <ManufactureName>יפאורה</ManufactureName>
      <ManufactureCountry />
      <ManufactureItemDescription />
      <UnitQty>יח`</UnitQty>
      <Quantity>2</Quantity>
      <UnitMeasure>1 ליטר</UnitMeasure>
      <BisWeighted>0</BisWeighted>
      <QtyInPackage>1</QtyInPackage>
      <ItemPrice>3.80</ItemPrice>
      <UnitOfMeasurePrice>1.90</UnitOfMeasurePrice>
      <AllowDiscount>0</AllowDiscount>
      <itemStatus>1</itemStatus>
      <LastUpdateDate />
      <LastUpdateTime />
    </Product>
    <Product>
      <PriceUpdateDate>2019/01/15 08:38</PriceUpdateDate>
      <ItemCode>7290006644626</ItemCode>
      <ItemType>1</ItemType>
      <ItemName>משקה קל פירות טרופים ספרינג (1.5 ליטר)</ItemName>
      <ManufactureName>יפאורה</ManufactureName>
      <ManufactureCountry />
      <ManufactureItemDescription />
      <UnitQty>יח`</UnitQty>
      <Quantity>1500</Quantity>
      <UnitMeasure>מ"ל</UnitMeasure>
      <BisWeighted>0</BisWeighted>
      <QtyInPackage>1</QtyInPackage>
      <ItemPrice>6.40</ItemPrice>
      <UnitOfMeasurePrice>0.43</UnitOfMeasurePrice>
      <AllowDiscount>1</AllowDiscount>
      <itemStatus>1</itemStatus>
      <LastUpdateDate />
      <LastUpdateTime />
    </Product>
    <Product>
      <PriceUpdateDate>2015/12/01 16:31</PriceUpdateDate>
      <ItemCode>7290006644732</ItemCode>
      <ItemType>1</ItemType>
      <ItemName>נקטר פירות טרופיים ספרינג (1 ליטר)</ItemName>
      <ManufactureName>יפאורה</ManufactureName>
      <ManufactureCountry />
      <ManufactureItemDescription />
      <UnitQty>יח`</UnitQty>
      <Quantity>1000</Quantity>
      <UnitMeasure>מ"ל</UnitMeasure>
      <BisWeighted>0</BisWeighted>
      <QtyInPackage>1</QtyInPackage>
      <ItemPrice>5.50</ItemPrice>
      <UnitOfMeasurePrice>0.55</UnitOfMeasurePrice>
      <AllowDiscount>1</AllowDiscount>
      <itemStatus>1</itemStatus>
      <LastUpdateDate />
      <LastUpdateTime />
    </Product>
    <Product>
      <PriceUpdateDate>2013/10/28 09:53</PriceUpdateDate>
      <ItemCode>7290006644817</ItemCode>
      <ItemType>1</ItemType>
      <ItemName>מי סודה שוופס (1.5x4 ליטר)</ItemName>
      <ManufactureName>יפאורה</ManufactureName>
      <ManufactureCountry />
      <ManufactureItemDescription />
      <UnitQty>יח`</UnitQty>
      <Quantity>6</Quantity>
      <UnitMeasure>1 ליטר</UnitMeasure>
      <BisWeighted>0</BisWeighted>
      <QtyInPackage>1</QtyInPackage>
      <ItemPrice>11</ItemPrice>
      <UnitOfMeasurePrice>1.83</UnitOfMeasurePrice>
      <AllowDiscount>0</AllowDiscount>
      <itemStatus>1</itemStatus>
      <LastUpdateDate />
      <LastUpdateTime />
    </Product>
    <Product>
      <PriceUpdateDate>2015/12/01 16:31</PriceUpdateDate>
      <ItemCode>7290006644848</ItemCode>
      <ItemType>1</ItemType>
      <ItemName>נקטר דיאט תפוחים ספרינג (1 ליטר)</ItemName>
      <ManufactureName>יפאורה</ManufactureName>
      <ManufactureCountry />
      <ManufactureItemDescription />
      <UnitQty>יח`</UnitQty>
      <Quantity>1000</Quantity>
      <UnitMeasure>מ"ל</UnitMeasure>
      <BisWeighted>0</BisWeighted>
      <QtyInPackage>1</QtyInPackage>
      <ItemPrice>5.50</ItemPrice>
      <UnitOfMeasurePrice>0.55</UnitOfMeasurePrice>
      <AllowDiscount>1</AllowDiscount>
      <itemStatus>1</itemStatus>
      <LastUpdateDate />
      <LastUpdateTime />
    </Product>
    <Product>
      <PriceUpdateDate>2015/04/30 10:16</PriceUpdateDate>
      <ItemCode>7290006651570</ItemCode>
      <ItemType>1</ItemType>
      <ItemName>קמיל בלו שמפו דר. פישר (750 מל)</ItemName>
      <ManufactureName>פישר תעשיות פרמצבטיות בעמ</ManufactureName>
      <ManufactureCountry />
      <ManufactureItemDescription />
      <UnitQty>יח`</UnitQty>
      <Quantity>1.50</Quantity>
      <UnitMeasure>1 ליטר</UnitMeasure>
      <BisWeighted>0</BisWeighted>
      <QtyInPackage>1</QtyInPackage>
      <ItemPrice>17.90</ItemPrice>
      <UnitOfMeasurePrice>11.93</UnitOfMeasurePrice>
      <AllowDiscount>0</AllowDiscount>
      <itemStatus>1</itemStatus>
      <LastUpdateDate />
      <LastUpdateTime />
    </Product>
    <Product>
      <PriceUpdateDate>2014/04/28 13:13</PriceUpdateDate>
      <ItemCode>7290006652027</ItemCode>
      <ItemType>1</ItemType>
      <ItemName>במבה אסם (15x20 גרם)</ItemName>
      <ManufactureName>קבוצת אסם סחר שות. מוגבלת</ManufactureName>
      <ManufactureCountry />
      <ManufactureItemDescription />
      <UnitQty>יח`</UnitQty>
      <Quantity>300</Quantity>
      <UnitMeasure>גרם</UnitMeasure>
      <BisWeighted>0</BisWeighted>
      <QtyInPackage>1</QtyInPackage>
      <ItemPrice>23.90</ItemPrice>
      <UnitOfMeasurePrice>7.97</UnitOfMeasurePrice>
      <AllowDiscount>0</AllowDiscount>
      <itemStatus>1</itemStatus>
      <LastUpdateDate />
      <LastUpdateTime />
    </Product>
    <Product>
      <PriceUpdateDate>2018/02/07 15:24</PriceUpdateDate>
      <ItemCode>7290006653819</ItemCode>
      <ItemType>1</ItemType>
      <ItemName>קוסקוס דק אסם (350 גרם)</ItemName>
      <ManufactureName>קבוצת אסם סחר שות. מוגבלת</ManufactureName>
      <ManufactureCountry />
      <ManufactureItemDescription />
      <UnitQty>יח`</UnitQty>
      <Quantity>350</Quantity>
      <UnitMeasure>גרם</UnitMeasure>
      <BisWeighted>0</BisWeighted>
      <QtyInPackage>1</QtyInPackage>
      <ItemPrice>8.90</ItemPrice>
      <UnitOfMeasurePrice>2.54</UnitOfMeasurePrice>
      <AllowDiscount>0</AllowDiscount>
      <itemStatus>1</itemStatus>
      <LastUpdateDate />
      <LastUpdateTime />
    </Product>
    <Product>
      <PriceUpdateDate>2015/04/12 11:41</PriceUpdateDate>
      <ItemCode>7290006664037</ItemCode>
      <ItemType>1</ItemType>
      <ItemName>גמדים רביעייה דגנים</ItemName>
      <ManufactureName>שטראוס גרופ בעמ/מצונן</ManufactureName>
      <ManufactureCountry />
      <ManufactureItemDescription />
      <UnitQty>יח`</UnitQty>
      <Quantity>400</Quantity>
      <UnitMeasure>מ"ל</UnitMeasure>
      <BisWeighted>0</BisWeighted>
      <QtyInPackage>1</QtyInPackage>
      <ItemPrice>11.40</ItemPrice>
      <UnitOfMeasurePrice>2.85</UnitOfMeasurePrice>
      <AllowDiscount>0</AllowDiscount>
      <itemStatus>1</itemStatus>
      <LastUpdateDate />
      <LastUpdateTime />
    </Product>
    <Product>
      <PriceUpdateDate>2019/09/04 09:41</PriceUpdateDate>
      <ItemCode>7290006664051</ItemCode>
      <ItemType>1</ItemType>
      <ItemName>אקטימל 1.8% דנונה (100x14 מל)</ItemName>
      <ManufactureName>שטראוס גרופ בעמ/מצונן</ManufactureName>
      <ManufactureCountry />
      <ManufactureItemDescription />
      <UnitQty>יח`</UnitQty>
      <Quantity>1.40</Quantity>
      <UnitMeasure>1 ליטר</UnitMeasure>
      <BisWeighted>0</BisWeighted>
      <QtyInPackage>1</QtyInPackage>
      <ItemPrice>29.90</ItemPrice>
      <UnitOfMeasurePrice>21.36</UnitOfMeasurePrice>
      <AllowDiscount>0</AllowDiscount>
      <itemStatus>1</itemStatus>
      <LastUpdateDate />
      <LastUpdateTime />
    </Product>
    <Product>
      <PriceUpdateDate>2019/06/17 12:25</PriceUpdateDate>
      <ItemCode>7290006664402</ItemCode>
      <ItemType>1</ItemType>
      <ItemName>קרם גבינה 5% סקי (750 גרם)</ItemName>
      <ManufactureName>שטראוס גרופ בעמ/מצונן</ManufactureName>
      <ManufactureCountry />
      <ManufactureItemDescription />
      <UnitQty>יח`</UnitQty>
      <Quantity>750</Quantity>
      <UnitMeasure>גרם</UnitMeasure>
      <BisWeighted>0</BisWeighted>
      <QtyInPackage>1</QtyInPackage>
      <ItemPrice>14.25</ItemPrice>
      <UnitOfMeasurePrice>1.90</UnitOfMeasurePrice>
      <AllowDiscount>0</AllowDiscount>
      <itemStatus>1</itemStatus>
      <LastUpdateDate />
      <LastUpdateTime />
    </Product>
    <Product>
      <PriceUpdateDate>2016/04/20 10:52</PriceUpdateDate>
      <ItemCode>7290006664532</ItemCode>
      <ItemType>1</ItemType>
      <ItemName>יוגורט ביו 3% תות דנונה (150 גרם)</ItemName>
      <ManufactureName>שטראוס גרופ בעמ/מצונן</ManufactureName>
      <ManufactureCountry />
      <ManufactureItemDescription />
      <UnitQty>יח`</UnitQty>
      <Quantity>150</Quantity>
      <UnitMeasure>מ"ל</UnitMeasure>
      <BisWeighted>0</BisWeighted>
      <QtyInPackage>1</QtyInPackage>
      <ItemPrice>3.70</ItemPrice>
      <UnitOfMeasurePrice>2.47</UnitOfMeasurePrice>
      <AllowDiscount>1</AllowDiscount>
      <itemStatus>1</itemStatus>
      <LastUpdateDate />
      <LastUpdateTime />
    </Product>
    <Product>
      <PriceUpdateDate>2019/09/04 09:41</PriceUpdateDate>
      <ItemCode>7290006664655</ItemCode>
      <ItemType>1</ItemType>
      <ItemName>אקטימל דנונה (100x8 מל)</ItemName>
      <ManufactureName>שטראוס גרופ בעמ/מצונן</ManufactureName>
      <ManufactureCountry />
      <ManufactureItemDescription />
      <UnitQty>יח`</UnitQty>
      <Quantity>800</Quantity>
      <UnitMeasure>מ"ל</UnitMeasure>
      <BisWeighted>0</BisWeighted>
      <QtyInPackage>1</QtyInPackage>
      <ItemPrice>19.90</ItemPrice>
      <UnitOfMeasurePrice>2.49</UnitOfMeasurePrice>
      <AllowDiscount>0</AllowDiscount>
      <itemStatus>1</itemStatus>
      <LastUpdateDate />
      <LastUpdateTime />
    </Product>
    <Product>
      <PriceUpdateDate>2016/04/20 10:52</PriceUpdateDate>
      <ItemCode>7290006664693</ItemCode>
      <ItemType>1</ItemType>
      <ItemName>יוגורט ביו 3% אפרסק דנונה (150 גרם)</ItemName>
      <ManufactureName>שטראוס גרופ בעמ/מצונן</ManufactureName>
      <ManufactureCountry />
      <ManufactureItemDescription />
      <UnitQty>יח`</UnitQty>
      <Quantity>150</Quantity>
      <UnitMeasure>מ"ל</UnitMeasure>
      <BisWeighted>0</BisWeighted>
      <QtyInPackage>1</QtyInPackage>
      <ItemPrice>3.70</ItemPrice>
      <UnitOfMeasurePrice>2.47</UnitOfMeasurePrice>
      <AllowDiscount>1</AllowDiscount>
      <itemStatus>1</itemStatus>
      <LastUpdateDate />
      <LastUpdateTime />
    </Product>
    <Product>
      <PriceUpdateDate>2015/05/31 10:48</PriceUpdateDate>
      <ItemCode>7290006664990</ItemCode>
      <ItemType>1</ItemType>
      <ItemName>יוגורט ביו 1.7% דנונה (150x8 גרם)</ItemName>
      <ManufactureName>שטראוס גרופ בעמ/מצונן</ManufactureName>
      <ManufactureCountry />
      <ManufactureItemDescription />
      <UnitQty>יח`</UnitQty>
      <Quantity>1.20</Quantity>
      <UnitMeasure>1 ליטר</UnitMeasure>
      <BisWeighted>0</BisWeighted>
      <QtyInPackage>1</QtyInPackage>
      <ItemPrice>16.80</ItemPrice>
      <UnitOfMeasurePrice>14</UnitOfMeasurePrice>
      <AllowDiscount>0</AllowDiscount>
      <itemStatus>1</itemStatus>
      <LastUpdateDate />
      <LastUpdateTime />
    </Product>
    <Product>
      <PriceUpdateDate>2015/07/05 15:28</PriceUpdateDate>
      <ItemCode>7290006681003</ItemCode>
      <ItemType>1</ItemType>
      <ItemName>שטראוס קרמיסימו תות לימון</ItemName>
      <ManufactureName>גלידות שטראוס בעמ</ManufactureName>
      <ManufactureCountry />
      <ManufactureItemDescription />
      <UnitQty>יח`</UnitQty>
      <Quantity>1.33</Quantity>
      <UnitMeasure>1 ליטר</UnitMeasure>
      <BisWeighted>0</BisWeighted>
      <QtyInPackage>1</QtyInPackage>
      <ItemPrice>18.90</ItemPrice>
      <UnitOfMeasurePrice>14.21</UnitOfMeasurePrice>
      <AllowDiscount>1</AllowDiscount>
      <itemStatus>1</itemStatus>
      <LastUpdateDate />
      <LastUpdateTime />
    </Product>
    <Product>
      <PriceUpdateDate>2015/05/27 14:17</PriceUpdateDate>
      <ItemCode>7290006681577</ItemCode>
      <ItemType>1</ItemType>
      <ItemName>מאגדת אסקימו 10 יח</ItemName>
      <ManufactureName>גלידות שטראוס בעמ</ManufactureName>
      <ManufactureCountry />
      <ManufactureItemDescription />
      <UnitQty>יח`</UnitQty>
      <Quantity>10</Quantity>
      <UnitMeasure>יח`</UnitMeasure>
      <BisWeighted>0</BisWeighted>
      <QtyInPackage>1</QtyInPackage>
      <ItemPrice>16.90</ItemPrice>
      <UnitOfMeasurePrice>1.69</UnitOfMeasurePrice>
      <AllowDiscount>0</AllowDiscount>
      <itemStatus>1</itemStatus>
      <LastUpdateDate />
      <LastUpdateTime />
    </Product>
    <Product>
      <PriceUpdateDate>2015/05/27 14:17</PriceUpdateDate>
      <ItemCode>7290006681843</ItemCode>
      <ItemType>1</ItemType>
      <ItemName>מאגדת-לייט מיני פרי</ItemName>
      <ManufactureName>גלידות שטראוס בעמ</ManufactureName>
      <ManufactureCountry />
      <ManufactureItemDescription />
      <UnitQty>יח`</UnitQty>
      <Quantity>900</Quantity>
      <UnitMeasure>מ"ל</UnitMeasure>
      <BisWeighted>0</BisWeighted>
      <QtyInPackage>1</QtyInPackage>
      <ItemPrice>24.90</ItemPrice>
      <UnitOfMeasurePrice>2.77</UnitOfMeasurePrice>
      <AllowDiscount>1</AllowDiscount>
      <itemStatus>1</itemStatus>
      <LastUpdateDate />
      <LastUpdateTime />
    </Product>
    <Product>
      <PriceUpdateDate>2015/07/05 15:28</PriceUpdateDate>
      <ItemCode>7290006681980</ItemCode>
      <ItemType>1</ItemType>
      <ItemName>שטראוס קרמיסימו פירות יער</ItemName>
      <ManufactureName>גלידות שטראוס בעמ</ManufactureName>
      <ManufactureCountry />
      <ManufactureItemDescription />
      <UnitQty>יח`</UnitQty>
      <Quantity>1.33</Quantity>
      <UnitMeasure>1 ליטר</UnitMeasure>
      <BisWeighted>0</BisWeighted>
      <QtyInPackage>1</QtyInPackage>
      <ItemPrice>18.90</ItemPrice>
      <UnitOfMeasurePrice>14.21</UnitOfMeasurePrice>
      <AllowDiscount>1</AllowDiscount>
      <itemStatus>1</itemStatus>
      <LastUpdateDate />
      <LastUpdateTime />
    </Product>
    <Product>
      <PriceUpdateDate>2015/03/01 15:38</PriceUpdateDate>
      <ItemCode>7290006696595</ItemCode>
      <ItemType>1</ItemType>
      <ItemName>יין אדום מתוק מסורת אפרת (1 ליטר)</ItemName>
      <ManufactureName>יקב טפרברג 1870 בעמ (יינות ומש</ManufactureName>
      <ManufactureCountry />
      <ManufactureItemDescription />
      <UnitQty>יח`</UnitQty>
      <Quantity>1000</Quantity>
      <UnitMeasure>מ"ל</UnitMeasure>
      <BisWeighted>0</BisWeighted>
      <QtyInPackage>1</QtyInPackage>
      <ItemPrice>19.90</ItemPrice>
      <UnitOfMeasurePrice>1.96</UnitOfMeasurePrice>
      <AllowDiscount>1</AllowDiscount>
      <itemStatus>1</itemStatus>
      <LastUpdateDate />
      <LastUpdateTime />
    </Product>
    <Product>
      <PriceUpdateDate>2014/07/27 15:32</PriceUpdateDate>
      <ItemCode>7290006696717</ItemCode>
      <ItemType>1</ItemType>
      <ItemName>תירוש ענבים טבעי מוסקט אפרת (1 ליטר)</ItemName>
      <ManufactureName>יקב טפרברג 1870 בעמ (יינות ומש</ManufactureName>
      <ManufactureCountry />
      <ManufactureItemDescription />
      <UnitQty>יח`</UnitQty>
      <Quantity>1000</Quantity>
      <UnitMeasure>מ"ל</UnitMeasure>
      <BisWeighted>0</BisWeighted>
      <QtyInPackage>1</QtyInPackage>
      <ItemPrice>12.90</ItemPrice>
      <UnitOfMeasurePrice>1.26</UnitOfMeasurePrice>
      <AllowDiscount>0</AllowDiscount>
      <itemStatus>1</itemStatus>
      <LastUpdateDate />
      <LastUpdateTime />
    </Product>
    <Product>
      <PriceUpdateDate>2019/06/02 13:08</PriceUpdateDate>
      <ItemCode>7290006739186</ItemCode>
      <ItemType>1</ItemType>
      <ItemName>שניצל תירס קלאסי זוגלובק (2 קג)</ItemName>
      <ManufactureName>זוגלובק שיווק בעמ</ManufactureName>
      <ManufactureCountry />
      <ManufactureItemDescription />
      <UnitQty>יח`</UnitQty>
      <Quantity>2000</Quantity>
      <UnitMeasure>ק"ג</UnitMeasure>
      <BisWeighted>0</BisWeighted>
      <QtyInPackage>1</QtyInPackage>
      <ItemPrice>49.90</ItemPrice>
      <UnitOfMeasurePrice>0.02</UnitOfMeasurePrice>
      <AllowDiscount>0</AllowDiscount>
      <itemStatus>1</itemStatus>
      <LastUpdateDate />
      <LastUpdateTime />
    </Product>
    <Product>
      <PriceUpdateDate>2015/12/03 11:43</PriceUpdateDate>
      <ItemCode>7290006739407</ItemCode>
      <ItemType>1</ItemType>
      <ItemName>שניצל תירס לייט זוגלובק (630 גרם)</ItemName>
      <ManufactureName>זוגלובק שיווק בעמ</ManufactureName>
      <ManufactureCountry />
      <ManufactureItemDescription />
      <UnitQty>יח`</UnitQty>
      <Quantity>600</Quantity>
      <UnitMeasure>גרם</UnitMeasure>
      <BisWeighted>0</BisWeighted>
      <QtyInPackage>1</QtyInPackage>
      <ItemPrice>35.90</ItemPrice>
      <UnitOfMeasurePrice>5.98</UnitOfMeasurePrice>
      <AllowDiscount>1</AllowDiscount>
      <itemStatus>1</itemStatus>
      <LastUpdateDate />
      <LastUpdateTime />
    </Product>
    <Product>
      <PriceUpdateDate>2015/05/01 08:13</PriceUpdateDate>
      <ItemCode>7290006739414</ItemCode>
      <ItemType>1</ItemType>
      <ItemName>סלמי קוניאק זוגלובק (300 גרם)</ItemName>
      <ManufactureName>זוגלובק שיווק בעמ</ManufactureName>
      <ManufactureCountry />
      <ManufactureItemDescription />
      <UnitQty>יח`</UnitQty>
      <Quantity>350</Quantity>
      <UnitMeasure>גרם</UnitMeasure>
      <BisWeighted>0</BisWeighted>
      <QtyInPackage>1</QtyInPackage>
      <ItemPrice>29.90</ItemPrice>
      <UnitOfMeasurePrice>8.54</UnitOfMeasurePrice>
      <AllowDiscount>1</AllowDiscount>
      <itemStatus>1</itemStatus>
      <LastUpdateDate />
      <LastUpdateTime />
    </Product>
    <Product>
      <PriceUpdateDate>2016/03/03 08:15</PriceUpdateDate>
      <ItemCode>7290006739445</ItemCode>
      <ItemType>1</ItemType>
      <ItemName>שניצל תירס זוגלובק (750 גרם)</ItemName>
      <ManufactureName>זוגלובק שיווק בעמ</ManufactureName>
      <ManufactureCountry />
      <ManufactureItemDescription />
      <UnitQty>יח`</UnitQty>
      <Quantity>750</Quantity>
      <UnitMeasure>גרם</UnitMeasure>
      <BisWeighted>0</BisWeighted>
      <QtyInPackage>1</QtyInPackage>
      <ItemPrice>26.90</ItemPrice>
      <UnitOfMeasurePrice>3.59</UnitOfMeasurePrice>
      <AllowDiscount>1</AllowDiscount>
      <itemStatus>1</itemStatus>
      <LastUpdateDate />
      <LastUpdateTime />
    </Product>
    <Product>
      <PriceUpdateDate>2015/12/03 11:43</PriceUpdateDate>
      <ItemCode>7290006741363</ItemCode>
      <ItemType>1</ItemType>
      <ItemName>בורקס תפוא 800 בדצ</ItemName>
      <ManufactureName>זוגלובק שיווק בעמ</ManufactureName>
      <ManufactureCountry />
      <ManufactureItemDescription />
      <UnitQty>יח`</UnitQty>
      <Quantity>800</Quantity>
      <UnitMeasure>גרם</UnitMeasure>
      <BisWeighted>0</BisWeighted>
      <QtyInPackage>1</QtyInPackage>
      <ItemPrice>19.90</ItemPrice>
      <UnitOfMeasurePrice>2.49</UnitOfMeasurePrice>
      <AllowDiscount>1</AllowDiscount>
      <itemStatus>1</itemStatus>
      <LastUpdateDate />
      <LastUpdateTime />
    </Product>
    <Product>
      <PriceUpdateDate>2015/03/01 17:57</PriceUpdateDate>
      <ItemCode>7290006741387</ItemCode>
      <ItemType>1</ItemType>
      <ItemName>מלוואח 700 גר` בדצ</ItemName>
      <ManufactureName>זוגלובק שיווק בעמ</ManufactureName>
      <ManufactureCountry />
      <ManufactureItemDescription />
      <UnitQty>יח`</UnitQty>
      <Quantity>700</Quantity>
      <UnitMeasure>גרם</UnitMeasure>
      <BisWeighted>0</BisWeighted>
      <QtyInPackage>1</QtyInPackage>
      <ItemPrice>16.90</ItemPrice>
      <UnitOfMeasurePrice>2.41</UnitOfMeasurePrice>
      <AllowDiscount>1</AllowDiscount>
      <itemStatus>1</itemStatus>
      <LastUpdateDate />
      <LastUpdateTime />
    </Product>
    <Product>
      <PriceUpdateDate>2016/12/22 08:07</PriceUpdateDate>
      <ItemCode>7290006748119</ItemCode>
      <ItemType>1</ItemType>
      <ItemName>פרחים זר גרברה</ItemName>
      <ManufactureName>פרחי ליידי דיאן בעמ</ManufactureName>
      <ManufactureCountry />
      <ManufactureItemDescription />
      <UnitQty>יח`</UnitQty>
      <Quantity>1</Quantity>
      <UnitMeasure />
      <BisWeighted>0</BisWeighted>
      <QtyInPackage>1</QtyInPackage>
      <ItemPrice>59</ItemPrice>
      <UnitOfMeasurePrice>59</UnitOfMeasurePrice>
      <AllowDiscount>0</AllowDiscount>
      <itemStatus>1</itemStatus>
      <LastUpdateDate />
      <LastUpdateTime />
    </Product>
    <Product>
      <PriceUpdateDate>2019/02/28 08:40</PriceUpdateDate>
      <ItemCode>7290006764065</ItemCode>
      <ItemType>1</ItemType>
      <ItemName>בירה שחורה נשר מאלט חוזר (500 מל)</ItemName>
      <ManufactureName>טמפו משקאות בעמ</ManufactureName>
      <ManufactureCountry />
      <ManufactureItemDescription />
      <UnitQty>יח`</UnitQty>
      <Quantity>500</Quantity>
      <UnitMeasure>מ"ל</UnitMeasure>
      <BisWeighted>0</BisWeighted>
      <QtyInPackage>1</QtyInPackage>
      <ItemPrice>5</ItemPrice>
      <UnitOfMeasurePrice>0.76</UnitOfMeasurePrice>
      <AllowDiscount>1</AllowDiscount>
      <itemStatus>1</itemStatus>
      <LastUpdateDate />
      <LastUpdateTime />
    </Product>
    <Product>
      <PriceUpdateDate>2015/10/09 09:38</PriceUpdateDate>
      <ItemCode>7290006764072</ItemCode>
      <ItemType>1</ItemType>
      <ItemName>בירה גולדסטאר (500 מל)</ItemName>
      <ManufactureName>טמפו משקאות בעמ</ManufactureName>
      <ManufactureCountry />
      <ManufactureItemDescription />
      <UnitQty>יח`</UnitQty>
      <Quantity>500</Quantity>
      <UnitMeasure>מ"ל</UnitMeasure>
      <BisWeighted>0</BisWeighted>
      <QtyInPackage>1</QtyInPackage>
      <ItemPrice>6.90</ItemPrice>
      <UnitOfMeasurePrice>1.14</UnitOfMeasurePrice>
      <AllowDiscount>1</AllowDiscount>
      <itemStatus>1</itemStatus>
      <LastUpdateDate />
      <LastUpdateTime />
    </Product>
    <Product>
      <PriceUpdateDate>2015/05/01 11:16</PriceUpdateDate>
      <ItemCode>7290006764348</ItemCode>
      <ItemType>1</ItemType>
      <ItemName>בירה שחורה מאלט סטאר (1.5 ליטר)</ItemName>
      <ManufactureName>טמפו משקאות בעמ</ManufactureName>
      <ManufactureCountry />
      <ManufactureItemDescription />
      <UnitQty>יח`</UnitQty>
      <Quantity>1500</Quantity>
      <UnitMeasure>מ"ל</UnitMeasure>
      <BisWeighted>0</BisWeighted>
      <QtyInPackage>1</QtyInPackage>
      <ItemPrice>7.50</ItemPrice>
      <UnitOfMeasurePrice>0.50</UnitOfMeasurePrice>
      <AllowDiscount>1</AllowDiscount>
      <itemStatus>1</itemStatus>
      <LastUpdateDate />
      <LastUpdateTime />
    </Product>
    <Product>
      <PriceUpdateDate>2018/05/03 14:51</PriceUpdateDate>
      <ItemCode>7290006770684</ItemCode>
      <ItemType>1</ItemType>
      <ItemName>עוגת מוס גבינה פרורים 850 גר</ItemName>
      <ManufactureName>קפולסקי אדל בעמ</ManufactureName>
      <ManufactureCountry />
      <ManufactureItemDescription />
      <UnitQty>יח`</UnitQty>
      <Quantity>850</Quantity>
      <UnitMeasure>גרם</UnitMeasure>
      <BisWeighted>0</BisWeighted>
      <QtyInPackage>1</QtyInPackage>
      <ItemPrice>59.90</ItemPrice>
      <UnitOfMeasurePrice>7.05</UnitOfMeasurePrice>
      <AllowDiscount>0</AllowDiscount>
      <itemStatus>1</itemStatus>
      <LastUpdateDate />
      <LastUpdateTime />
    </Product>
    <Product>
      <PriceUpdateDate>2015/02/08 10:45</PriceUpdateDate>
      <ItemCode>7290006775016</ItemCode>
      <ItemType>1</ItemType>
      <ItemName>עוגת תפוז אחוה (450 גרם) אחוה</ItemName>
      <ManufactureName>אחדות בעמ</ManufactureName>
      <ManufactureCountry />
      <ManufactureItemDescription />
      <UnitQty>יח`</UnitQty>
      <Quantity>450</Quantity>
      <UnitMeasure>גרם</UnitMeasure>
      <BisWeighted>0</BisWeighted>
      <QtyInPackage>1</QtyInPackage>
      <ItemPrice>9.90</ItemPrice>
      <UnitOfMeasurePrice>2.20</UnitOfMeasurePrice>
      <AllowDiscount>0</AllowDiscount>
      <itemStatus>1</itemStatus>
      <LastUpdateDate />
      <LastUpdateTime />
    </Product>
    <Product>
      <PriceUpdateDate>2015/02/08 10:45</PriceUpdateDate>
      <ItemCode>7290006775023</ItemCode>
      <ItemType>1</ItemType>
      <ItemName>עוגה אנגלית אחוה (450 גרם) אחוה</ItemName>
      <ManufactureName>אחדות בעמ</ManufactureName>
      <ManufactureCountry />
      <ManufactureItemDescription />
      <UnitQty>יח`</UnitQty>
      <Quantity>450</Quantity>
      <UnitMeasure>גרם</UnitMeasure>
      <BisWeighted>0</BisWeighted>
      <QtyInPackage>1</QtyInPackage>
      <ItemPrice>9.90</ItemPrice>
      <UnitOfMeasurePrice>2.20</UnitOfMeasurePrice>
      <AllowDiscount>0</AllowDiscount>
      <itemStatus>1</itemStatus>
      <LastUpdateDate />
      <LastUpdateTime />
    </Product>
    <Product>
      <PriceUpdateDate>2015/02/08 10:45</PriceUpdateDate>
      <ItemCode>7290006775030</ItemCode>
      <ItemType>1</ItemType>
      <ItemName>עוגת שוקו צ`יפס אחוה (450 גרם) אחוה</ItemName>
      <ManufactureName>אחדות בעמ</ManufactureName>
      <ManufactureCountry />
      <ManufactureItemDescription />
      <UnitQty>יח`</UnitQty>
      <Quantity>450</Quantity>
      <UnitMeasure>גרם</UnitMeasure>
      <BisWeighted>0</BisWeighted>
      <QtyInPackage>1</QtyInPackage>
      <ItemPrice>9.90</ItemPrice>
      <UnitOfMeasurePrice>2.20</UnitOfMeasurePrice>
      <AllowDiscount>0</AllowDiscount>
      <itemStatus>1</itemStatus>
      <LastUpdateDate />
      <LastUpdateTime />
    </Product>
    <Product>
      <PriceUpdateDate>2015/02/08 10:45</PriceUpdateDate>
      <ItemCode>7290006775047</ItemCode>
      <ItemType>1</ItemType>
      <ItemName>עוגת שוקולד אחוה (450 גרם) אחוה</ItemName>
      <ManufactureName>אחדות בעמ</ManufactureName>
      <ManufactureCountry />
      <ManufactureItemDescription />
      <UnitQty>יח`</UnitQty>
      <Quantity>450</Quantity>
      <UnitMeasure>גרם</UnitMeasure>
      <BisWeighted>0</BisWeighted>
      <QtyInPackage>1</QtyInPackage>
      <ItemPrice>9.90</ItemPrice>
      <UnitOfMeasurePrice>2.20</UnitOfMeasurePrice>
      <AllowDiscount>0</AllowDiscount>
      <itemStatus>1</itemStatus>
      <LastUpdateDate />
      <LastUpdateTime />
    </Product>
    <Product>
      <PriceUpdateDate>2013/11/20 14:55</PriceUpdateDate>
      <ItemCode>7290006775085</ItemCode>
      <ItemType>1</ItemType>
      <ItemName>עוגת שמרים שוקולד אחוה (400 גרם)</ItemName>
      <ManufactureName>אחדות בעמ</ManufactureName>
      <ManufactureCountry />
      <ManufactureItemDescription />
      <UnitQty>יח`</UnitQty>
      <Quantity>400</Quantity>
      <UnitMeasure>גרם</UnitMeasure>
      <BisWeighted>0</BisWeighted>
      <QtyInPackage>1</QtyInPackage>
      <ItemPrice>10</ItemPrice>
      <UnitOfMeasurePrice>2.50</UnitOfMeasurePrice>
      <AllowDiscount>0</AllowDiscount>
      <itemStatus>1</itemStatus>
      <LastUpdateDate />
      <LastUpdateTime />
    </Product>
    <Product>
      <PriceUpdateDate>2017/03/16 08:33</PriceUpdateDate>
      <ItemCode>7290006775191</ItemCode>
      <ItemType>1</ItemType>
      <ItemName>מאפינס שוקולד 50 גר` אחוה</ItemName>
      <ManufactureName>אחדות בעמ</ManufactureName>
      <ManufactureCountry />
      <ManufactureItemDescription />
      <UnitQty>יח`</UnitQty>
      <Quantity>50</Quantity>
      <UnitMeasure>גרם</UnitMeasure>
      <BisWeighted>0</BisWeighted>
      <QtyInPackage>1</QtyInPackage>
      <ItemPrice>1.50</ItemPrice>
      <UnitOfMeasurePrice>3</UnitOfMeasurePrice>
      <AllowDiscount>1</AllowDiscount>
      <itemStatus>1</itemStatus>
      <LastUpdateDate />
      <LastUpdateTime />
    </Product>
    <Product>
      <PriceUpdateDate>2017/03/16 08:33</PriceUpdateDate>
      <ItemCode>7290006775306</ItemCode>
      <ItemType>1</ItemType>
      <ItemName>מאפינס תות 50 גר` אחוה</ItemName>
      <ManufactureName>אחדות בעמ</ManufactureName>
      <ManufactureCountry />
      <ManufactureItemDescription />
      <UnitQty>יח`</UnitQty>
      <Quantity>50</Quantity>
      <UnitMeasure>גרם</UnitMeasure>
      <BisWeighted>0</BisWeighted>
      <QtyInPackage>1</QtyInPackage>
      <ItemPrice>1.50</ItemPrice>
      <UnitOfMeasurePrice>3</UnitOfMeasurePrice>
      <AllowDiscount>1</AllowDiscount>
      <itemStatus>1</itemStatus>
      <LastUpdateDate />
      <LastUpdateTime />
    </Product>
    <Product>
      <PriceUpdateDate>2013/11/20 14:55</PriceUpdateDate>
      <ItemCode>7290006775337</ItemCode>
      <ItemType>1</ItemType>
      <ItemName>עוגת שמרים פרג אחוה (400 גרם)</ItemName>
      <ManufactureName>אחדות בעמ</ManufactureName>
      <ManufactureCountry />
      <ManufactureItemDescription />
      <UnitQty>יח`</UnitQty>
      <Quantity>400</Quantity>
      <UnitMeasure>גרם</UnitMeasure>
      <BisWeighted>0</BisWeighted>
      <QtyInPackage>1</QtyInPackage>
      <ItemPrice>10</ItemPrice>
      <UnitOfMeasurePrice>2.50</UnitOfMeasurePrice>
      <AllowDiscount>0</AllowDiscount>
      <itemStatus>1</itemStatus>
      <LastUpdateDate />
      <LastUpdateTime />
    </Product>
    <Product>
      <PriceUpdateDate>2013/11/20 14:55</PriceUpdateDate>
      <ItemCode>7290006775344</ItemCode>
      <ItemType>1</ItemType>
      <ItemName>עוגת שמרים קינמון/אגוזים 400  גר`אחוה</ItemName>
      <ManufactureName>אחדות בעמ</ManufactureName>
      <ManufactureCountry />
      <ManufactureItemDescription />
      <UnitQty>יח`</UnitQty>
      <Quantity>400</Quantity>
      <UnitMeasure>גרם</UnitMeasure>
      <BisWeighted>0</BisWeighted>
      <QtyInPackage>1</QtyInPackage>
      <ItemPrice>10</ItemPrice>
      <UnitOfMeasurePrice>2.50</UnitOfMeasurePrice>
      <AllowDiscount>0</AllowDiscount>
      <itemStatus>1</itemStatus>
      <LastUpdateDate />
      <LastUpdateTime />
    </Product>
    <Product>
      <PriceUpdateDate>2017/03/16 08:33</PriceUpdateDate>
      <ItemCode>7290006775405</ItemCode>
      <ItemType>1</ItemType>
      <ItemName>מאפינס שוקוצ`יפס 45 גר` אחוה</ItemName>
      <ManufactureName>אחדות בעמ</ManufactureName>
      <ManufactureCountry />
      <ManufactureItemDescription />
      <UnitQty>יח`</UnitQty>
      <Quantity>45</Quantity>
      <UnitMeasure>גרם</UnitMeasure>
      <BisWeighted>0</BisWeighted>
      <QtyInPackage>1</QtyInPackage>
      <ItemPrice>1.50</ItemPrice>
      <UnitOfMeasurePrice>3.33</UnitOfMeasurePrice>
      <AllowDiscount>1</AllowDiscount>
      <itemStatus>1</itemStatus>
      <LastUpdateDate />
      <LastUpdateTime />
    </Product>
    <Product>
      <PriceUpdateDate>2016/08/04 11:13</PriceUpdateDate>
      <ItemCode>7290006775801</ItemCode>
      <ItemType>1</ItemType>
      <ItemName>רוגעלך אחוה (400 גרם)</ItemName>
      <ManufactureName>אחדות בעמ</ManufactureName>
      <ManufactureCountry />
      <ManufactureItemDescription />
      <UnitQty>יח`</UnitQty>
      <Quantity>400</Quantity>
      <UnitMeasure>גרם</UnitMeasure>
      <BisWeighted>0</BisWeighted>
      <QtyInPackage>1</QtyInPackage>
      <ItemPrice>8.90</ItemPrice>
      <UnitOfMeasurePrice>2.23</UnitOfMeasurePrice>
      <AllowDiscount>0</AllowDiscount>
      <itemStatus>1</itemStatus>
      <LastUpdateDate />
      <LastUpdateTime />
    </Product>
    <Product>
      <PriceUpdateDate>2015/12/01 15:19</PriceUpdateDate>
      <ItemCode>7290006775894</ItemCode>
      <ItemType>1</ItemType>
      <ItemName>עוגה ללא סוכר שיש 400  גר`אחווה</ItemName>
      <ManufactureName>אחדות בעמ</ManufactureName>
      <ManufactureCountry />
      <ManufactureItemDescription />
      <UnitQty>יח`</UnitQty>
      <Quantity>400</Quantity>
      <UnitMeasure>גרם</UnitMeasure>
      <BisWeighted>0</BisWeighted>
      <QtyInPackage>1</QtyInPackage>
      <ItemPrice>11.90</ItemPrice>
      <UnitOfMeasurePrice>2.98</UnitOfMeasurePrice>
      <AllowDiscount>0</AllowDiscount>
      <itemStatus>1</itemStatus>
      <LastUpdateDate />
      <LastUpdateTime />
    </Product>
    <Product>
      <PriceUpdateDate>2016/08/04 11:13</PriceUpdateDate>
      <ItemCode>7290006775900</ItemCode>
      <ItemType>1</ItemType>
      <ItemName>עוגיות מיני מרוקאיות אחוה (500 גרם)</ItemName>
      <ManufactureName>אחדות בעמ</ManufactureName>
      <ManufactureCountry />
      <ManufactureItemDescription />
      <UnitQty>יח`</UnitQty>
      <Quantity>500</Quantity>
      <UnitMeasure>גרם</UnitMeasure>
      <BisWeighted>0</BisWeighted>
      <QtyInPackage>1</QtyInPackage>
      <ItemPrice>8.90</ItemPrice>
      <UnitOfMeasurePrice>1.78</UnitOfMeasurePrice>
      <AllowDiscount>0</AllowDiscount>
      <itemStatus>1</itemStatus>
      <LastUpdateDate />
      <LastUpdateTime />
    </Product>
    <Product>
      <PriceUpdateDate>2019/06/10 13:31</PriceUpdateDate>
      <ItemCode>7290006784322</ItemCode>
      <ItemType>1</ItemType>
      <ItemName>סנט מוריץ לניקוי נרוסטה 400מל</ItemName>
      <ManufactureName>קומפלקס כימיקלים בעמ</ManufactureName>
      <ManufactureCountry />
      <ManufactureItemDescription />
      <UnitQty>יח`</UnitQty>
      <Quantity>400</Quantity>
      <UnitMeasure>גרם</UnitMeasure>
      <BisWeighted>0</BisWeighted>
      <QtyInPackage>1</QtyInPackage>
      <ItemPrice>15.90</ItemPrice>
      <UnitOfMeasurePrice>3.98</UnitOfMeasurePrice>
      <AllowDiscount>0</AllowDiscount>
      <itemStatus>1</itemStatus>
      <LastUpdateDate />
      <LastUpdateTime />
    </Product>
    <Product>
      <PriceUpdateDate>2019/06/10 13:31</PriceUpdateDate>
      <ItemCode>7290006784339</ItemCode>
      <ItemType>1</ItemType>
      <ItemName>תרסיס רהיט 300 מל</ItemName>
      <ManufactureName>קומפלקס כימיקלים בעמ</ManufactureName>
      <ManufactureCountry />
      <ManufactureItemDescription />
      <UnitQty>יח`</UnitQty>
      <Quantity>300</Quantity>
      <UnitMeasure>מ"ל</UnitMeasure>
      <BisWeighted>0</BisWeighted>
      <QtyInPackage>1</QtyInPackage>
      <ItemPrice>9.90</ItemPrice>
      <UnitOfMeasurePrice>3.30</UnitOfMeasurePrice>
      <AllowDiscount>0</AllowDiscount>
      <itemStatus>1</itemStatus>
      <LastUpdateDate />
      <LastUpdateTime />
    </Product>
    <Product>
      <PriceUpdateDate>2020/02/16 07:14</PriceUpdateDate>
      <ItemCode>7290006784360</ItemCode>
      <ItemType>1</ItemType>
      <ItemName>חלונית 1 ליטר</ItemName>
      <ManufactureName>קומפלקס כימיקלים בעמ</ManufactureName>
      <ManufactureCountry />
      <ManufactureItemDescription />
      <UnitQty>יח`</UnitQty>
      <Quantity>1000</Quantity>
      <UnitMeasure>מ"ל</UnitMeasure>
      <BisWeighted>0</BisWeighted>
      <QtyInPackage>1</QtyInPackage>
      <ItemPrice>6.90</ItemPrice>
      <UnitOfMeasurePrice>0.69</UnitOfMeasurePrice>
      <AllowDiscount>1</AllowDiscount>
      <itemStatus>1</itemStatus>
      <LastUpdateDate />
      <LastUpdateTime />
    </Product>
    <Product>
      <PriceUpdateDate>2020/02/16 07:14</PriceUpdateDate>
      <ItemCode>7290006784919</ItemCode>
      <ItemType>1</ItemType>
      <ItemName>סבונומיקה פלוס 4 ליטר-אקנומיקה  סמיכה סנ</ItemName>
      <ManufactureName>קומפלקס כימיקלים בעמ</ManufactureName>
      <ManufactureCountry />
      <ManufactureItemDescription />
      <UnitQty>יח`</UnitQty>
      <Quantity>4000</Quantity>
      <UnitMeasure>מ"ל</UnitMeasure>
      <BisWeighted>0</BisWeighted>
      <QtyInPackage>1</QtyInPackage>
      <ItemPrice>12.90</ItemPrice>
      <UnitOfMeasurePrice>0.32</UnitOfMeasurePrice>
      <AllowDiscount>0</AllowDiscount>
      <itemStatus>1</itemStatus>
      <LastUpdateDate />
      <LastUpdateTime />
    </Product>
    <Product>
      <PriceUpdateDate>2015/12/01 15:14</PriceUpdateDate>
      <ItemCode>7290006785657</ItemCode>
      <ItemType>1</ItemType>
      <ItemName>שקית 20 פסטל רחבה</ItemName>
      <ManufactureName>שמחה זה אנחנו בעמ</ManufactureName>
      <ManufactureCountry />
      <ManufactureItemDescription />
      <UnitQty>יח`</UnitQty>
      <Quantity>1</Quantity>
      <UnitMeasure />
      <BisWeighted>0</BisWeighted>
      <QtyInPackage>1</QtyInPackage>
      <ItemPrice>5.90</ItemPrice>
      <UnitOfMeasurePrice>5.90</UnitOfMeasurePrice>
      <AllowDiscount>0</AllowDiscount>
      <itemStatus>1</itemStatus>
      <LastUpdateDate />
      <LastUpdateTime />
    </Product>
    <Product>
      <PriceUpdateDate>2019/02/03 12:17</PriceUpdateDate>
      <ItemCode>7290006788009</ItemCode>
      <ItemType>1</ItemType>
      <ItemName>שמפו 10 קרליין</ItemName>
      <ManufactureName>החברה הדרומית לשיווק בעמ</ManufactureName>
      <ManufactureCountry />
      <ManufactureItemDescription />
      <UnitQty>יח`</UnitQty>
      <Quantity>700</Quantity>
      <UnitMeasure>מ"ל</UnitMeasure>
      <BisWeighted>0</BisWeighted>
      <QtyInPackage>1</QtyInPackage>
      <ItemPrice>11.90</ItemPrice>
      <UnitOfMeasurePrice>1.70</UnitOfMeasurePrice>
      <AllowDiscount>1</AllowDiscount>
      <itemStatus>1</itemStatus>
      <LastUpdateDate />
      <LastUpdateTime />
    </Product>
    <Product>
      <PriceUpdateDate>2019/02/03 12:17</PriceUpdateDate>
      <ItemCode>7290006788016</ItemCode>
      <ItemType>1</ItemType>
      <ItemName>שמפו 10 קרליין</ItemName>
      <ManufactureName>החברה הדרומית לשיווק בעמ</ManufactureName>
      <ManufactureCountry />
      <ManufactureItemDescription />
      <UnitQty>יח`</UnitQty>
      <Quantity>700</Quantity>
      <UnitMeasure>מ"ל</UnitMeasure>
      <BisWeighted>0</BisWeighted>
      <QtyInPackage>1</QtyInPackage>
      <ItemPrice>11.90</ItemPrice>
      <UnitOfMeasurePrice>1.70</UnitOfMeasurePrice>
      <AllowDiscount>1</AllowDiscount>
      <itemStatus>1</itemStatus>
      <LastUpdateDate />
      <LastUpdateTime />
    </Product>
    <Product>
      <PriceUpdateDate>2019/02/03 12:17</PriceUpdateDate>
      <ItemCode>7290006788023</ItemCode>
      <ItemType>1</ItemType>
      <ItemName>שמפו 10 קרליין</ItemName>
      <ManufactureName>החברה הדרומית לשיווק בעמ</ManufactureName>
      <ManufactureCountry />
      <ManufactureItemDescription />
      <UnitQty>יח`</UnitQty>
      <Quantity>700</Quantity>
      <UnitMeasure>מ"ל</UnitMeasure>
      <BisWeighted>0</BisWeighted>
      <QtyInPackage>1</QtyInPackage>
      <ItemPrice>11.90</ItemPrice>
      <UnitOfMeasurePrice>1.70</UnitOfMeasurePrice>
      <AllowDiscount>1</AllowDiscount>
      <itemStatus>1</itemStatus>
      <LastUpdateDate />
      <LastUpdateTime />
    </Product>
    <Product>
      <PriceUpdateDate>2019/02/03 12:17</PriceUpdateDate>
      <ItemCode>7290006788030</ItemCode>
      <ItemType>1</ItemType>
      <ItemName>שמפו 10 קרליין</ItemName>
      <ManufactureName>החברה הדרומית לשיווק בעמ</ManufactureName>
      <ManufactureCountry />
      <ManufactureItemDescription />
      <UnitQty>יח`</UnitQty>
      <Quantity>700</Quantity>
      <UnitMeasure>מ"ל</UnitMeasure>
      <BisWeighted>0</BisWeighted>
      <QtyInPackage>1</QtyInPackage>
      <ItemPrice>11.90</ItemPrice>
      <UnitOfMeasurePrice>1.70</UnitOfMeasurePrice>
      <AllowDiscount>1</AllowDiscount>
      <itemStatus>1</itemStatus>
      <LastUpdateDate />
      <LastUpdateTime />
    </Product>
    <Product>
      <PriceUpdateDate>2019/02/03 12:17</PriceUpdateDate>
      <ItemCode>7290006788054</ItemCode>
      <ItemType>1</ItemType>
      <ItemName>שמפו 10 קרליין</ItemName>
      <ManufactureName>החברה הדרומית לשיווק בעמ</ManufactureName>
      <ManufactureCountry />
      <ManufactureItemDescription />
      <UnitQty>יח`</UnitQty>
      <Quantity>700</Quantity>
      <UnitMeasure>מ"ל</UnitMeasure>
      <BisWeighted>0</BisWeighted>
      <QtyInPackage>1</QtyInPackage>
      <ItemPrice>11.90</ItemPrice>
      <UnitOfMeasurePrice>1.70</UnitOfMeasurePrice>
      <AllowDiscount>1</AllowDiscount>
      <itemStatus>1</itemStatus>
      <LastUpdateDate />
      <LastUpdateTime />
    </Product>
    <Product>
      <PriceUpdateDate>2019/02/03 12:17</PriceUpdateDate>
      <ItemCode>7290006788061</ItemCode>
      <ItemType>1</ItemType>
      <ItemName>מרכך 10 קרליין</ItemName>
      <ManufactureName>החברה הדרומית לשיווק בעמ</ManufactureName>
      <ManufactureCountry />
      <ManufactureItemDescription />
      <UnitQty>יח`</UnitQty>
      <Quantity>700</Quantity>
      <UnitMeasure>מ"ל</UnitMeasure>
      <BisWeighted>0</BisWeighted>
      <QtyInPackage>1</QtyInPackage>
      <ItemPrice>11.90</ItemPrice>
      <UnitOfMeasurePrice>1.70</UnitOfMeasurePrice>
      <AllowDiscount>1</AllowDiscount>
      <itemStatus>1</itemStatus>
      <LastUpdateDate />
      <LastUpdateTime />
    </Product>
    <Product>
      <PriceUpdateDate>2019/02/03 12:17</PriceUpdateDate>
      <ItemCode>7290006788078</ItemCode>
      <ItemType>1</ItemType>
      <ItemName>מרכך 10 ירוק קרליין</ItemName>
      <ManufactureName>החברה הדרומית לשיווק בעמ</ManufactureName>
      <ManufactureCountry />
      <ManufactureItemDescription />
      <UnitQty>יח`</UnitQty>
      <Quantity>700</Quantity>
      <UnitMeasure>מ"ל</UnitMeasure>
      <BisWeighted>0</BisWeighted>
      <QtyInPackage>1</QtyInPackage>
      <ItemPrice>11.90</ItemPrice>
      <UnitOfMeasurePrice>1.70</UnitOfMeasurePrice>
      <AllowDiscount>1</AllowDiscount>
      <itemStatus>1</itemStatus>
      <LastUpdateDate />
      <LastUpdateTime />
    </Product>
    <Product>
      <PriceUpdateDate>2019/02/03 12:17</PriceUpdateDate>
      <ItemCode>7290006788085</ItemCode>
      <ItemType>1</ItemType>
      <ItemName>מרכך 10 אדום קרליין</ItemName>
      <ManufactureName>החברה הדרומית לשיווק בעמ</ManufactureName>
      <ManufactureCountry />
      <ManufactureItemDescription />
      <UnitQty>יח`</UnitQty>
      <Quantity>700</Quantity>
      <UnitMeasure>מ"ל</UnitMeasure>
      <BisWeighted>0</BisWeighted>
      <QtyInPackage>1</QtyInPackage>
      <ItemPrice>11.90</ItemPrice>
      <UnitOfMeasurePrice>1.70</UnitOfMeasurePrice>
      <AllowDiscount>1</AllowDiscount>
      <itemStatus>1</itemStatus>
      <LastUpdateDate />
      <LastUpdateTime />
    </Product>
    <Product>
      <PriceUpdateDate>2019/02/03 12:17</PriceUpdateDate>
      <ItemCode>7290006788092</ItemCode>
      <ItemType>1</ItemType>
      <ItemName>מרכך 10 סגול קרליין</ItemName>
      <ManufactureName>החברה הדרומית לשיווק בעמ</ManufactureName>
      <ManufactureCountry />
      <ManufactureItemDescription />
      <UnitQty>יח`</UnitQty>
      <Quantity>700</Quantity>
      <UnitMeasure>מ"ל</UnitMeasure>
      <BisWeighted>0</BisWeighted>
      <QtyInPackage>1</QtyInPackage>
      <ItemPrice>11.90</ItemPrice>
      <UnitOfMeasurePrice>1.70</UnitOfMeasurePrice>
      <AllowDiscount>1</AllowDiscount>
      <itemStatus>1</itemStatus>
      <LastUpdateDate />
      <LastUpdateTime />
    </Product>
    <Product>
      <PriceUpdateDate>2019/11/06 11:17</PriceUpdateDate>
      <ItemCode>7290006788559</ItemCode>
      <ItemType>1</ItemType>
      <ItemName>דאו תרסיס טיטניום</ItemName>
      <ManufactureName>החברה הדרומית לשיווק בעמ</ManufactureName>
      <ManufactureCountry />
      <ManufactureItemDescription />
      <UnitQty>יח`</UnitQty>
      <Quantity>180</Quantity>
      <UnitMeasure>מ"ל</UnitMeasure>
      <BisWeighted>0</BisWeighted>
      <QtyInPackage>1</QtyInPackage>
      <ItemPrice>14.90</ItemPrice>
      <UnitOfMeasurePrice>8.28</UnitOfMeasurePrice>
      <AllowDiscount>0</AllowDiscount>
      <itemStatus>1</itemStatus>
      <LastUpdateDate />
      <LastUpdateTime />
    </Product>
    <Product>
      <PriceUpdateDate>2015/05/28 15:21</PriceUpdateDate>
      <ItemCode>7290006805355</ItemCode>
      <ItemType>1</ItemType>
      <ItemName>פילסברי תערובת כדורי שוקולד</ItemName>
      <ManufactureName>ליימן שליסל בעמ</ManufactureName>
      <ManufactureCountry />
      <ManufactureItemDescription />
      <UnitQty>יח`</UnitQty>
      <Quantity>500</Quantity>
      <UnitMeasure>גרם</UnitMeasure>
      <BisWeighted>0</BisWeighted>
      <QtyInPackage>1</QtyInPackage>
      <ItemPrice>18.90</ItemPrice>
      <UnitOfMeasurePrice>3.78</UnitOfMeasurePrice>
      <AllowDiscount>1</AllowDiscount>
      <itemStatus>1</itemStatus>
      <LastUpdateDate />
      <LastUpdateTime />
    </Product>
    <Product>
      <PriceUpdateDate>2018/11/16 11:32</PriceUpdateDate>
      <ItemCode>7290006822192</ItemCode>
      <ItemType>1</ItemType>
      <ItemName>פריגת אושן ספריי 1 ליטר</ItemName>
      <ManufactureName>החברה המרכזית להפצת משקאות בעמ</ManufactureName>
      <ManufactureCountry />
      <ManufactureItemDescription />
      <UnitQty>יח`</UnitQty>
      <Quantity>1</Quantity>
      <UnitMeasure>1 ליטר</UnitMeasure>
      <BisWeighted>0</BisWeighted>
      <QtyInPackage>1</QtyInPackage>
      <ItemPrice>10.90</ItemPrice>
      <UnitOfMeasurePrice>10.90</UnitOfMeasurePrice>
      <AllowDiscount>0</AllowDiscount>
      <itemStatus>1</itemStatus>
      <LastUpdateDate />
      <LastUpdateTime />
    </Product>
    <Product>
      <PriceUpdateDate>2020/02/26 06:37</PriceUpdateDate>
      <ItemCode>7290006866967</ItemCode>
      <ItemType>1</ItemType>
      <ItemName>נקטר חמוציות 1 ליטר פרימור</ItemName>
      <ManufactureName>גניר (1992) בעמ</ManufactureName>
      <ManufactureCountry />
      <ManufactureItemDescription />
      <UnitQty>יח`</UnitQty>
      <Quantity>1</Quantity>
      <UnitMeasure />
      <BisWeighted>0</BisWeighted>
      <QtyInPackage>1</QtyInPackage>
      <ItemPrice>8</ItemPrice>
      <UnitOfMeasurePrice>8</UnitOfMeasurePrice>
      <AllowDiscount>0</AllowDiscount>
      <itemStatus>1</itemStatus>
      <LastUpdateDate />
      <LastUpdateTime />
    </Product>
    <Product>
      <PriceUpdateDate>2016/02/12 09:29</PriceUpdateDate>
      <ItemCode>7290006869449</ItemCode>
      <ItemType>1</ItemType>
      <ItemName>לבן 3% טרה (150 מל)</ItemName>
      <ManufactureName>החב` המרכזית - טרה</ManufactureName>
      <ManufactureCountry />
      <ManufactureItemDescription />
      <UnitQty>יח`</UnitQty>
      <Quantity>150</Quantity>
      <UnitMeasure>מ"ל</UnitMeasure>
      <BisWeighted>0</BisWeighted>
      <QtyInPackage>1</QtyInPackage>
      <ItemPrice>1.05</ItemPrice>
      <UnitOfMeasurePrice>0.70</UnitOfMeasurePrice>
      <AllowDiscount>0</AllowDiscount>
      <itemStatus>1</itemStatus>
      <LastUpdateDate />
      <LastUpdateTime />
    </Product>
    <Product>
      <PriceUpdateDate>2014/12/24 10:49</PriceUpdateDate>
      <ItemCode>7290006908414</ItemCode>
      <ItemType>1</ItemType>
      <ItemName>חמנייה 400 גרם</ItemName>
      <ManufactureName>בוטנת בעמ</ManufactureName>
      <ManufactureCountry />
      <ManufactureItemDescription />
      <UnitQty>יח`</UnitQty>
      <Quantity>400</Quantity>
      <UnitMeasure>גרם</UnitMeasure>
      <BisWeighted>0</BisWeighted>
      <QtyInPackage>1</QtyInPackage>
      <ItemPrice>10.90</ItemPrice>
      <UnitOfMeasurePrice>2.73</UnitOfMeasurePrice>
      <AllowDiscount>0</AllowDiscount>
      <itemStatus>1</itemStatus>
      <LastUpdateDate />
      <LastUpdateTime />
    </Product>
    <Product>
      <PriceUpdateDate>2019/02/03 12:33</PriceUpdateDate>
      <ItemCode>7290006920836</ItemCode>
      <ItemType>1</ItemType>
      <ItemName>מעושן פרוס 350 גרם</ItemName>
      <ManufactureName>צ.י תעשיות מזון יבנה בעמ</ManufactureName>
      <ManufactureCountry />
      <ManufactureItemDescription />
      <UnitQty>יח`</UnitQty>
      <Quantity>350</Quantity>
      <UnitMeasure>גרם</UnitMeasure>
      <BisWeighted>0</BisWeighted>
      <QtyInPackage>1</QtyInPackage>
      <ItemPrice>14.90</ItemPrice>
      <UnitOfMeasurePrice>4.26</UnitOfMeasurePrice>
      <AllowDiscount>1</AllowDiscount>
      <itemStatus>1</itemStatus>
      <LastUpdateDate />
      <LastUpdateTime />
    </Product>
    <Product>
      <PriceUpdateDate>2015/12/06 11:26</PriceUpdateDate>
      <ItemCode>7290006983206</ItemCode>
      <ItemType>1</ItemType>
      <ItemName>פלאפל בקלי קלות 90 גר`</ItemName>
      <ManufactureName>קבוצת אסם סחר שות. מוגבלת</ManufactureName>
      <ManufactureCountry />
      <ManufactureItemDescription />
      <UnitQty>יח`</UnitQty>
      <Quantity>90</Quantity>
      <UnitMeasure>גרם</UnitMeasure>
      <BisWeighted>0</BisWeighted>
      <QtyInPackage>1</QtyInPackage>
      <ItemPrice>10.90</ItemPrice>
      <UnitOfMeasurePrice>12.11</UnitOfMeasurePrice>
      <AllowDiscount>0</AllowDiscount>
      <itemStatus>1</itemStatus>
      <LastUpdateDate />
      <LastUpdateTime />
    </Product>
    <Product>
      <PriceUpdateDate>2015/07/23 09:05</PriceUpdateDate>
      <ItemCode>7290006983763</ItemCode>
      <ItemType>1</ItemType>
      <ItemName>עוגת הבית בטעם שוקולד אסם (400 גרם)</ItemName>
      <ManufactureName>קבוצת אסם סחר שות. מוגבלת</ManufactureName>
      <ManufactureCountry />
      <ManufactureItemDescription />
      <UnitQty>יח`</UnitQty>
      <Quantity>400</Quantity>
      <UnitMeasure>גרם</UnitMeasure>
      <BisWeighted>0</BisWeighted>
      <QtyInPackage>1</QtyInPackage>
      <ItemPrice>11.90</ItemPrice>
      <UnitOfMeasurePrice>2.98</UnitOfMeasurePrice>
      <AllowDiscount>0</AllowDiscount>
      <itemStatus>1</itemStatus>
      <LastUpdateDate />
      <LastUpdateTime />
    </Product>
    <Product>
      <PriceUpdateDate>2015/07/23 09:05</PriceUpdateDate>
      <ItemCode>7290006983770</ItemCode>
      <ItemType>1</ItemType>
      <ItemName>עוגת הבית שיש אסם (400 גרם)</ItemName>
      <ManufactureName>קבוצת אסם סחר שות. מוגבלת</ManufactureName>
      <ManufactureCountry />
      <ManufactureItemDescription />
      <UnitQty>יח`</UnitQty>
      <Quantity>400</Quantity>
      <UnitMeasure>גרם</UnitMeasure>
      <BisWeighted>0</BisWeighted>
      <QtyInPackage>1</QtyInPackage>
      <ItemPrice>11.90</ItemPrice>
      <UnitOfMeasurePrice>2.98</UnitOfMeasurePrice>
      <AllowDiscount>0</AllowDiscount>
      <itemStatus>1</itemStatus>
      <LastUpdateDate />
      <LastUpdateTime />
    </Product>
    <Product>
      <PriceUpdateDate>2015/07/23 09:05</PriceUpdateDate>
      <ItemCode>7290006983787</ItemCode>
      <ItemType>1</ItemType>
      <ItemName>עוגת הבית שוקוצ`יפס אסם (400 גרם)</ItemName>
      <ManufactureName>קבוצת אסם סחר שות. מוגבלת</ManufactureName>
      <ManufactureCountry />
      <ManufactureItemDescription />
      <UnitQty>יח`</UnitQty>
      <Quantity>400</Quantity>
      <UnitMeasure>גרם</UnitMeasure>
      <BisWeighted>0</BisWeighted>
      <QtyInPackage>1</QtyInPackage>
      <ItemPrice>11.90</ItemPrice>
      <UnitOfMeasurePrice>2.98</UnitOfMeasurePrice>
      <AllowDiscount>0</AllowDiscount>
      <itemStatus>1</itemStatus>
      <LastUpdateDate />
      <LastUpdateTime />
    </Product>
    <Product>
      <PriceUpdateDate>2015/07/23 09:05</PriceUpdateDate>
      <ItemCode>7290006983794</ItemCode>
      <ItemType>1</ItemType>
      <ItemName>עוגת הבית תפוז אסם (400 גרם)</ItemName>
      <ManufactureName>קבוצת אסם סחר שות. מוגבלת</ManufactureName>
      <ManufactureCountry />
      <ManufactureItemDescription />
      <UnitQty>יח`</UnitQty>
      <Quantity>400</Quantity>
      <UnitMeasure>גרם</UnitMeasure>
      <BisWeighted>0</BisWeighted>
      <QtyInPackage>1</QtyInPackage>
      <ItemPrice>11.90</ItemPrice>
      <UnitOfMeasurePrice>2.98</UnitOfMeasurePrice>
      <AllowDiscount>0</AllowDiscount>
      <itemStatus>1</itemStatus>
      <LastUpdateDate />
      <LastUpdateTime />
    </Product>
    <Product>
      <PriceUpdateDate>2015/04/14 14:16</PriceUpdateDate>
      <ItemCode>7290006984647</ItemCode>
      <ItemType>1</ItemType>
      <ItemName>פריכונים בטעם מלוח אסם (80 גרם)</ItemName>
      <ManufactureName>קבוצת אסם סחר שות. מוגבלת</ManufactureName>
      <ManufactureCountry />
      <ManufactureItemDescription />
      <UnitQty>יח`</UnitQty>
      <Quantity>80</Quantity>
      <UnitMeasure>גרם</UnitMeasure>
      <BisWeighted>0</BisWeighted>
      <QtyInPackage>1</QtyInPackage>
      <ItemPrice>7.90</ItemPrice>
      <UnitOfMeasurePrice>9.88</UnitOfMeasurePrice>
      <AllowDiscount>0</AllowDiscount>
      <itemStatus>1</itemStatus>
      <LastUpdateDate />
      <LastUpdateTime />
    </Product>
    <Product>
      <PriceUpdateDate>2014/04/28 13:13</PriceUpdateDate>
      <ItemCode>7290006992161</ItemCode>
      <ItemType>1</ItemType>
      <ItemName>דייסת קורנפלור מטרנה (200 גרם)</ItemName>
      <ManufactureName>קבוצת אסם סחר שות. מוגבלת</ManufactureName>
      <ManufactureCountry />
      <ManufactureItemDescription />
      <UnitQty>יח`</UnitQty>
      <Quantity>200</Quantity>
      <UnitMeasure>גרם</UnitMeasure>
      <BisWeighted>0</BisWeighted>
      <QtyInPackage>1</QtyInPackage>
      <ItemPrice>12.90</ItemPrice>
      <UnitOfMeasurePrice>6.45</UnitOfMeasurePrice>
      <AllowDiscount>0</AllowDiscount>
      <itemStatus>1</itemStatus>
      <LastUpdateDate />
      <LastUpdateTime />
    </Product>
    <Product>
      <PriceUpdateDate>2014/04/28 13:13</PriceUpdateDate>
      <ItemCode>7290006992185</ItemCode>
      <ItemType>1</ItemType>
      <ItemName>דייסת אורז מטרנה (200 גרם)</ItemName>
      <ManufactureName>קבוצת אסם סחר שות. מוגבלת</ManufactureName>
      <ManufactureCountry />
      <ManufactureItemDescription />
      <UnitQty>יח`</UnitQty>
      <Quantity>200</Quantity>
      <UnitMeasure>גרם</UnitMeasure>
      <BisWeighted>0</BisWeighted>
      <QtyInPackage>1</QtyInPackage>
      <ItemPrice>12.90</ItemPrice>
      <UnitOfMeasurePrice>6.45</UnitOfMeasurePrice>
      <AllowDiscount>0</AllowDiscount>
      <itemStatus>1</itemStatus>
      <LastUpdateDate />
      <LastUpdateTime />
    </Product>
    <Product>
      <PriceUpdateDate>2014/04/28 13:13</PriceUpdateDate>
      <ItemCode>7290006992192</ItemCode>
      <ItemType>1</ItemType>
      <ItemName>דייסת סולת מטרנה (200 גרם)</ItemName>
      <ManufactureName>קבוצת אסם סחר שות. מוגבלת</ManufactureName>
      <ManufactureCountry />
      <ManufactureItemDescription />
      <UnitQty>יח`</UnitQty>
      <Quantity>200</Quantity>
      <UnitMeasure>גרם</UnitMeasure>
      <BisWeighted>0</BisWeighted>
      <QtyInPackage>1</QtyInPackage>
      <ItemPrice>12.90</ItemPrice>
      <UnitOfMeasurePrice>6.45</UnitOfMeasurePrice>
      <AllowDiscount>0</AllowDiscount>
      <itemStatus>1</itemStatus>
      <LastUpdateDate />
      <LastUpdateTime />
    </Product>
    <Product>
      <PriceUpdateDate>2014/04/28 13:13</PriceUpdateDate>
      <ItemCode>7290006992208</ItemCode>
      <ItemType>1</ItemType>
      <ItemName>דייסת דגנים מעורבים מטרנה (200 גרם)</ItemName>
      <ManufactureName>קבוצת אסם סחר שות. מוגבלת</ManufactureName>
      <ManufactureCountry />
      <ManufactureItemDescription />
      <UnitQty>יח`</UnitQty>
      <Quantity>200</Quantity>
      <UnitMeasure>גרם</UnitMeasure>
      <BisWeighted>0</BisWeighted>
      <QtyInPackage>1</QtyInPackage>
      <ItemPrice>12.90</ItemPrice>
      <UnitOfMeasurePrice>6.45</UnitOfMeasurePrice>
      <AllowDiscount>0</AllowDiscount>
      <itemStatus>1</itemStatus>
      <LastUpdateDate />
      <LastUpdateTime />
    </Product>
    <Product>
      <PriceUpdateDate>2014/04/28 13:13</PriceUpdateDate>
      <ItemCode>7290006992390</ItemCode>
      <ItemType>1</ItemType>
      <ItemName>דייסת וניל מטרנה (200 גרם)</ItemName>
      <ManufactureName>קבוצת אסם סחר שות. מוגבלת</ManufactureName>
      <ManufactureCountry />
      <ManufactureItemDescription />
      <UnitQty>יח`</UnitQty>
      <Quantity>200</Quantity>
      <UnitMeasure>גרם</UnitMeasure>
      <BisWeighted>0</BisWeighted>
      <QtyInPackage>1</QtyInPackage>
      <ItemPrice>12.90</ItemPrice>
      <UnitOfMeasurePrice>6.45</UnitOfMeasurePrice>
      <AllowDiscount>0</AllowDiscount>
      <itemStatus>1</itemStatus>
      <LastUpdateDate />
      <LastUpdateTime />
    </Product>
    <Product>
      <PriceUpdateDate>2019/06/02 12:48</PriceUpdateDate>
      <ItemCode>7290008000246</ItemCode>
      <ItemType>1</ItemType>
      <ItemName>שטיפה אינטימית אלוורה פמינה (220 מל)</ItemName>
      <ManufactureName>גורי ע.ע.ע בעמ</ManufactureName>
      <ManufactureCountry />
      <ManufactureItemDescription />
      <UnitQty>יח`</UnitQty>
      <Quantity>220</Quantity>
      <UnitMeasure>מ"ל</UnitMeasure>
      <BisWeighted>0</BisWeighted>
      <QtyInPackage>1</QtyInPackage>
      <ItemPrice>22.90</ItemPrice>
      <UnitOfMeasurePrice>10.41</UnitOfMeasurePrice>
      <AllowDiscount>0</AllowDiscount>
      <itemStatus>1</itemStatus>
      <LastUpdateDate />
      <LastUpdateTime />
    </Product>
    <Product>
      <PriceUpdateDate>2014/03/03 12:30</PriceUpdateDate>
      <ItemCode>7290008000796</ItemCode>
      <ItemType>1</ItemType>
      <ItemName>סופרמן משחת שיניים לילדים</ItemName>
      <ManufactureName>גורי ע.ע.ע בעמ</ManufactureName>
      <ManufactureCountry />
      <ManufactureItemDescription />
      <UnitQty>יח`</UnitQty>
      <Quantity>50</Quantity>
      <UnitMeasure>גרם</UnitMeasure>
      <BisWeighted>0</BisWeighted>
      <QtyInPackage>1</QtyInPackage>
      <ItemPrice>9.90</ItemPrice>
      <UnitOfMeasurePrice>19.80</UnitOfMeasurePrice>
      <AllowDiscount>0</AllowDiscount>
      <itemStatus>1</itemStatus>
      <LastUpdateDate />
      <LastUpdateTime />
    </Product>
    <Product>
      <PriceUpdateDate>2014/03/03 12:30</PriceUpdateDate>
      <ItemCode>7290008000826</ItemCode>
      <ItemType>1</ItemType>
      <ItemName>ברבי משחת שיניים לילדים</ItemName>
      <ManufactureName>גורי ע.ע.ע בעמ</ManufactureName>
      <ManufactureCountry />
      <ManufactureItemDescription />
      <UnitQty>יח`</UnitQty>
      <Quantity>50</Quantity>
      <UnitMeasure>גרם</UnitMeasure>
      <BisWeighted>0</BisWeighted>
      <QtyInPackage>1</QtyInPackage>
      <ItemPrice>9.90</ItemPrice>
      <UnitOfMeasurePrice>19.80</UnitOfMeasurePrice>
      <AllowDiscount>0</AllowDiscount>
      <itemStatus>1</itemStatus>
      <LastUpdateDate />
      <LastUpdateTime />
    </Product>
    <Product>
      <PriceUpdateDate>2017/05/04 07:47</PriceUpdateDate>
      <ItemCode>7290008021043</ItemCode>
      <ItemType>1</ItemType>
      <ItemName>שמפו לשיער רגיל פינוק (700 מל)</ItemName>
      <ManufactureName>יוניליוור ישראל שיווק בעמ</ManufactureName>
      <ManufactureCountry />
      <ManufactureItemDescription />
      <UnitQty>יח`</UnitQty>
      <Quantity>700</Quantity>
      <UnitMeasure>מ"ל</UnitMeasure>
      <BisWeighted>0</BisWeighted>
      <QtyInPackage>1</QtyInPackage>
      <ItemPrice>12.90</ItemPrice>
      <UnitOfMeasurePrice>1.84</UnitOfMeasurePrice>
      <AllowDiscount>1</AllowDiscount>
      <itemStatus>1</itemStatus>
      <LastUpdateDate />
      <LastUpdateTime />
    </Product>
    <Product>
      <PriceUpdateDate>2017/05/04 07:47</PriceUpdateDate>
      <ItemCode>7290008021104</ItemCode>
      <ItemType>1</ItemType>
      <ItemName>מרכך לשיער רגיל פינוק (700 מל)</ItemName>
      <ManufactureName>יוניליוור ישראל שיווק בעמ</ManufactureName>
      <ManufactureCountry />
      <ManufactureItemDescription />
      <UnitQty>יח`</UnitQty>
      <Quantity>700</Quantity>
      <UnitMeasure>מ"ל</UnitMeasure>
      <BisWeighted>0</BisWeighted>
      <QtyInPackage>1</QtyInPackage>
      <ItemPrice>12.90</ItemPrice>
      <UnitOfMeasurePrice>1.84</UnitOfMeasurePrice>
      <AllowDiscount>1</AllowDiscount>
      <itemStatus>1</itemStatus>
      <LastUpdateDate />
      <LastUpdateTime />
    </Product>
    <Product>
      <PriceUpdateDate>2017/05/04 07:47</PriceUpdateDate>
      <ItemCode>7290008021111</ItemCode>
      <ItemType>1</ItemType>
      <ItemName>מרכך לשיער יבש פינוק (700 מל)</ItemName>
      <ManufactureName>יוניליוור ישראל שיווק בעמ</ManufactureName>
      <ManufactureCountry />
      <ManufactureItemDescription />
      <UnitQty>יח`</UnitQty>
      <Quantity>700</Quantity>
      <UnitMeasure>מ"ל</UnitMeasure>
      <BisWeighted>0</BisWeighted>
      <QtyInPackage>1</QtyInPackage>
      <ItemPrice>12.90</ItemPrice>
      <UnitOfMeasurePrice>1.84</UnitOfMeasurePrice>
      <AllowDiscount>1</AllowDiscount>
      <itemStatus>1</itemStatus>
      <LastUpdateDate />
      <LastUpdateTime />
    </Product>
    <Product>
      <PriceUpdateDate>2017/05/04 07:47</PriceUpdateDate>
      <ItemCode>7290008021135</ItemCode>
      <ItemType>1</ItemType>
      <ItemName>שמפו ומרכך לשיער רגיל פינוק (700 מל)</ItemName>
      <ManufactureName>יוניליוור ישראל שיווק בעמ</ManufactureName>
      <ManufactureCountry />
      <ManufactureItemDescription />
      <UnitQty>יח`</UnitQty>
      <Quantity>700</Quantity>
      <UnitMeasure>מ"ל</UnitMeasure>
      <BisWeighted>0</BisWeighted>
      <QtyInPackage>1</QtyInPackage>
      <ItemPrice>12.90</ItemPrice>
      <UnitOfMeasurePrice>1.84</UnitOfMeasurePrice>
      <AllowDiscount>1</AllowDiscount>
      <itemStatus>1</itemStatus>
      <LastUpdateDate />
      <LastUpdateTime />
    </Product>
    <Product>
      <PriceUpdateDate>2016/05/17 08:22</PriceUpdateDate>
      <ItemCode>7290008023542</ItemCode>
      <ItemType>1</ItemType>
      <ItemName>סיף פנטסטיק שמפו רצפות 4 ליטר</ItemName>
      <ManufactureName>יוניליוור ישראל שיווק בעמ</ManufactureName>
      <ManufactureCountry />
      <ManufactureItemDescription />
      <UnitQty>יח`</UnitQty>
      <Quantity>4000</Quantity>
      <UnitMeasure>מ"ל</UnitMeasure>
      <BisWeighted>0</BisWeighted>
      <QtyInPackage>1</QtyInPackage>
      <ItemPrice>19.90</ItemPrice>
      <UnitOfMeasurePrice>0.50</UnitOfMeasurePrice>
      <AllowDiscount>0</AllowDiscount>
      <itemStatus>1</itemStatus>
      <LastUpdateDate />
      <LastUpdateTime />
    </Product>
    <Product>
      <PriceUpdateDate>2018/06/10 18:40</PriceUpdateDate>
      <ItemCode>7290008101257</ItemCode>
      <ItemType>1</ItemType>
      <ItemName>זרעי צ`יה 300 גר` תבליני מימון</ItemName>
      <ManufactureName>א.ל.ייצור ושיווק תבלינים בעמ</ManufactureName>
      <ManufactureCountry />
      <ManufactureItemDescription />
      <UnitQty>יח`</UnitQty>
      <Quantity>300</Quantity>
      <UnitMeasure>גרם</UnitMeasure>
      <BisWeighted>0</BisWeighted>
      <QtyInPackage>1</QtyInPackage>
      <ItemPrice>27.90</ItemPrice>
      <UnitOfMeasurePrice>9.30</UnitOfMeasurePrice>
      <AllowDiscount>1</AllowDiscount>
      <itemStatus>1</itemStatus>
      <LastUpdateDate />
      <LastUpdateTime />
    </Product>
    <Product>
      <PriceUpdateDate>2019/06/02 12:48</PriceUpdateDate>
      <ItemCode>7290008104050</ItemCode>
      <ItemType>1</ItemType>
      <ItemName>שטיפה אינטימית קלאסית פמינה (220 מל)</ItemName>
      <ManufactureName>גורי ע.ע.ע בעמ</ManufactureName>
      <ManufactureCountry />
      <ManufactureItemDescription />
      <UnitQty>יח`</UnitQty>
      <Quantity>220</Quantity>
      <UnitMeasure>מ"ל</UnitMeasure>
      <BisWeighted>0</BisWeighted>
      <QtyInPackage>1</QtyInPackage>
      <ItemPrice>22.90</ItemPrice>
      <UnitOfMeasurePrice>10.41</UnitOfMeasurePrice>
      <AllowDiscount>0</AllowDiscount>
      <itemStatus>1</itemStatus>
      <LastUpdateDate />
      <LastUpdateTime />
    </Product>
    <Product>
      <PriceUpdateDate>2018/05/06 11:37</PriceUpdateDate>
      <ItemCode>7290008116862</ItemCode>
      <ItemType>1</ItemType>
      <ItemName>בלנאום בייבי שמן אמבט ביסייק 500 מל</ItemName>
      <ManufactureName>שקד תבל בעמ</ManufactureName>
      <ManufactureCountry />
      <ManufactureItemDescription />
      <UnitQty>יח`</UnitQty>
      <Quantity>500</Quantity>
      <UnitMeasure>מ"ל</UnitMeasure>
      <BisWeighted>0</BisWeighted>
      <QtyInPackage>1</QtyInPackage>
      <ItemPrice>69.90</ItemPrice>
      <UnitOfMeasurePrice>13.98</UnitOfMeasurePrice>
      <AllowDiscount>0</AllowDiscount>
      <itemStatus>1</itemStatus>
      <LastUpdateDate />
      <LastUpdateTime />
    </Product>
    <Product>
      <PriceUpdateDate>2013/12/31 12:18</PriceUpdateDate>
      <ItemCode>7290008154222</ItemCode>
      <ItemType>1</ItemType>
      <ItemName>שניצלונים 700 גר` עוף טוב</ItemName>
      <ManufactureName>קבוצת אסם סחר שות. מוגבלת</ManufactureName>
      <ManufactureCountry />
      <ManufactureItemDescription />
      <UnitQty>יח`</UnitQty>
      <Quantity>700</Quantity>
      <UnitMeasure>גרם</UnitMeasure>
      <BisWeighted>0</BisWeighted>
      <QtyInPackage>1</QtyInPackage>
      <ItemPrice>19.90</ItemPrice>
      <UnitOfMeasurePrice>2.84</UnitOfMeasurePrice>
      <AllowDiscount>0</AllowDiscount>
      <itemStatus>1</itemStatus>
      <LastUpdateDate />
      <LastUpdateTime />
    </Product>
    <Product>
      <PriceUpdateDate>2019/09/04 09:42</PriceUpdateDate>
      <ItemCode>7290008175173</ItemCode>
      <ItemType>1</ItemType>
      <ItemName>חמאה מפינלנד ללא תוספת מלח (200 גרם)</ItemName>
      <ManufactureName>ג.וילי-פוד אינטרנשיונל בעמ</ManufactureName>
      <ManufactureCountry />
      <ManufactureItemDescription />
      <UnitQty>יח`</UnitQty>
      <Quantity>200</Quantity>
      <UnitMeasure>גרם</UnitMeasure>
      <BisWeighted>0</BisWeighted>
      <QtyInPackage>1</QtyInPackage>
      <ItemPrice>11.90</ItemPrice>
      <UnitOfMeasurePrice>5.95</UnitOfMeasurePrice>
      <AllowDiscount>0</AllowDiscount>
      <itemStatus>1</itemStatus>
      <LastUpdateDate />
      <LastUpdateTime />
    </Product>
    <Product>
      <PriceUpdateDate>2015/05/27 13:13</PriceUpdateDate>
      <ItemCode>7290008175210</ItemCode>
      <ItemType>1</ItemType>
      <ItemName>פרמז`נו מגורדת 90 גר`</ItemName>
      <ManufactureName>ג.וילי-פוד אינטרנשיונל בעמ</ManufactureName>
      <ManufactureCountry />
      <ManufactureItemDescription />
      <UnitQty>יח`</UnitQty>
      <Quantity>90</Quantity>
      <UnitMeasure>גרם</UnitMeasure>
      <BisWeighted>0</BisWeighted>
      <QtyInPackage>1</QtyInPackage>
      <ItemPrice>15.90</ItemPrice>
      <UnitOfMeasurePrice>17.67</UnitOfMeasurePrice>
      <AllowDiscount>1</AllowDiscount>
      <itemStatus>1</itemStatus>
      <LastUpdateDate />
      <LastUpdateTime />
    </Product>
    <Product>
      <PriceUpdateDate>2014/05/14 09:59</PriceUpdateDate>
      <ItemCode>7290008175692</ItemCode>
      <ItemType>1</ItemType>
      <ItemName>איטריות נודלס 400 גר`</ItemName>
      <ManufactureName>ג.וילי-פוד אינטרנשיונל בעמ</ManufactureName>
      <ManufactureCountry />
      <ManufactureItemDescription />
      <UnitQty>יח`</UnitQty>
      <Quantity>400</Quantity>
      <UnitMeasure>גרם</UnitMeasure>
      <BisWeighted>0</BisWeighted>
      <QtyInPackage>1</QtyInPackage>
      <ItemPrice>5.90</ItemPrice>
      <UnitOfMeasurePrice>1.48</UnitOfMeasurePrice>
      <AllowDiscount>0</AllowDiscount>
      <itemStatus>1</itemStatus>
      <LastUpdateDate />
      <LastUpdateTime />
    </Product>
    <Product>
      <PriceUpdateDate>2014/07/31 09:53</PriceUpdateDate>
      <ItemCode>7290008190640</ItemCode>
      <ItemType>1</ItemType>
      <ItemName>וופל שוקולד לבן וקרם אגוזים 110 גר` אגו</ItemName>
      <ManufactureName>כרמית תעשיות ממתקים בעמ</ManufactureName>
      <ManufactureCountry />
      <ManufactureItemDescription />
      <UnitQty>יח`</UnitQty>
      <Quantity>130</Quantity>
      <UnitMeasure>גרם</UnitMeasure>
      <BisWeighted>0</BisWeighted>
      <QtyInPackage>1</QtyInPackage>
      <ItemPrice>8.90</ItemPrice>
      <UnitOfMeasurePrice>6.85</UnitOfMeasurePrice>
      <AllowDiscount>1</AllowDiscount>
      <itemStatus>1</itemStatus>
      <LastUpdateDate />
      <LastUpdateTime />
    </Product>
    <Product>
      <PriceUpdateDate>2014/07/31 09:53</PriceUpdateDate>
      <ItemCode>7290008190664</ItemCode>
      <ItemType>1</ItemType>
      <ItemName>אגו משפחתי חלב בלמינט 130 גר` * 13 יח`</ItemName>
      <ManufactureName>כרמית תעשיות ממתקים בעמ</ManufactureName>
      <ManufactureCountry />
      <ManufactureItemDescription />
      <UnitQty>יח`</UnitQty>
      <Quantity>130</Quantity>
      <UnitMeasure>גרם</UnitMeasure>
      <BisWeighted>0</BisWeighted>
      <QtyInPackage>1</QtyInPackage>
      <ItemPrice>8.90</ItemPrice>
      <UnitOfMeasurePrice>6.85</UnitOfMeasurePrice>
      <AllowDiscount>1</AllowDiscount>
      <itemStatus>1</itemStatus>
      <LastUpdateDate />
      <LastUpdateTime />
    </Product>
    <Product>
      <PriceUpdateDate>2016/05/11 10:13</PriceUpdateDate>
      <ItemCode>7290008190909</ItemCode>
      <ItemType>1</ItemType>
      <ItemName>מיני קוקיס שוקו ציפס 600ג`</ItemName>
      <ManufactureName>כרמית תעשיות ממתקים בעמ</ManufactureName>
      <ManufactureCountry />
      <ManufactureItemDescription />
      <UnitQty>יח`</UnitQty>
      <Quantity>600</Quantity>
      <UnitMeasure>גרם</UnitMeasure>
      <BisWeighted>0</BisWeighted>
      <QtyInPackage>1</QtyInPackage>
      <ItemPrice>17.90</ItemPrice>
      <UnitOfMeasurePrice>2.98</UnitOfMeasurePrice>
      <AllowDiscount>1</AllowDiscount>
      <itemStatus>1</itemStatus>
      <LastUpdateDate />
      <LastUpdateTime />
    </Product>
    <Product>
      <PriceUpdateDate>2018/01/08 07:42</PriceUpdateDate>
      <ItemCode>7290008194266</ItemCode>
      <ItemType>1</ItemType>
      <ItemName>ממתקי מארזים 350 גר`</ItemName>
      <ManufactureName>ממתקי השלום בעולם בעמ</ManufactureName>
      <ManufactureCountry />
      <ManufactureItemDescription />
      <UnitQty>יח`</UnitQty>
      <Quantity>350</Quantity>
      <UnitMeasure>גרם</UnitMeasure>
      <BisWeighted>0</BisWeighted>
      <QtyInPackage>1</QtyInPackage>
      <ItemPrice>12.90</ItemPrice>
      <UnitOfMeasurePrice>3.69</UnitOfMeasurePrice>
      <AllowDiscount>0</AllowDiscount>
      <itemStatus>1</itemStatus>
      <LastUpdateDate />
      <LastUpdateTime />
    </Product>
    <Product>
      <PriceUpdateDate>2018/09/04 17:17</PriceUpdateDate>
      <ItemCode>7290008298285</ItemCode>
      <ItemType>1</ItemType>
      <ItemName>קבב מסעדות חלק 600 גר`</ItemName>
      <ManufactureName>לוגסי מ.ס. מוצרי בשר בעמ</ManufactureName>
      <ManufactureCountry />
      <ManufactureItemDescription />
      <UnitQty>יח`</UnitQty>
      <Quantity>600</Quantity>
      <UnitMeasure>גרם</UnitMeasure>
      <BisWeighted>0</BisWeighted>
      <QtyInPackage>1</QtyInPackage>
      <ItemPrice>25.90</ItemPrice>
      <UnitOfMeasurePrice>4.32</UnitOfMeasurePrice>
      <AllowDiscount>0</AllowDiscount>
      <itemStatus>1</itemStatus>
      <LastUpdateDate />
      <LastUpdateTime />
    </Product>
    <Product>
      <PriceUpdateDate>2018/10/28 12:15</PriceUpdateDate>
      <ItemCode>7290008328913</ItemCode>
      <ItemType>1</ItemType>
      <ItemName>סילאן תמרים טהור 900 גרם</ItemName>
      <ManufactureName>בני ג`ורג` שוקחה (חיפה) בעמ</ManufactureName>
      <ManufactureCountry />
      <ManufactureItemDescription />
      <UnitQty>יח`</UnitQty>
      <Quantity>900</Quantity>
      <UnitMeasure>גרם</UnitMeasure>
      <BisWeighted>0</BisWeighted>
      <QtyInPackage>1</QtyInPackage>
      <ItemPrice>16.90</ItemPrice>
      <UnitOfMeasurePrice>1.88</UnitOfMeasurePrice>
      <AllowDiscount>0</AllowDiscount>
      <itemStatus>1</itemStatus>
      <LastUpdateDate />
      <LastUpdateTime />
    </Product>
    <Product>
      <PriceUpdateDate>2015/12/02 11:49</PriceUpdateDate>
      <ItemCode>7290008330381</ItemCode>
      <ItemType>1</ItemType>
      <ItemName>בדין דפי מרכך</ItemName>
      <ManufactureName>יוניליוור ישראל שיווק בעמ</ManufactureName>
      <ManufactureCountry />
      <ManufactureItemDescription />
      <UnitQty>יח`</UnitQty>
      <Quantity>1</Quantity>
      <UnitMeasure />
      <BisWeighted>0</BisWeighted>
      <QtyInPackage>1</QtyInPackage>
      <ItemPrice>18.90</ItemPrice>
      <UnitOfMeasurePrice>18.90</UnitOfMeasurePrice>
      <AllowDiscount>1</AllowDiscount>
      <itemStatus>1</itemStatus>
      <LastUpdateDate />
      <LastUpdateTime />
    </Product>
    <Product>
      <PriceUpdateDate>2015/01/20 08:50</PriceUpdateDate>
      <ItemCode>7290008333115</ItemCode>
      <ItemType>1</ItemType>
      <ItemName>ג`לטין דגים טהור</ItemName>
      <ManufactureName>נטו מלינדה סחר בעמ</ManufactureName>
      <ManufactureCountry />
      <ManufactureItemDescription />
      <UnitQty>יח`</UnitQty>
      <Quantity>28</Quantity>
      <UnitMeasure>גרם</UnitMeasure>
      <BisWeighted>0</BisWeighted>
      <QtyInPackage>1</QtyInPackage>
      <ItemPrice>10.90</ItemPrice>
      <UnitOfMeasurePrice>38.93</UnitOfMeasurePrice>
      <AllowDiscount>0</AllowDiscount>
      <itemStatus>1</itemStatus>
      <LastUpdateDate />
      <LastUpdateTime />
    </Product>
    <Product>
      <PriceUpdateDate>2015/03/03 16:32</PriceUpdateDate>
      <ItemCode>7290008343466</ItemCode>
      <ItemType>1</ItemType>
      <ItemName>בצק פילו שלושת האופים (500 גרם)</ItemName>
      <ManufactureName>נטו מלינדה סחר בעמ</ManufactureName>
      <ManufactureCountry />
      <ManufactureItemDescription />
      <UnitQty>יח`</UnitQty>
      <Quantity>500</Quantity>
      <UnitMeasure>גרם</UnitMeasure>
      <BisWeighted>0</BisWeighted>
      <QtyInPackage>1</QtyInPackage>
      <ItemPrice>19.90</ItemPrice>
      <UnitOfMeasurePrice>3.98</UnitOfMeasurePrice>
      <AllowDiscount>1</AllowDiscount>
      <itemStatus>1</itemStatus>
      <LastUpdateDate />
      <LastUpdateTime />
    </Product>
    <Product>
      <PriceUpdateDate>2015/03/03 16:32</PriceUpdateDate>
      <ItemCode>7290008343503</ItemCode>
      <ItemType>1</ItemType>
      <ItemName>ג`חנון אפוי 650 גר`</ItemName>
      <ManufactureName>נטו מלינדה סחר בעמ</ManufactureName>
      <ManufactureCountry />
      <ManufactureItemDescription />
      <UnitQty>יח`</UnitQty>
      <Quantity>650</Quantity>
      <UnitMeasure>גרם</UnitMeasure>
      <BisWeighted>0</BisWeighted>
      <QtyInPackage>1</QtyInPackage>
      <ItemPrice>21.90</ItemPrice>
      <UnitOfMeasurePrice>3.37</UnitOfMeasurePrice>
      <AllowDiscount>1</AllowDiscount>
      <itemStatus>1</itemStatus>
      <LastUpdateDate />
      <LastUpdateTime />
    </Product>
    <Product>
      <PriceUpdateDate>2018/10/11 19:17</PriceUpdateDate>
      <ItemCode>7290008343558</ItemCode>
      <ItemType>1</ItemType>
      <ItemName>סיגרים בשר 1 קג שלושת האופים</ItemName>
      <ManufactureName>נטו מלינדה סחר בעמ</ManufactureName>
      <ManufactureCountry />
      <ManufactureItemDescription />
      <UnitQty>יח`</UnitQty>
      <Quantity>1000</Quantity>
      <UnitMeasure>גרם</UnitMeasure>
      <BisWeighted>0</BisWeighted>
      <QtyInPackage>1</QtyInPackage>
      <ItemPrice>16.90</ItemPrice>
      <UnitOfMeasurePrice>1.69</UnitOfMeasurePrice>
      <AllowDiscount>0</AllowDiscount>
      <itemStatus>1</itemStatus>
      <LastUpdateDate />
      <LastUpdateTime />
    </Product>
    <Product>
      <PriceUpdateDate>2018/10/11 19:17</PriceUpdateDate>
      <ItemCode>7290008343565</ItemCode>
      <ItemType>1</ItemType>
      <ItemName>סיגרים תפוא 1 קג שלושת האופים</ItemName>
      <ManufactureName>נטו מלינדה סחר בעמ</ManufactureName>
      <ManufactureCountry />
      <ManufactureItemDescription />
      <UnitQty>יח`</UnitQty>
      <Quantity>1000</Quantity>
      <UnitMeasure>גרם</UnitMeasure>
      <BisWeighted>0</BisWeighted>
      <QtyInPackage>1</QtyInPackage>
      <ItemPrice>16.90</ItemPrice>
      <UnitOfMeasurePrice>1.69</UnitOfMeasurePrice>
      <AllowDiscount>0</AllowDiscount>
      <itemStatus>1</itemStatus>
      <LastUpdateDate />
      <LastUpdateTime />
    </Product>
    <Product>
      <PriceUpdateDate>2018/10/11 19:17</PriceUpdateDate>
      <ItemCode>7290008343602</ItemCode>
      <ItemType>1</ItemType>
      <ItemName>קובה בשר מטוגן 1 קג</ItemName>
      <ManufactureName>נטו מלינדה סחר בעמ</ManufactureName>
      <ManufactureCountry />
      <ManufactureItemDescription />
      <UnitQty>יח`</UnitQty>
      <Quantity>1000</Quantity>
      <UnitMeasure>גרם</UnitMeasure>
      <BisWeighted>0</BisWeighted>
      <QtyInPackage>1</QtyInPackage>
      <ItemPrice>16.90</ItemPrice>
      <UnitOfMeasurePrice>1.69</UnitOfMeasurePrice>
      <AllowDiscount>0</AllowDiscount>
      <itemStatus>1</itemStatus>
      <LastUpdateDate />
      <LastUpdateTime />
    </Product>
    <Product>
      <PriceUpdateDate>2018/10/11 19:17</PriceUpdateDate>
      <ItemCode>7290008343619</ItemCode>
      <ItemType>1</ItemType>
      <ItemName>פסטלים תפוא 1 קג שלושת האופים</ItemName>
      <ManufactureName>נטו מלינדה סחר בעמ</ManufactureName>
      <ManufactureCountry />
      <ManufactureItemDescription />
      <UnitQty>יח`</UnitQty>
      <Quantity>1000</Quantity>
      <UnitMeasure>גרם</UnitMeasure>
      <BisWeighted>0</BisWeighted>
      <QtyInPackage>1</QtyInPackage>
      <ItemPrice>16.90</ItemPrice>
      <UnitOfMeasurePrice>1.69</UnitOfMeasurePrice>
      <AllowDiscount>0</AllowDiscount>
      <itemStatus>1</itemStatus>
      <LastUpdateDate />
      <LastUpdateTime />
    </Product>
    <Product>
      <PriceUpdateDate>2018/10/11 19:17</PriceUpdateDate>
      <ItemCode>7290008343626</ItemCode>
      <ItemType>1</ItemType>
      <ItemName>כדורי פלאפל 1 קג-שלושת  האופים</ItemName>
      <ManufactureName>נטו מלינדה סחר בעמ</ManufactureName>
      <ManufactureCountry />
      <ManufactureItemDescription />
      <UnitQty>יח`</UnitQty>
      <Quantity>1000</Quantity>
      <UnitMeasure>גרם</UnitMeasure>
      <BisWeighted>0</BisWeighted>
      <QtyInPackage>1</QtyInPackage>
      <ItemPrice>16.90</ItemPrice>
      <UnitOfMeasurePrice>1.69</UnitOfMeasurePrice>
      <AllowDiscount>0</AllowDiscount>
      <itemStatus>1</itemStatus>
      <LastUpdateDate />
      <LastUpdateTime />
    </Product>
    <Product>
      <PriceUpdateDate>2019/02/03 12:21</PriceUpdateDate>
      <ItemCode>7290008344258</ItemCode>
      <ItemType>1</ItemType>
      <ItemName>המבורגר מיזרחי 400 גר` טיבונוויל</ItemName>
      <ManufactureName>נטו מלינדה סחר בעמ</ManufactureName>
      <ManufactureCountry />
      <ManufactureItemDescription />
      <UnitQty>יח`</UnitQty>
      <Quantity>400</Quantity>
      <UnitMeasure>גרם</UnitMeasure>
      <BisWeighted>0</BisWeighted>
      <QtyInPackage>1</QtyInPackage>
      <ItemPrice>20.90</ItemPrice>
      <UnitOfMeasurePrice>5.23</UnitOfMeasurePrice>
      <AllowDiscount>1</AllowDiscount>
      <itemStatus>1</itemStatus>
      <LastUpdateDate />
      <LastUpdateTime />
    </Product>
    <Product>
      <PriceUpdateDate>2019/02/03 12:21</PriceUpdateDate>
      <ItemCode>7290008344272</ItemCode>
      <ItemType>1</ItemType>
      <ItemName>המבורגר 100% 400 גר` טיבונוויל</ItemName>
      <ManufactureName>נטו מלינדה סחר בעמ</ManufactureName>
      <ManufactureCountry />
      <ManufactureItemDescription />
      <UnitQty>יח`</UnitQty>
      <Quantity>400</Quantity>
      <UnitMeasure>גרם</UnitMeasure>
      <BisWeighted>0</BisWeighted>
      <QtyInPackage>1</QtyInPackage>
      <ItemPrice>20.90</ItemPrice>
      <UnitOfMeasurePrice>5.23</UnitOfMeasurePrice>
      <AllowDiscount>1</AllowDiscount>
      <itemStatus>1</itemStatus>
      <LastUpdateDate />
      <LastUpdateTime />
    </Product>
    <Product>
      <PriceUpdateDate>2015/12/02 11:46</PriceUpdateDate>
      <ItemCode>7290008345583</ItemCode>
      <ItemType>1</ItemType>
      <ItemName>סלט איקרה ביתית ורודה דלידג (300 גרם)</ItemName>
      <ManufactureName>נטו מלינדה סחר בעמ</ManufactureName>
      <ManufactureCountry />
      <ManufactureItemDescription />
      <UnitQty>יח`</UnitQty>
      <Quantity>300</Quantity>
      <UnitMeasure>גרם</UnitMeasure>
      <BisWeighted>0</BisWeighted>
      <QtyInPackage>1</QtyInPackage>
      <ItemPrice>17.90</ItemPrice>
      <UnitOfMeasurePrice>5.97</UnitOfMeasurePrice>
      <AllowDiscount>0</AllowDiscount>
      <itemStatus>1</itemStatus>
      <LastUpdateDate />
      <LastUpdateTime />
    </Product>
    <Product>
      <PriceUpdateDate>2016/12/12 08:55</PriceUpdateDate>
      <ItemCode>7290008409049</ItemCode>
      <ItemType>1</ItemType>
      <ItemName>מיני מיני דק שניצלונים בציפוי שומשום מאמ</ItemName>
      <ManufactureName>תנובה קפואים</ManufactureName>
      <ManufactureCountry />
      <ManufactureItemDescription />
      <UnitQty>יח`</UnitQty>
      <Quantity>500</Quantity>
      <UnitMeasure>גרם</UnitMeasure>
      <BisWeighted>0</BisWeighted>
      <QtyInPackage>1</QtyInPackage>
      <ItemPrice>26.90</ItemPrice>
      <UnitOfMeasurePrice>5.38</UnitOfMeasurePrice>
      <AllowDiscount>0</AllowDiscount>
      <itemStatus>1</itemStatus>
      <LastUpdateDate />
      <LastUpdateTime />
    </Product>
    <Product>
      <PriceUpdateDate>2015/12/01 12:09</PriceUpdateDate>
      <ItemCode>7290008409100</ItemCode>
      <ItemType>1</ItemType>
      <ItemName>אצבעות שניצל שומשום מאמא עוף (700 גרם)</ItemName>
      <ManufactureName>תנובה קפואים</ManufactureName>
      <ManufactureCountry />
      <ManufactureItemDescription />
      <UnitQty>יח`</UnitQty>
      <Quantity>600</Quantity>
      <UnitMeasure>גרם</UnitMeasure>
      <BisWeighted>0</BisWeighted>
      <QtyInPackage>1</QtyInPackage>
      <ItemPrice>36</ItemPrice>
      <UnitOfMeasurePrice>6</UnitOfMeasurePrice>
      <AllowDiscount>1</AllowDiscount>
      <itemStatus>1</itemStatus>
      <LastUpdateDate />
      <LastUpdateTime />
    </Product>
    <Product>
      <PriceUpdateDate>2015/12/01 12:09</PriceUpdateDate>
      <ItemCode>7290008409124</ItemCode>
      <ItemType>1</ItemType>
      <ItemName>שניצל ג`ונגל מאמא עוף (700 גרם)</ItemName>
      <ManufactureName>תנובה קפואים</ManufactureName>
      <ManufactureCountry />
      <ManufactureItemDescription />
      <UnitQty>יח`</UnitQty>
      <Quantity>700</Quantity>
      <UnitMeasure>גרם</UnitMeasure>
      <BisWeighted>0</BisWeighted>
      <QtyInPackage>1</QtyInPackage>
      <ItemPrice>36</ItemPrice>
      <UnitOfMeasurePrice>5.14</UnitOfMeasurePrice>
      <AllowDiscount>1</AllowDiscount>
      <itemStatus>1</itemStatus>
      <LastUpdateDate />
      <LastUpdateTime />
    </Product>
    <Product>
      <PriceUpdateDate>2015/05/27 12:39</PriceUpdateDate>
      <ItemCode>7290008409216</ItemCode>
      <ItemType>1</ItemType>
      <ItemName>שניצל דק דק פריך מאמא עוף (700 גרם)</ItemName>
      <ManufactureName>תנובה קפואים</ManufactureName>
      <ManufactureCountry />
      <ManufactureItemDescription />
      <UnitQty>יח`</UnitQty>
      <Quantity>700</Quantity>
      <UnitMeasure>גרם</UnitMeasure>
      <BisWeighted>0</BisWeighted>
      <QtyInPackage>1</QtyInPackage>
      <ItemPrice>42.90</ItemPrice>
      <UnitOfMeasurePrice>6.13</UnitOfMeasurePrice>
      <AllowDiscount>0</AllowDiscount>
      <itemStatus>1</itemStatus>
      <LastUpdateDate />
      <LastUpdateTime />
    </Product>
    <Product>
      <PriceUpdateDate>2015/05/27 12:39</PriceUpdateDate>
      <ItemCode>7290008409223</ItemCode>
      <ItemType>1</ItemType>
      <ItemName>שניצל דק דק מתובל מאמא עוף (700 גרם)</ItemName>
      <ManufactureName>תנובה קפואים</ManufactureName>
      <ManufactureCountry />
      <ManufactureItemDescription />
      <UnitQty>יח`</UnitQty>
      <Quantity>700</Quantity>
      <UnitMeasure>גרם</UnitMeasure>
      <BisWeighted>0</BisWeighted>
      <QtyInPackage>1</QtyInPackage>
      <ItemPrice>42.90</ItemPrice>
      <UnitOfMeasurePrice>6.13</UnitOfMeasurePrice>
      <AllowDiscount>0</AllowDiscount>
      <itemStatus>1</itemStatus>
      <LastUpdateDate />
      <LastUpdateTime />
    </Product>
    <Product>
      <PriceUpdateDate>2016/12/12 08:55</PriceUpdateDate>
      <ItemCode>7290008409315</ItemCode>
      <ItemType>1</ItemType>
      <ItemName>מיני מינידק שניצלונים בציפוי פריך 500 גר</ItemName>
      <ManufactureName>תנובה קפואים</ManufactureName>
      <ManufactureCountry />
      <ManufactureItemDescription />
      <UnitQty>יח`</UnitQty>
      <Quantity>500</Quantity>
      <UnitMeasure>גרם</UnitMeasure>
      <BisWeighted>0</BisWeighted>
      <QtyInPackage>1</QtyInPackage>
      <ItemPrice>26.90</ItemPrice>
      <UnitOfMeasurePrice>5.38</UnitOfMeasurePrice>
      <AllowDiscount>0</AllowDiscount>
      <itemStatus>1</itemStatus>
      <LastUpdateDate />
      <LastUpdateTime />
    </Product>
    <Product>
      <PriceUpdateDate>2015/05/27 12:39</PriceUpdateDate>
      <ItemCode>7290008409407</ItemCode>
      <ItemType>1</ItemType>
      <ItemName>שניצל דק דק צ`יפס מאמא עוף (700 גרם)</ItemName>
      <ManufactureName>תנובה קפואים</ManufactureName>
      <ManufactureCountry />
      <ManufactureItemDescription />
      <UnitQty>יח`</UnitQty>
      <Quantity>100</Quantity>
      <UnitMeasure>גרם</UnitMeasure>
      <BisWeighted>0</BisWeighted>
      <QtyInPackage>1</QtyInPackage>
      <ItemPrice>42.90</ItemPrice>
      <UnitOfMeasurePrice>42.90</UnitOfMeasurePrice>
      <AllowDiscount>0</AllowDiscount>
      <itemStatus>1</itemStatus>
      <LastUpdateDate />
      <LastUpdateTime />
    </Product>
    <Product>
      <PriceUpdateDate>2015/01/28 13:42</PriceUpdateDate>
      <ItemCode>7290008409544</ItemCode>
      <ItemType>1</ItemType>
      <ItemName>שניצל עוף אמיתי מאמא עוף (700 גרם)</ItemName>
      <ManufactureName>תנובה קפואים</ManufactureName>
      <ManufactureCountry />
      <ManufactureItemDescription />
      <UnitQty>יח`</UnitQty>
      <Quantity>700</Quantity>
      <UnitMeasure>גרם</UnitMeasure>
      <BisWeighted>0</BisWeighted>
      <QtyInPackage>1</QtyInPackage>
      <ItemPrice>42.90</ItemPrice>
      <UnitOfMeasurePrice>6.13</UnitOfMeasurePrice>
      <AllowDiscount>1</AllowDiscount>
      <itemStatus>1</itemStatus>
      <LastUpdateDate />
      <LastUpdateTime />
    </Product>
    <Product>
      <PriceUpdateDate>2017/06/05 11:17</PriceUpdateDate>
      <ItemCode>7290008409551</ItemCode>
      <ItemType>1</ItemType>
      <ItemName>שניצל עוף ציפוי מעודן מאמא עוף</ItemName>
      <ManufactureName>תנובה קפואים</ManufactureName>
      <ManufactureCountry />
      <ManufactureItemDescription />
      <UnitQty>יח`</UnitQty>
      <Quantity>700</Quantity>
      <UnitMeasure>גרם</UnitMeasure>
      <BisWeighted>0</BisWeighted>
      <QtyInPackage>1</QtyInPackage>
      <ItemPrice>42.90</ItemPrice>
      <UnitOfMeasurePrice>6.13</UnitOfMeasurePrice>
      <AllowDiscount>1</AllowDiscount>
      <itemStatus>1</itemStatus>
      <LastUpdateDate />
      <LastUpdateTime />
    </Product>
    <Product>
      <PriceUpdateDate>2015/01/28 13:42</PriceUpdateDate>
      <ItemCode>7290008409568</ItemCode>
      <ItemType>1</ItemType>
      <ItemName>שניצל צ`יפס אמיתי מאמא עוף (700 גרם)</ItemName>
      <ManufactureName>תנובה קפואים</ManufactureName>
      <ManufactureCountry />
      <ManufactureItemDescription />
      <UnitQty>יח`</UnitQty>
      <Quantity>700</Quantity>
      <UnitMeasure>גרם</UnitMeasure>
      <BisWeighted>0</BisWeighted>
      <QtyInPackage>1</QtyInPackage>
      <ItemPrice>42.90</ItemPrice>
      <UnitOfMeasurePrice>6.13</UnitOfMeasurePrice>
      <AllowDiscount>1</AllowDiscount>
      <itemStatus>1</itemStatus>
      <LastUpdateDate />
      <LastUpdateTime />
    </Product>
    <Product>
      <PriceUpdateDate>2017/06/05 11:17</PriceUpdateDate>
      <ItemCode>7290008409582</ItemCode>
      <ItemType>1</ItemType>
      <ItemName>שניצל עוף אמיתי ביתי מאמא עוף</ItemName>
      <ManufactureName>תנובה קפואים</ManufactureName>
      <ManufactureCountry />
      <ManufactureItemDescription />
      <UnitQty>יח`</UnitQty>
      <Quantity>700</Quantity>
      <UnitMeasure>גרם</UnitMeasure>
      <BisWeighted>0</BisWeighted>
      <QtyInPackage>1</QtyInPackage>
      <ItemPrice>42.90</ItemPrice>
      <UnitOfMeasurePrice>6.13</UnitOfMeasurePrice>
      <AllowDiscount>1</AllowDiscount>
      <itemStatus>1</itemStatus>
      <LastUpdateDate />
      <LastUpdateTime />
    </Product>
    <Product>
      <PriceUpdateDate>2015/03/02 11:51</PriceUpdateDate>
      <ItemCode>7290008409605</ItemCode>
      <ItemType>1</ItemType>
      <ItemName>כוכבי עוף בציפוי מעודן 700 גר` מאמא עוף</ItemName>
      <ManufactureName>תנובה קפואים</ManufactureName>
      <ManufactureCountry />
      <ManufactureItemDescription />
      <UnitQty>יח`</UnitQty>
      <Quantity>700</Quantity>
      <UnitMeasure>גרם</UnitMeasure>
      <BisWeighted>0</BisWeighted>
      <QtyInPackage>1</QtyInPackage>
      <ItemPrice>36</ItemPrice>
      <UnitOfMeasurePrice>5.14</UnitOfMeasurePrice>
      <AllowDiscount>1</AllowDiscount>
      <itemStatus>1</itemStatus>
      <LastUpdateDate />
      <LastUpdateTime />
    </Product>
    <Product>
      <PriceUpdateDate>2018/02/07 15:24</PriceUpdateDate>
      <ItemCode>7290008415071</ItemCode>
      <ItemType>1</ItemType>
      <ItemName>חומוס עם טחינה צבר (150 גרם)</ItemName>
      <ManufactureName>קבוצת אסם סחר שות. מוגבלת</ManufactureName>
      <ManufactureCountry />
      <ManufactureItemDescription />
      <UnitQty>יח`</UnitQty>
      <Quantity>150</Quantity>
      <UnitMeasure>גרם</UnitMeasure>
      <BisWeighted>0</BisWeighted>
      <QtyInPackage>1</QtyInPackage>
      <ItemPrice>4.90</ItemPrice>
      <UnitOfMeasurePrice>3.27</UnitOfMeasurePrice>
      <AllowDiscount>0</AllowDiscount>
      <itemStatus>1</itemStatus>
      <LastUpdateDate />
      <LastUpdateTime />
    </Product>
    <Product>
      <PriceUpdateDate>2018/02/07 15:24</PriceUpdateDate>
      <ItemCode>7290008415514</ItemCode>
      <ItemType>1</ItemType>
      <ItemName>צבר חומוס+חריף 150</ItemName>
      <ManufactureName>קבוצת אסם סחר שות. מוגבלת</ManufactureName>
      <ManufactureCountry />
      <ManufactureItemDescription />
      <UnitQty>יח`</UnitQty>
      <Quantity>150</Quantity>
      <UnitMeasure>גרם</UnitMeasure>
      <BisWeighted>0</BisWeighted>
      <QtyInPackage>1</QtyInPackage>
      <ItemPrice>4.90</ItemPrice>
      <UnitOfMeasurePrice>3.27</UnitOfMeasurePrice>
      <AllowDiscount>0</AllowDiscount>
      <itemStatus>1</itemStatus>
      <LastUpdateDate />
      <LastUpdateTime />
    </Product>
    <Product>
      <PriceUpdateDate>2019/02/03 12:29</PriceUpdateDate>
      <ItemCode>7290008443616</ItemCode>
      <ItemType>1</ItemType>
      <ItemName>נקה 7 מרכך 750 מל ורוד</ItemName>
      <ManufactureName>החברה הדרומית לשיווק בעמ</ManufactureName>
      <ManufactureCountry />
      <ManufactureItemDescription />
      <UnitQty>יח`</UnitQty>
      <Quantity>750</Quantity>
      <UnitMeasure>מ"ל</UnitMeasure>
      <BisWeighted>0</BisWeighted>
      <QtyInPackage>1</QtyInPackage>
      <ItemPrice>10.90</ItemPrice>
      <UnitOfMeasurePrice>1.45</UnitOfMeasurePrice>
      <AllowDiscount>1</AllowDiscount>
      <itemStatus>1</itemStatus>
      <LastUpdateDate />
      <LastUpdateTime />
    </Product>
    <Product>
      <PriceUpdateDate>2019/02/03 12:29</PriceUpdateDate>
      <ItemCode>7290008443630</ItemCode>
      <ItemType>1</ItemType>
      <ItemName>נקה 7 שמפו 750 מל סגול</ItemName>
      <ManufactureName>החברה הדרומית לשיווק בעמ</ManufactureName>
      <ManufactureCountry />
      <ManufactureItemDescription />
      <UnitQty>יח`</UnitQty>
      <Quantity>750</Quantity>
      <UnitMeasure>מ"ל</UnitMeasure>
      <BisWeighted>0</BisWeighted>
      <QtyInPackage>1</QtyInPackage>
      <ItemPrice>10.90</ItemPrice>
      <UnitOfMeasurePrice>1.45</UnitOfMeasurePrice>
      <AllowDiscount>1</AllowDiscount>
      <itemStatus>1</itemStatus>
      <LastUpdateDate />
      <LastUpdateTime />
    </Product>
    <Product>
      <PriceUpdateDate>2019/02/03 12:29</PriceUpdateDate>
      <ItemCode>7290008443647</ItemCode>
      <ItemType>1</ItemType>
      <ItemName>נקה 7 מרכך 750 מל</ItemName>
      <ManufactureName>החברה הדרומית לשיווק בעמ</ManufactureName>
      <ManufactureCountry />
      <ManufactureItemDescription />
      <UnitQty>יח`</UnitQty>
      <Quantity>750</Quantity>
      <UnitMeasure>מ"ל</UnitMeasure>
      <BisWeighted>0</BisWeighted>
      <QtyInPackage>1</QtyInPackage>
      <ItemPrice>10.90</ItemPrice>
      <UnitOfMeasurePrice>1.45</UnitOfMeasurePrice>
      <AllowDiscount>1</AllowDiscount>
      <itemStatus>1</itemStatus>
      <LastUpdateDate />
      <LastUpdateTime />
    </Product>
    <Product>
      <PriceUpdateDate>2014/09/11 07:27</PriceUpdateDate>
      <ItemCode>7290008453868</ItemCode>
      <ItemType>1</ItemType>
      <ItemName>מארז פרנה</ItemName>
      <ManufactureName>מגוון שיווק והפצת מאפים בעמ</ManufactureName>
      <ManufactureCountry />
      <ManufactureItemDescription />
      <UnitQty>יח`</UnitQty>
      <Quantity>1</Quantity>
      <UnitMeasure />
      <BisWeighted>0</BisWeighted>
      <QtyInPackage>1</QtyInPackage>
      <ItemPrice>12</ItemPrice>
      <UnitOfMeasurePrice>12</UnitOfMeasurePrice>
      <AllowDiscount>0</AllowDiscount>
      <itemStatus>1</itemStatus>
      <LastUpdateDate />
      <LastUpdateTime />
    </Product>
    <Product>
      <PriceUpdateDate>2015/12/01 14:17</PriceUpdateDate>
      <ItemCode>7290008461238</ItemCode>
      <ItemType>1</ItemType>
      <ItemName>סרדינים בשמן חריף רוברט (115 גרם)</ItemName>
      <ManufactureName>נטו מלינדה סחר בעמ</ManufactureName>
      <ManufactureCountry />
      <ManufactureItemDescription />
      <UnitQty>יח`</UnitQty>
      <Quantity>115</Quantity>
      <UnitMeasure>גרם</UnitMeasure>
      <BisWeighted>0</BisWeighted>
      <QtyInPackage>1</QtyInPackage>
      <ItemPrice>7.90</ItemPrice>
      <UnitOfMeasurePrice>6.87</UnitOfMeasurePrice>
      <AllowDiscount>0</AllowDiscount>
      <itemStatus>1</itemStatus>
      <LastUpdateDate />
      <LastUpdateTime />
    </Product>
    <Product>
      <PriceUpdateDate>2020/01/19 12:25</PriceUpdateDate>
      <ItemCode>7290008464000</ItemCode>
      <ItemType>1</ItemType>
      <ItemName>משקה מוגז בטעם ליים סבן אפ (1.5x6 ליטר)</ItemName>
      <ManufactureName>טמפו משקאות בעמ</ManufactureName>
      <ManufactureCountry />
      <ManufactureItemDescription />
      <UnitQty>יח`</UnitQty>
      <Quantity>9</Quantity>
      <UnitMeasure>1 ליטר</UnitMeasure>
      <BisWeighted>0</BisWeighted>
      <QtyInPackage>1</QtyInPackage>
      <ItemPrice>25.90</ItemPrice>
      <UnitOfMeasurePrice>2.88</UnitOfMeasurePrice>
      <AllowDiscount>0</AllowDiscount>
      <itemStatus>1</itemStatus>
      <LastUpdateDate />
      <LastUpdateTime />
    </Product>
    <Product>
      <PriceUpdateDate>2019/02/28 08:40</PriceUpdateDate>
      <ItemCode>7290008464024</ItemCode>
      <ItemType>1</ItemType>
      <ItemName>בירה לא מסוננת גולדסטאר (500 מל)</ItemName>
      <ManufactureName>טמפו משקאות בעמ</ManufactureName>
      <ManufactureCountry />
      <ManufactureItemDescription />
      <UnitQty>יח`</UnitQty>
      <Quantity>500</Quantity>
      <UnitMeasure>מ"ל</UnitMeasure>
      <BisWeighted>0</BisWeighted>
      <QtyInPackage>1</QtyInPackage>
      <ItemPrice>8.50</ItemPrice>
      <UnitOfMeasurePrice>1.64</UnitOfMeasurePrice>
      <AllowDiscount>0</AllowDiscount>
      <itemStatus>1</itemStatus>
      <LastUpdateDate />
      <LastUpdateTime />
    </Product>
    <Product>
      <PriceUpdateDate>2019/10/02 13:11</PriceUpdateDate>
      <ItemCode>7290008464130</ItemCode>
      <ItemType>1</ItemType>
      <ItemName>בירה לא מסוננת גולדסטאר (330x6 מל)</ItemName>
      <ManufactureName>טמפו משקאות בעמ</ManufactureName>
      <ManufactureCountry />
      <ManufactureItemDescription />
      <UnitQty>יח`</UnitQty>
      <Quantity>1980</Quantity>
      <UnitMeasure>מ"ל</UnitMeasure>
      <BisWeighted>0</BisWeighted>
      <QtyInPackage>1</QtyInPackage>
      <ItemPrice>40.90</ItemPrice>
      <UnitOfMeasurePrice>1.97</UnitOfMeasurePrice>
      <AllowDiscount>1</AllowDiscount>
      <itemStatus>1</itemStatus>
      <LastUpdateDate />
      <LastUpdateTime />
    </Product>
    <Product>
      <PriceUpdateDate>2013/12/31 12:18</PriceUpdateDate>
      <ItemCode>7290008464345</ItemCode>
      <ItemType>1</ItemType>
      <ItemName>בקבוק גולדסטאר 330 מל</ItemName>
      <ManufactureName>טמפו משקאות בעמ</ManufactureName>
      <ManufactureCountry />
      <ManufactureItemDescription />
      <UnitQty>יח`</UnitQty>
      <Quantity>330</Quantity>
      <UnitMeasure>מ"ל</UnitMeasure>
      <BisWeighted>0</BisWeighted>
      <QtyInPackage>1</QtyInPackage>
      <ItemPrice>6.60</ItemPrice>
      <UnitOfMeasurePrice>1.91</UnitOfMeasurePrice>
      <AllowDiscount>0</AllowDiscount>
      <itemStatus>1</itemStatus>
      <LastUpdateDate />
      <LastUpdateTime />
    </Product>
    <Product>
      <PriceUpdateDate>2019/02/28 08:40</PriceUpdateDate>
      <ItemCode>7290008464475</ItemCode>
      <ItemType>1</ItemType>
      <ItemName>בירה מכבי פחית 500 מל</ItemName>
      <ManufactureName>טמפו משקאות בעמ</ManufactureName>
      <ManufactureCountry />
      <ManufactureItemDescription />
      <UnitQty>יח`</UnitQty>
      <Quantity>500</Quantity>
      <UnitMeasure>מ"ל</UnitMeasure>
      <BisWeighted>0</BisWeighted>
      <QtyInPackage>1</QtyInPackage>
      <ItemPrice>6.90</ItemPrice>
      <UnitOfMeasurePrice>1.32</UnitOfMeasurePrice>
      <AllowDiscount>0</AllowDiscount>
      <itemStatus>1</itemStatus>
      <LastUpdateDate />
      <LastUpdateTime />
    </Product>
    <Product>
      <PriceUpdateDate>2019/02/28 08:40</PriceUpdateDate>
      <ItemCode>7290008464604</ItemCode>
      <ItemType>1</ItemType>
      <ItemName>הייניקן פחית 500 מל</ItemName>
      <ManufactureName>טמפו משקאות בעמ</ManufactureName>
      <ManufactureCountry />
      <ManufactureItemDescription />
      <UnitQty>יח`</UnitQty>
      <Quantity>500</Quantity>
      <UnitMeasure>מ"ל</UnitMeasure>
      <BisWeighted>0</BisWeighted>
      <QtyInPackage>1</QtyInPackage>
      <ItemPrice>11.90</ItemPrice>
      <UnitOfMeasurePrice>2.32</UnitOfMeasurePrice>
      <AllowDiscount>0</AllowDiscount>
      <itemStatus>1</itemStatus>
      <LastUpdateDate />
      <LastUpdateTime />
    </Product>
    <Product>
      <PriceUpdateDate>2016/11/14 08:35</PriceUpdateDate>
      <ItemCode>7290008464697</ItemCode>
      <ItemType>1</ItemType>
      <ItemName>בירה 7.9% אלכוהול מכבי (330x6 מל)</ItemName>
      <ManufactureName>טמפו משקאות בעמ</ManufactureName>
      <ManufactureCountry />
      <ManufactureItemDescription />
      <UnitQty>יח`</UnitQty>
      <Quantity>1.98</Quantity>
      <UnitMeasure>1 ליטר</UnitMeasure>
      <BisWeighted>0</BisWeighted>
      <QtyInPackage>1</QtyInPackage>
      <ItemPrice>34.90</ItemPrice>
      <UnitOfMeasurePrice>16.72</UnitOfMeasurePrice>
      <AllowDiscount>1</AllowDiscount>
      <itemStatus>1</itemStatus>
      <LastUpdateDate />
      <LastUpdateTime />
    </Product>
    <Product>
      <PriceUpdateDate>2019/06/10 13:31</PriceUpdateDate>
      <ItemCode>7290008464741</ItemCode>
      <ItemType>1</ItemType>
      <ItemName>בירה גולדסטאר 330 מל בקבוק שישייה</ItemName>
      <ManufactureName>טמפו משקאות בעמ</ManufactureName>
      <ManufactureCountry />
      <ManufactureItemDescription />
      <UnitQty>יח`</UnitQty>
      <Quantity>1980</Quantity>
      <UnitMeasure>מ"ל</UnitMeasure>
      <BisWeighted>0</BisWeighted>
      <QtyInPackage>1</QtyInPackage>
      <ItemPrice>37.90</ItemPrice>
      <UnitOfMeasurePrice>1.82</UnitOfMeasurePrice>
      <AllowDiscount>1</AllowDiscount>
      <itemStatus>1</itemStatus>
      <LastUpdateDate />
      <LastUpdateTime />
    </Product>
    <Product>
      <PriceUpdateDate>2019/10/02 13:11</PriceUpdateDate>
      <ItemCode>7290008464796</ItemCode>
      <ItemType>1</ItemType>
      <ItemName>בירה היינקן (330x6 מל) שישייה</ItemName>
      <ManufactureName>טמפו משקאות בעמ</ManufactureName>
      <ManufactureCountry />
      <ManufactureItemDescription />
      <UnitQty>יח`</UnitQty>
      <Quantity>1980</Quantity>
      <UnitMeasure>מ"ל</UnitMeasure>
      <BisWeighted>0</BisWeighted>
      <QtyInPackage>1</QtyInPackage>
      <ItemPrice>32.90</ItemPrice>
      <UnitOfMeasurePrice>1.57</UnitOfMeasurePrice>
      <AllowDiscount>0</AllowDiscount>
      <itemStatus>1</itemStatus>
      <LastUpdateDate />
      <LastUpdateTime />
    </Product>
    <Product>
      <PriceUpdateDate>2019/02/21 11:16</PriceUpdateDate>
      <ItemCode>7290008464857</ItemCode>
      <ItemType>1</ItemType>
      <ItemName>סודה אננס 1.5 ליטר רביעייה טמפו</ItemName>
      <ManufactureName>טמפו משקאות בעמ</ManufactureName>
      <ManufactureCountry />
      <ManufactureItemDescription />
      <UnitQty>יח`</UnitQty>
      <Quantity>1</Quantity>
      <UnitMeasure />
      <BisWeighted>0</BisWeighted>
      <QtyInPackage>1</QtyInPackage>
      <ItemPrice>10.90</ItemPrice>
      <UnitOfMeasurePrice>10.90</UnitOfMeasurePrice>
      <AllowDiscount>1</AllowDiscount>
      <itemStatus>1</itemStatus>
      <LastUpdateDate />
      <LastUpdateTime />
    </Product>
    <Product>
      <PriceUpdateDate>2019/02/21 11:16</PriceUpdateDate>
      <ItemCode>7290008464864</ItemCode>
      <ItemType>1</ItemType>
      <ItemName>סודה פירות 1.5 ליטר רביעייה טמפו</ItemName>
      <ManufactureName>טמפו משקאות בעמ</ManufactureName>
      <ManufactureCountry />
      <ManufactureItemDescription />
      <UnitQty>יח`</UnitQty>
      <Quantity>1</Quantity>
      <UnitMeasure />
      <BisWeighted>0</BisWeighted>
      <QtyInPackage>1</QtyInPackage>
      <ItemPrice>10.90</ItemPrice>
      <UnitOfMeasurePrice>10.90</UnitOfMeasurePrice>
      <AllowDiscount>1</AllowDiscount>
      <itemStatus>1</itemStatus>
      <LastUpdateDate />
      <LastUpdateTime />
    </Product>
    <Product>
      <PriceUpdateDate>2015/05/01 11:16</PriceUpdateDate>
      <ItemCode>7290008464987</ItemCode>
      <ItemType>1</ItemType>
      <ItemName>מי סודה טמפו (1.5x6 ליטר)</ItemName>
      <ManufactureName>טמפו משקאות בעמ</ManufactureName>
      <ManufactureCountry />
      <ManufactureItemDescription />
      <UnitQty>יח`</UnitQty>
      <Quantity>9</Quantity>
      <UnitMeasure>1 ליטר</UnitMeasure>
      <BisWeighted>0</BisWeighted>
      <QtyInPackage>1</QtyInPackage>
      <ItemPrice>15.90</ItemPrice>
      <UnitOfMeasurePrice>1.77</UnitOfMeasurePrice>
      <AllowDiscount>1</AllowDiscount>
      <itemStatus>1</itemStatus>
      <LastUpdateDate />
      <LastUpdateTime />
    </Product>
    <Product>
      <PriceUpdateDate>2013/10/21 08:48</PriceUpdateDate>
      <ItemCode>7290008470759</ItemCode>
      <ItemType>1</ItemType>
      <ItemName>מארז שימינייה אורביט סטיקס</ItemName>
      <ManufactureName>מרס ריגלי ישראל בעמ</ManufactureName>
      <ManufactureCountry />
      <ManufactureItemDescription />
      <UnitQty>יח`</UnitQty>
      <Quantity>1</Quantity>
      <UnitMeasure />
      <BisWeighted>0</BisWeighted>
      <QtyInPackage>1</QtyInPackage>
      <ItemPrice>14.90</ItemPrice>
      <UnitOfMeasurePrice>14.90</UnitOfMeasurePrice>
      <AllowDiscount>0</AllowDiscount>
      <itemStatus>1</itemStatus>
      <LastUpdateDate />
      <LastUpdateTime />
    </Product>
    <Product>
      <PriceUpdateDate>2013/10/21 08:48</PriceUpdateDate>
      <ItemCode>7290008470766</ItemCode>
      <ItemType>1</ItemType>
      <ItemName>מארז שימינייה אורביט סטיקס</ItemName>
      <ManufactureName>מרס ריגלי ישראל בעמ</ManufactureName>
      <ManufactureCountry />
      <ManufactureItemDescription />
      <UnitQty>יח`</UnitQty>
      <Quantity>1</Quantity>
      <UnitMeasure />
      <BisWeighted>0</BisWeighted>
      <QtyInPackage>1</QtyInPackage>
      <ItemPrice>14.90</ItemPrice>
      <UnitOfMeasurePrice>14.90</UnitOfMeasurePrice>
      <AllowDiscount>0</AllowDiscount>
      <itemStatus>1</itemStatus>
      <LastUpdateDate />
      <LastUpdateTime />
    </Product>
    <Product>
      <PriceUpdateDate>2015/12/01 09:38</PriceUpdateDate>
      <ItemCode>7290008493413</ItemCode>
      <ItemType>1</ItemType>
      <ItemName>פירורי גריסיני מאיר בייגל (200 גרם)</ItemName>
      <ManufactureName>דיפלומט היינץ</ManufactureName>
      <ManufactureCountry />
      <ManufactureItemDescription />
      <UnitQty>יח`</UnitQty>
      <Quantity>200</Quantity>
      <UnitMeasure>גרם</UnitMeasure>
      <BisWeighted>0</BisWeighted>
      <QtyInPackage>1</QtyInPackage>
      <ItemPrice>5.90</ItemPrice>
      <UnitOfMeasurePrice>2.95</UnitOfMeasurePrice>
      <AllowDiscount>1</AllowDiscount>
      <itemStatus>1</itemStatus>
      <LastUpdateDate />
      <LastUpdateTime />
    </Product>
    <Product>
      <PriceUpdateDate>2017/05/15 16:51</PriceUpdateDate>
      <ItemCode>7290008493710</ItemCode>
      <ItemType>1</ItemType>
      <ItemName>מאיר בייגל פרורי גרסיני זהב 200גר</ItemName>
      <ManufactureName>דיפלומט היינץ</ManufactureName>
      <ManufactureCountry />
      <ManufactureItemDescription />
      <UnitQty>יח`</UnitQty>
      <Quantity>200</Quantity>
      <UnitMeasure>גרם</UnitMeasure>
      <BisWeighted>0</BisWeighted>
      <QtyInPackage>1</QtyInPackage>
      <ItemPrice>5.90</ItemPrice>
      <UnitOfMeasurePrice>2.95</UnitOfMeasurePrice>
      <AllowDiscount>1</AllowDiscount>
      <itemStatus>1</itemStatus>
      <LastUpdateDate />
      <LastUpdateTime />
    </Product>
    <Product>
      <PriceUpdateDate>2013/12/31 12:18</PriceUpdateDate>
      <ItemCode>7290008535212</ItemCode>
      <ItemType>1</ItemType>
      <ItemName>צ`יפס זיגזג טוגן (800 גרם)</ItemName>
      <ManufactureName>קבוצת אסם סחר שות. מוגבלת</ManufactureName>
      <ManufactureCountry />
      <ManufactureItemDescription />
      <UnitQty>יח`</UnitQty>
      <Quantity>800</Quantity>
      <UnitMeasure>גרם</UnitMeasure>
      <BisWeighted>0</BisWeighted>
      <QtyInPackage>1</QtyInPackage>
      <ItemPrice>10.90</ItemPrice>
      <UnitOfMeasurePrice>1.36</UnitOfMeasurePrice>
      <AllowDiscount>0</AllowDiscount>
      <itemStatus>1</itemStatus>
      <LastUpdateDate />
      <LastUpdateTime />
    </Product>
    <Product>
      <PriceUpdateDate>2013/12/09 20:00</PriceUpdateDate>
      <ItemCode>7290008644112</ItemCode>
      <ItemType>1</ItemType>
      <ItemName>מטבוחה 125אחלה יום יום</ItemName>
      <ManufactureName>שטראוס גרופ בעמ/מצונן</ManufactureName>
      <ManufactureCountry />
      <ManufactureItemDescription />
      <UnitQty>יח`</UnitQty>
      <Quantity>125</Quantity>
      <UnitMeasure>גרם</UnitMeasure>
      <BisWeighted>0</BisWeighted>
      <QtyInPackage>1</QtyInPackage>
      <ItemPrice>4.90</ItemPrice>
      <UnitOfMeasurePrice>3.92</UnitOfMeasurePrice>
      <AllowDiscount>0</AllowDiscount>
      <itemStatus>1</itemStatus>
      <LastUpdateDate />
      <LastUpdateTime />
    </Product>
    <Product>
      <PriceUpdateDate>2016/04/19 08:00</PriceUpdateDate>
      <ItemCode>7290008644235</ItemCode>
      <ItemType>1</ItemType>
      <ItemName>מבחר עלי בייבי 120 גרם-טעם הטבע</ItemName>
      <ManufactureName>שטראוס גרופ בעמ/מצונן</ManufactureName>
      <ManufactureCountry />
      <ManufactureItemDescription />
      <UnitQty>יח`</UnitQty>
      <Quantity>120</Quantity>
      <UnitMeasure>גרם</UnitMeasure>
      <BisWeighted>0</BisWeighted>
      <QtyInPackage>1</QtyInPackage>
      <ItemPrice>9.90</ItemPrice>
      <UnitOfMeasurePrice>8.25</UnitOfMeasurePrice>
      <AllowDiscount>1</AllowDiscount>
      <itemStatus>1</itemStatus>
      <LastUpdateDate />
      <LastUpdateTime />
    </Product>
    <Product>
      <PriceUpdateDate>2015/04/12 11:41</PriceUpdateDate>
      <ItemCode>7290008644945</ItemCode>
      <ItemType>1</ItemType>
      <ItemName>סלט המושבה שטראוס 450 גר`-טעם הטבע</ItemName>
      <ManufactureName>שטראוס גרופ בעמ/מצונן</ManufactureName>
      <ManufactureCountry />
      <ManufactureItemDescription />
      <UnitQty>יח`</UnitQty>
      <Quantity>450</Quantity>
      <UnitMeasure>גרם</UnitMeasure>
      <BisWeighted>0</BisWeighted>
      <QtyInPackage>1</QtyInPackage>
      <ItemPrice>10.90</ItemPrice>
      <UnitOfMeasurePrice>2.42</UnitOfMeasurePrice>
      <AllowDiscount>0</AllowDiscount>
      <itemStatus>1</itemStatus>
      <LastUpdateDate />
      <LastUpdateTime />
    </Product>
    <Product>
      <PriceUpdateDate>2016/11/13 09:38</PriceUpdateDate>
      <ItemCode>7290008645935</ItemCode>
      <ItemType>1</ItemType>
      <ItemName>חומוס אחלה (750 גרם)</ItemName>
      <ManufactureName>שטראוס גרופ בעמ/מצונן</ManufactureName>
      <ManufactureCountry />
      <ManufactureItemDescription />
      <UnitQty>יח`</UnitQty>
      <Quantity>750</Quantity>
      <UnitMeasure>גרם</UnitMeasure>
      <BisWeighted>0</BisWeighted>
      <QtyInPackage>1</QtyInPackage>
      <ItemPrice>9.90</ItemPrice>
      <UnitOfMeasurePrice>1.32</UnitOfMeasurePrice>
      <AllowDiscount>0</AllowDiscount>
      <itemStatus>1</itemStatus>
      <LastUpdateDate />
      <LastUpdateTime />
    </Product>
    <Product>
      <PriceUpdateDate>2013/12/31 12:18</PriceUpdateDate>
      <ItemCode>7290008693134</ItemCode>
      <ItemType>1</ItemType>
      <ItemName>דניאלה מעדן בטעם תות שטראוס (88 גרם)</ItemName>
      <ManufactureName>שטראוס גרופ בעמ/מצונן</ManufactureName>
      <ManufactureCountry />
      <ManufactureItemDescription />
      <UnitQty>יח`</UnitQty>
      <Quantity>150</Quantity>
      <UnitMeasure>מ"ל</UnitMeasure>
      <BisWeighted>0</BisWeighted>
      <QtyInPackage>1</QtyInPackage>
      <ItemPrice>4</ItemPrice>
      <UnitOfMeasurePrice>2.67</UnitOfMeasurePrice>
      <AllowDiscount>0</AllowDiscount>
      <itemStatus>1</itemStatus>
      <LastUpdateDate />
      <LastUpdateTime />
    </Product>
    <Product>
      <PriceUpdateDate>2018/02/06 10:10</PriceUpdateDate>
      <ItemCode>7290008713016</ItemCode>
      <ItemType>1</ItemType>
      <ItemName>לחם שבעה דגנים קל פרוס אנג`ל (500 גרם)</ItemName>
      <ManufactureName>שלמה א. אנג`ל בעמ</ManufactureName>
      <ManufactureCountry />
      <ManufactureItemDescription />
      <UnitQty>יח`</UnitQty>
      <Quantity>500</Quantity>
      <UnitMeasure>גרם</UnitMeasure>
      <BisWeighted>0</BisWeighted>
      <QtyInPackage>1</QtyInPackage>
      <ItemPrice>13.90</ItemPrice>
      <UnitOfMeasurePrice>2.78</UnitOfMeasurePrice>
      <AllowDiscount>0</AllowDiscount>
      <itemStatus>1</itemStatus>
      <LastUpdateDate />
      <LastUpdateTime />
    </Product>
    <Product>
      <PriceUpdateDate>2017/03/01 08:11</PriceUpdateDate>
      <ItemCode>7290008713184</ItemCode>
      <ItemType>1</ItemType>
      <ItemName>פיתות מארז עשירייה</ItemName>
      <ManufactureName>שלמה א. אנג`ל בעמ</ManufactureName>
      <ManufactureCountry />
      <ManufactureItemDescription />
      <UnitQty>יח`</UnitQty>
      <Quantity>100</Quantity>
      <UnitMeasure>גרם</UnitMeasure>
      <BisWeighted>0</BisWeighted>
      <QtyInPackage>1</QtyInPackage>
      <ItemPrice>8.90</ItemPrice>
      <UnitOfMeasurePrice>8.90</UnitOfMeasurePrice>
      <AllowDiscount>0</AllowDiscount>
      <itemStatus>1</itemStatus>
      <LastUpdateDate />
      <LastUpdateTime />
    </Product>
    <Product>
      <PriceUpdateDate>2017/11/09 11:19</PriceUpdateDate>
      <ItemCode>7290008713900</ItemCode>
      <ItemType>1</ItemType>
      <ItemName>לחם שיפון עגול פרוס אחדות (750 גרם)</ItemName>
      <ManufactureName>שלמה א. אנג`ל בעמ</ManufactureName>
      <ManufactureCountry />
      <ManufactureItemDescription />
      <UnitQty>יח`</UnitQty>
      <Quantity>750</Quantity>
      <UnitMeasure>גרם</UnitMeasure>
      <BisWeighted>0</BisWeighted>
      <QtyInPackage>1</QtyInPackage>
      <ItemPrice>11.90</ItemPrice>
      <UnitOfMeasurePrice>1.59</UnitOfMeasurePrice>
      <AllowDiscount>0</AllowDiscount>
      <itemStatus>1</itemStatus>
      <LastUpdateDate />
      <LastUpdateTime />
    </Product>
    <Product>
      <PriceUpdateDate>2017/11/09 11:19</PriceUpdateDate>
      <ItemCode>7290008713917</ItemCode>
      <ItemType>1</ItemType>
      <ItemName>לחם שיפון כהה פרוס אחדות (750 גרם)</ItemName>
      <ManufactureName>שלמה א. אנג`ל בעמ</ManufactureName>
      <ManufactureCountry />
      <ManufactureItemDescription />
      <UnitQty>יח`</UnitQty>
      <Quantity>750</Quantity>
      <UnitMeasure>גרם</UnitMeasure>
      <BisWeighted>0</BisWeighted>
      <QtyInPackage>1</QtyInPackage>
      <ItemPrice>11.90</ItemPrice>
      <UnitOfMeasurePrice>1.59</UnitOfMeasurePrice>
      <AllowDiscount>0</AllowDiscount>
      <itemStatus>1</itemStatus>
      <LastUpdateDate />
      <LastUpdateTime />
    </Product>
    <Product>
      <PriceUpdateDate>2017/03/27 11:41</PriceUpdateDate>
      <ItemCode>7290008745239</ItemCode>
      <ItemType>1</ItemType>
      <ItemName>תפוצ`יפס 50 גר קראנץ`</ItemName>
      <ManufactureName>שטראוס פריטו ליי בעמ</ManufactureName>
      <ManufactureCountry />
      <ManufactureItemDescription />
      <UnitQty>יח`</UnitQty>
      <Quantity>55</Quantity>
      <UnitMeasure>גרם</UnitMeasure>
      <BisWeighted>0</BisWeighted>
      <QtyInPackage>1</QtyInPackage>
      <ItemPrice>3.90</ItemPrice>
      <UnitOfMeasurePrice>7.09</UnitOfMeasurePrice>
      <AllowDiscount>0</AllowDiscount>
      <itemStatus>1</itemStatus>
      <LastUpdateDate />
      <LastUpdateTime />
    </Product>
    <Product>
      <PriceUpdateDate>2014/07/13 10:49</PriceUpdateDate>
      <ItemCode>7290008745345</ItemCode>
      <ItemType>1</ItemType>
      <ItemName>ממרח בטעם שוקולד מגדים עלית (500 גרם)</ItemName>
      <ManufactureName>שטראוס גרופ בעמ</ManufactureName>
      <ManufactureCountry />
      <ManufactureItemDescription />
      <UnitQty>יח`</UnitQty>
      <Quantity>500</Quantity>
      <UnitMeasure>גרם</UnitMeasure>
      <BisWeighted>0</BisWeighted>
      <QtyInPackage>1</QtyInPackage>
      <ItemPrice>11.90</ItemPrice>
      <UnitOfMeasurePrice>2.38</UnitOfMeasurePrice>
      <AllowDiscount>0</AllowDiscount>
      <itemStatus>1</itemStatus>
      <LastUpdateDate />
      <LastUpdateTime />
    </Product>
    <Product>
      <PriceUpdateDate>2018/02/05 13:48</PriceUpdateDate>
      <ItemCode>7290008747431</ItemCode>
      <ItemType>1</ItemType>
      <ItemName>שוקולד ממולדה</ItemName>
      <ManufactureName>שטראוס גרופ בעמ</ManufactureName>
      <ManufactureCountry />
      <ManufactureItemDescription />
      <UnitQty>יח`</UnitQty>
      <Quantity>50</Quantity>
      <UnitMeasure>גרם</UnitMeasure>
      <BisWeighted>0</BisWeighted>
      <QtyInPackage>1</QtyInPackage>
      <ItemPrice>4.90</ItemPrice>
      <UnitOfMeasurePrice>9.80</UnitOfMeasurePrice>
      <AllowDiscount>1</AllowDiscount>
      <itemStatus>1</itemStatus>
      <LastUpdateDate />
      <LastUpdateTime />
    </Product>
    <Product>
      <PriceUpdateDate>2013/12/18 08:39</PriceUpdateDate>
      <ItemCode>7290008747547</ItemCode>
      <ItemType>1</ItemType>
      <ItemName>תפוצ`יפס 200 גר` קראנץ`</ItemName>
      <ManufactureName>שטראוס פריטו ליי בעמ</ManufactureName>
      <ManufactureCountry />
      <ManufactureItemDescription />
      <UnitQty>יח`</UnitQty>
      <Quantity>200</Quantity>
      <UnitMeasure>גרם</UnitMeasure>
      <BisWeighted>0</BisWeighted>
      <QtyInPackage>1</QtyInPackage>
      <ItemPrice>10.90</ItemPrice>
      <UnitOfMeasurePrice>5.45</UnitOfMeasurePrice>
      <AllowDiscount>1</AllowDiscount>
      <itemStatus>1</itemStatus>
      <LastUpdateDate />
      <LastUpdateTime />
    </Product>
    <Product>
      <PriceUpdateDate>2015/12/02 11:10</PriceUpdateDate>
      <ItemCode>7290008749343</ItemCode>
      <ItemType>1</ItemType>
      <ItemName>בפלות 400  גר`שחור לבן</ItemName>
      <ManufactureName>שטראוס גרופ בעמ</ManufactureName>
      <ManufactureCountry />
      <ManufactureItemDescription />
      <UnitQty>יח`</UnitQty>
      <Quantity>400</Quantity>
      <UnitMeasure>גרם</UnitMeasure>
      <BisWeighted>0</BisWeighted>
      <QtyInPackage>1</QtyInPackage>
      <ItemPrice>16.90</ItemPrice>
      <UnitOfMeasurePrice>4.23</UnitOfMeasurePrice>
      <AllowDiscount>0</AllowDiscount>
      <itemStatus>1</itemStatus>
      <LastUpdateDate />
      <LastUpdateTime />
    </Product>
    <Product>
      <PriceUpdateDate>2013/06/09 12:06</PriceUpdateDate>
      <ItemCode>7290008749954</ItemCode>
      <ItemType>1</ItemType>
      <ItemName>חטיף ופל טוב טעם עלית (30x20 גרם)</ItemName>
      <ManufactureName>שטראוס גרופ בעמ</ManufactureName>
      <ManufactureCountry />
      <ManufactureItemDescription />
      <UnitQty>יח`</UnitQty>
      <Quantity>600</Quantity>
      <UnitMeasure>גרם</UnitMeasure>
      <BisWeighted>0</BisWeighted>
      <QtyInPackage>1</QtyInPackage>
      <ItemPrice>25.90</ItemPrice>
      <UnitOfMeasurePrice>4.32</UnitOfMeasurePrice>
      <AllowDiscount>0</AllowDiscount>
      <itemStatus>1</itemStatus>
      <LastUpdateDate />
      <LastUpdateTime />
    </Product>
    <Product>
      <PriceUpdateDate>2017/03/30 08:34</PriceUpdateDate>
      <ItemCode>7290008750400</ItemCode>
      <ItemType>1</ItemType>
      <ItemName>שוקולד פרה לבן עם עוגיות עלית (100 גרם)</ItemName>
      <ManufactureName>שטראוס גרופ בעמ</ManufactureName>
      <ManufactureCountry />
      <ManufactureItemDescription />
      <UnitQty>יח`</UnitQty>
      <Quantity>100</Quantity>
      <UnitMeasure>גרם</UnitMeasure>
      <BisWeighted>0</BisWeighted>
      <QtyInPackage>1</QtyInPackage>
      <ItemPrice>4.90</ItemPrice>
      <UnitOfMeasurePrice>4.90</UnitOfMeasurePrice>
      <AllowDiscount>1</AllowDiscount>
      <itemStatus>1</itemStatus>
      <LastUpdateDate />
      <LastUpdateTime />
    </Product>
    <Product>
      <PriceUpdateDate>2017/03/30 08:34</PriceUpdateDate>
      <ItemCode>7290008750677</ItemCode>
      <ItemType>1</ItemType>
      <ItemName>טבלאות פרה ממולא תות מגדים</ItemName>
      <ManufactureName>שטראוס גרופ בעמ</ManufactureName>
      <ManufactureCountry />
      <ManufactureItemDescription />
      <UnitQty>יח`</UnitQty>
      <Quantity>100</Quantity>
      <UnitMeasure>גרם</UnitMeasure>
      <BisWeighted>0</BisWeighted>
      <QtyInPackage>1</QtyInPackage>
      <ItemPrice>4.90</ItemPrice>
      <UnitOfMeasurePrice>4.90</UnitOfMeasurePrice>
      <AllowDiscount>1</AllowDiscount>
      <itemStatus>1</itemStatus>
      <LastUpdateDate />
      <LastUpdateTime />
    </Product>
    <Product>
      <PriceUpdateDate>2017/03/27 11:41</PriceUpdateDate>
      <ItemCode>7290008752244</ItemCode>
      <ItemType>1</ItemType>
      <ItemName>תפוצ`יפס 50 גר קראנץ` גריל</ItemName>
      <ManufactureName>שטראוס פריטו ליי בעמ</ManufactureName>
      <ManufactureCountry />
      <ManufactureItemDescription />
      <UnitQty>יח`</UnitQty>
      <Quantity>50</Quantity>
      <UnitMeasure>גרם</UnitMeasure>
      <BisWeighted>0</BisWeighted>
      <QtyInPackage>1</QtyInPackage>
      <ItemPrice>3.90</ItemPrice>
      <UnitOfMeasurePrice>7.80</UnitOfMeasurePrice>
      <AllowDiscount>0</AllowDiscount>
      <itemStatus>1</itemStatus>
      <LastUpdateDate />
      <LastUpdateTime />
    </Product>
    <Product>
      <PriceUpdateDate>2017/03/27 11:41</PriceUpdateDate>
      <ItemCode>7290008753111</ItemCode>
      <ItemType>1</ItemType>
      <ItemName>תפוצ`יפס 50 גר קראנץ` מקסיקני</ItemName>
      <ManufactureName>שטראוס פריטו ליי בעמ</ManufactureName>
      <ManufactureCountry />
      <ManufactureItemDescription />
      <UnitQty>יח`</UnitQty>
      <Quantity>50</Quantity>
      <UnitMeasure>גרם</UnitMeasure>
      <BisWeighted>0</BisWeighted>
      <QtyInPackage>1</QtyInPackage>
      <ItemPrice>3.90</ItemPrice>
      <UnitOfMeasurePrice>7.80</UnitOfMeasurePrice>
      <AllowDiscount>0</AllowDiscount>
      <itemStatus>1</itemStatus>
      <LastUpdateDate />
      <LastUpdateTime />
    </Product>
    <Product>
      <PriceUpdateDate>2015/04/29 11:13</PriceUpdateDate>
      <ItemCode>7290008753876</ItemCode>
      <ItemType>1</ItemType>
      <ItemName>בפלות 350  גר`גבינת פירורים</ItemName>
      <ManufactureName>שטראוס גרופ בעמ</ManufactureName>
      <ManufactureCountry />
      <ManufactureItemDescription />
      <UnitQty>יח`</UnitQty>
      <Quantity>350</Quantity>
      <UnitMeasure>גרם</UnitMeasure>
      <BisWeighted>0</BisWeighted>
      <QtyInPackage>1</QtyInPackage>
      <ItemPrice>16.90</ItemPrice>
      <UnitOfMeasurePrice>4.83</UnitOfMeasurePrice>
      <AllowDiscount>0</AllowDiscount>
      <itemStatus>1</itemStatus>
      <LastUpdateDate />
      <LastUpdateTime />
    </Product>
    <Product>
      <PriceUpdateDate>2019/02/03 12:22</PriceUpdateDate>
      <ItemCode>7290008753883</ItemCode>
      <ItemType>1</ItemType>
      <ItemName>בפלות 350  גר`טראפלס ופירורים</ItemName>
      <ManufactureName>שטראוס גרופ בעמ</ManufactureName>
      <ManufactureCountry />
      <ManufactureItemDescription />
      <UnitQty>יח`</UnitQty>
      <Quantity>350</Quantity>
      <UnitMeasure>גרם</UnitMeasure>
      <BisWeighted>0</BisWeighted>
      <QtyInPackage>1</QtyInPackage>
      <ItemPrice>15.40</ItemPrice>
      <UnitOfMeasurePrice>4.40</UnitOfMeasurePrice>
      <AllowDiscount>0</AllowDiscount>
      <itemStatus>1</itemStatus>
      <LastUpdateDate />
      <LastUpdateTime />
    </Product>
    <Product>
      <PriceUpdateDate>2017/03/30 08:34</PriceUpdateDate>
      <ItemCode>7290008753982</ItemCode>
      <ItemType>1</ItemType>
      <ItemName>שוקולד פרה חלב אוורירי עלית (85 גרם)</ItemName>
      <ManufactureName>שטראוס גרופ בעמ</ManufactureName>
      <ManufactureCountry />
      <ManufactureItemDescription />
      <UnitQty>יח`</UnitQty>
      <Quantity>100</Quantity>
      <UnitMeasure>גרם</UnitMeasure>
      <BisWeighted>0</BisWeighted>
      <QtyInPackage>1</QtyInPackage>
      <ItemPrice>4.90</ItemPrice>
      <UnitOfMeasurePrice>4.90</UnitOfMeasurePrice>
      <AllowDiscount>1</AllowDiscount>
      <itemStatus>1</itemStatus>
      <LastUpdateDate />
      <LastUpdateTime />
    </Product>
    <Product>
      <PriceUpdateDate>2014/04/27 10:52</PriceUpdateDate>
      <ItemCode>7290008754415</ItemCode>
      <ItemType>1</ItemType>
      <ItemName>מסטיק מאסט מנטה עדין 28 גרם</ItemName>
      <ManufactureName>שטראוס גרופ בעמ</ManufactureName>
      <ManufactureCountry />
      <ManufactureItemDescription />
      <UnitQty>יח`</UnitQty>
      <Quantity>28</Quantity>
      <UnitMeasure>גרם</UnitMeasure>
      <BisWeighted>0</BisWeighted>
      <QtyInPackage>1</QtyInPackage>
      <ItemPrice>4.90</ItemPrice>
      <UnitOfMeasurePrice>17.50</UnitOfMeasurePrice>
      <AllowDiscount>0</AllowDiscount>
      <itemStatus>1</itemStatus>
      <LastUpdateDate />
      <LastUpdateTime />
    </Product>
    <Product>
      <PriceUpdateDate>2014/04/27 10:52</PriceUpdateDate>
      <ItemCode>7290008754422</ItemCode>
      <ItemType>1</ItemType>
      <ItemName>מסטיק מאסט מנטה קלאסי 28 גרם</ItemName>
      <ManufactureName>שטראוס גרופ בעמ</ManufactureName>
      <ManufactureCountry />
      <ManufactureItemDescription />
      <UnitQty>יח`</UnitQty>
      <Quantity>28</Quantity>
      <UnitMeasure>גרם</UnitMeasure>
      <BisWeighted>0</BisWeighted>
      <QtyInPackage>1</QtyInPackage>
      <ItemPrice>4.90</ItemPrice>
      <UnitOfMeasurePrice>17.50</UnitOfMeasurePrice>
      <AllowDiscount>0</AllowDiscount>
      <itemStatus>1</itemStatus>
      <LastUpdateDate />
      <LastUpdateTime />
    </Product>
    <Product>
      <PriceUpdateDate>2014/10/30 10:31</PriceUpdateDate>
      <ItemCode>7290008754613</ItemCode>
      <ItemType>1</ItemType>
      <ItemName>רולדה שוקולד מצופה</ItemName>
      <ManufactureName>שטראוס גרופ בעמ</ManufactureName>
      <ManufactureCountry />
      <ManufactureItemDescription />
      <UnitQty>יח`</UnitQty>
      <Quantity>350</Quantity>
      <UnitMeasure>גרם</UnitMeasure>
      <BisWeighted>0</BisWeighted>
      <QtyInPackage>1</QtyInPackage>
      <ItemPrice>13.90</ItemPrice>
      <UnitOfMeasurePrice>3.97</UnitOfMeasurePrice>
      <AllowDiscount>1</AllowDiscount>
      <itemStatus>1</itemStatus>
      <LastUpdateDate />
      <LastUpdateTime />
    </Product>
    <Product>
      <PriceUpdateDate>2018/05/13 11:11</PriceUpdateDate>
      <ItemCode>7290008754682</ItemCode>
      <ItemType>1</ItemType>
      <ItemName>רולדת קוקוס חגיגה עלית (350 גרם)</ItemName>
      <ManufactureName>שטראוס גרופ בעמ</ManufactureName>
      <ManufactureCountry />
      <ManufactureItemDescription />
      <UnitQty>יח`</UnitQty>
      <Quantity>350</Quantity>
      <UnitMeasure>גרם</UnitMeasure>
      <BisWeighted>0</BisWeighted>
      <QtyInPackage>1</QtyInPackage>
      <ItemPrice>15.90</ItemPrice>
      <UnitOfMeasurePrice>4.54</UnitOfMeasurePrice>
      <AllowDiscount>1</AllowDiscount>
      <itemStatus>1</itemStatus>
      <LastUpdateDate />
      <LastUpdateTime />
    </Product>
    <Product>
      <PriceUpdateDate>2019/01/15 08:38</PriceUpdateDate>
      <ItemCode>7290008757072</ItemCode>
      <ItemType>1</ItemType>
      <ItemName>משקה מוגז בטעם תות שוופס (330 מל)</ItemName>
      <ManufactureName>יפאורה</ManufactureName>
      <ManufactureCountry />
      <ManufactureItemDescription />
      <UnitQty>יח`</UnitQty>
      <Quantity>330</Quantity>
      <UnitMeasure>מ"ל</UnitMeasure>
      <BisWeighted>0</BisWeighted>
      <QtyInPackage>1</QtyInPackage>
      <ItemPrice>3.50</ItemPrice>
      <UnitOfMeasurePrice>0.97</UnitOfMeasurePrice>
      <AllowDiscount>1</AllowDiscount>
      <itemStatus>1</itemStatus>
      <LastUpdateDate />
      <LastUpdateTime />
    </Product>
    <Product>
      <PriceUpdateDate>2019/01/15 08:38</PriceUpdateDate>
      <ItemCode>7290008757386</ItemCode>
      <ItemType>1</ItemType>
      <ItemName>מפז פחית ענבים</ItemName>
      <ManufactureName>יפאורה</ManufactureName>
      <ManufactureCountry />
      <ManufactureItemDescription />
      <UnitQty>יח`</UnitQty>
      <Quantity>330</Quantity>
      <UnitMeasure>מ"ל</UnitMeasure>
      <BisWeighted>0</BisWeighted>
      <QtyInPackage>1</QtyInPackage>
      <ItemPrice>3.50</ItemPrice>
      <UnitOfMeasurePrice>0.97</UnitOfMeasurePrice>
      <AllowDiscount>1</AllowDiscount>
      <itemStatus>1</itemStatus>
      <LastUpdateDate />
      <LastUpdateTime />
    </Product>
    <Product>
      <PriceUpdateDate>2015/12/01 16:31</PriceUpdateDate>
      <ItemCode>7290008757980</ItemCode>
      <ItemType>1</ItemType>
      <ItemName>נקטר רימונים ספרינג (1 ליטר)</ItemName>
      <ManufactureName>יפאורה</ManufactureName>
      <ManufactureCountry />
      <ManufactureItemDescription />
      <UnitQty>יח`</UnitQty>
      <Quantity>1000</Quantity>
      <UnitMeasure>מ"ל</UnitMeasure>
      <BisWeighted>0</BisWeighted>
      <QtyInPackage>1</QtyInPackage>
      <ItemPrice>5.50</ItemPrice>
      <UnitOfMeasurePrice>0.55</UnitOfMeasurePrice>
      <AllowDiscount>1</AllowDiscount>
      <itemStatus>1</itemStatus>
      <LastUpdateDate />
      <LastUpdateTime />
    </Product>
    <Product>
      <PriceUpdateDate>2014/07/16 10:20</PriceUpdateDate>
      <ItemCode>7290008775816</ItemCode>
      <ItemType>1</ItemType>
      <ItemName>ערגליות שוקו אסם (300 גרם)</ItemName>
      <ManufactureName>קבוצת אסם סחר שות. מוגבלת</ManufactureName>
      <ManufactureCountry />
      <ManufactureItemDescription />
      <UnitQty>יח`</UnitQty>
      <Quantity>300</Quantity>
      <UnitMeasure>גרם</UnitMeasure>
      <BisWeighted>0</BisWeighted>
      <QtyInPackage>1</QtyInPackage>
      <ItemPrice>10.90</ItemPrice>
      <UnitOfMeasurePrice>3.63</UnitOfMeasurePrice>
      <AllowDiscount>0</AllowDiscount>
      <itemStatus>1</itemStatus>
      <LastUpdateDate />
      <LastUpdateTime />
    </Product>
    <Product>
      <PriceUpdateDate>2014/07/16 10:20</PriceUpdateDate>
      <ItemCode>7290008775823</ItemCode>
      <ItemType>1</ItemType>
      <ItemName>ערגליות תות אסם (300 גרם)</ItemName>
      <ManufactureName>קבוצת אסם סחר שות. מוגבלת</ManufactureName>
      <ManufactureCountry />
      <ManufactureItemDescription />
      <UnitQty>יח`</UnitQty>
      <Quantity>300</Quantity>
      <UnitMeasure>גרם</UnitMeasure>
      <BisWeighted>0</BisWeighted>
      <QtyInPackage>1</QtyInPackage>
      <ItemPrice>10.90</ItemPrice>
      <UnitOfMeasurePrice>3.63</UnitOfMeasurePrice>
      <AllowDiscount>0</AllowDiscount>
      <itemStatus>1</itemStatus>
      <LastUpdateDate />
      <LastUpdateTime />
    </Product>
    <Product>
      <PriceUpdateDate>2020/03/29 12:58</PriceUpdateDate>
      <ItemCode>7290008792226</ItemCode>
      <ItemType>1</ItemType>
      <ItemName>נייר טואלט טאצ` 32 גלילים</ItemName>
      <ManufactureName>שניב תעשיות נייר בעמ</ManufactureName>
      <ManufactureCountry />
      <ManufactureItemDescription />
      <UnitQty>יח`</UnitQty>
      <Quantity>1</Quantity>
      <UnitMeasure />
      <BisWeighted>0</BisWeighted>
      <QtyInPackage>1</QtyInPackage>
      <ItemPrice>24.90</ItemPrice>
      <UnitOfMeasurePrice>24.90</UnitOfMeasurePrice>
      <AllowDiscount>0</AllowDiscount>
      <itemStatus>1</itemStatus>
      <LastUpdateDate />
      <LastUpdateTime />
    </Product>
    <Product>
      <PriceUpdateDate>2019/08/08 08:27</PriceUpdateDate>
      <ItemCode>7290008792240</ItemCode>
      <ItemType>1</ItemType>
      <ItemName>נייר טואלט טאצ` 48יח</ItemName>
      <ManufactureName>שניב תעשיות נייר בעמ</ManufactureName>
      <ManufactureCountry />
      <ManufactureItemDescription />
      <UnitQty>יח`</UnitQty>
      <Quantity>1</Quantity>
      <UnitMeasure />
      <BisWeighted>0</BisWeighted>
      <QtyInPackage>1</QtyInPackage>
      <ItemPrice>34.90</ItemPrice>
      <UnitOfMeasurePrice>34.90</UnitOfMeasurePrice>
      <AllowDiscount>0</AllowDiscount>
      <itemStatus>1</itemStatus>
      <LastUpdateDate />
      <LastUpdateTime />
    </Product>
    <Product>
      <PriceUpdateDate>2019/08/08 08:27</PriceUpdateDate>
      <ItemCode>7290008792264</ItemCode>
      <ItemType>1</ItemType>
      <ItemName>מפיות  טאצ`100 יח</ItemName>
      <ManufactureName>שניב תעשיות נייר בעמ</ManufactureName>
      <ManufactureCountry />
      <ManufactureItemDescription />
      <UnitQty>יח`</UnitQty>
      <Quantity>1</Quantity>
      <UnitMeasure />
      <BisWeighted>0</BisWeighted>
      <QtyInPackage>1</QtyInPackage>
      <ItemPrice>4.90</ItemPrice>
      <UnitOfMeasurePrice>4.90</UnitOfMeasurePrice>
      <AllowDiscount>0</AllowDiscount>
      <itemStatus>1</itemStatus>
      <LastUpdateDate />
      <LastUpdateTime />
    </Product>
    <Product>
      <PriceUpdateDate>2016/02/28 19:20</PriceUpdateDate>
      <ItemCode>7290008801010</ItemCode>
      <ItemType>1</ItemType>
      <ItemName>קברנה/מרלו פי.סי אדום יבש 750 מל</ItemName>
      <ManufactureName>אגודת הכורמים</ManufactureName>
      <ManufactureCountry />
      <ManufactureItemDescription />
      <UnitQty>יח`</UnitQty>
      <Quantity>750</Quantity>
      <UnitMeasure>מ"ל</UnitMeasure>
      <BisWeighted>0</BisWeighted>
      <QtyInPackage>1</QtyInPackage>
      <ItemPrice>44.90</ItemPrice>
      <UnitOfMeasurePrice>5.95</UnitOfMeasurePrice>
      <AllowDiscount>1</AllowDiscount>
      <itemStatus>1</itemStatus>
      <LastUpdateDate />
      <LastUpdateTime />
    </Product>
    <Product>
      <PriceUpdateDate>2017/04/30 16:09</PriceUpdateDate>
      <ItemCode>7290008801119</ItemCode>
      <ItemType>1</ItemType>
      <ItemName>סלקטד סוביניון בלאן יקבי כרמל (750 מל)</ItemName>
      <ManufactureName>אגודת הכורמים</ManufactureName>
      <ManufactureCountry />
      <ManufactureItemDescription />
      <UnitQty>יח`</UnitQty>
      <Quantity>750</Quantity>
      <UnitMeasure>מ"ל</UnitMeasure>
      <BisWeighted>0</BisWeighted>
      <QtyInPackage>1</QtyInPackage>
      <ItemPrice>26.90</ItemPrice>
      <UnitOfMeasurePrice>3.55</UnitOfMeasurePrice>
      <AllowDiscount>1</AllowDiscount>
      <itemStatus>1</itemStatus>
      <LastUpdateDate />
      <LastUpdateTime />
    </Product>
    <Product>
      <PriceUpdateDate>2017/04/30 16:09</PriceUpdateDate>
      <ItemCode>7290008801157</ItemCode>
      <ItemType>1</ItemType>
      <ItemName>סלקטד מרלו יקבי כרמל (750 מל)</ItemName>
      <ManufactureName>אגודת הכורמים</ManufactureName>
      <ManufactureCountry />
      <ManufactureItemDescription />
      <UnitQty>יח`</UnitQty>
      <Quantity>750</Quantity>
      <UnitMeasure>מ"ל</UnitMeasure>
      <BisWeighted>0</BisWeighted>
      <QtyInPackage>1</QtyInPackage>
      <ItemPrice>26.90</ItemPrice>
      <UnitOfMeasurePrice>3.55</UnitOfMeasurePrice>
      <AllowDiscount>1</AllowDiscount>
      <itemStatus>1</itemStatus>
      <LastUpdateDate />
      <LastUpdateTime />
    </Product>
    <Product>
      <PriceUpdateDate>2013/12/31 12:19</PriceUpdateDate>
      <ItemCode>7290008801478</ItemCode>
      <ItemType>1</ItemType>
      <ItemName>טופז זהב אדום מתוק 750 מל</ItemName>
      <ManufactureName>אגודת הכורמים</ManufactureName>
      <ManufactureCountry />
      <ManufactureItemDescription />
      <UnitQty>יח`</UnitQty>
      <Quantity>750</Quantity>
      <UnitMeasure>מ"ל</UnitMeasure>
      <BisWeighted>0</BisWeighted>
      <QtyInPackage>1</QtyInPackage>
      <ItemPrice>21.20</ItemPrice>
      <UnitOfMeasurePrice>2.79</UnitOfMeasurePrice>
      <AllowDiscount>1</AllowDiscount>
      <itemStatus>1</itemStatus>
      <LastUpdateDate />
      <LastUpdateTime />
    </Product>
    <Product>
      <PriceUpdateDate>2019/01/06 14:42</PriceUpdateDate>
      <ItemCode>7290008801522</ItemCode>
      <ItemType>1</ItemType>
      <ItemName>קונקורד אדום מתוק 750 מל קינג דיוויד</ItemName>
      <ManufactureName>אגודת הכורמים</ManufactureName>
      <ManufactureCountry />
      <ManufactureItemDescription />
      <UnitQty>יח`</UnitQty>
      <Quantity>750</Quantity>
      <UnitMeasure>מ"ל</UnitMeasure>
      <BisWeighted>0</BisWeighted>
      <QtyInPackage>1</QtyInPackage>
      <ItemPrice>19.90</ItemPrice>
      <UnitOfMeasurePrice>2.61</UnitOfMeasurePrice>
      <AllowDiscount>0</AllowDiscount>
      <itemStatus>1</itemStatus>
      <LastUpdateDate />
      <LastUpdateTime />
    </Product>
    <Product>
      <PriceUpdateDate>2019/01/06 14:42</PriceUpdateDate>
      <ItemCode>7290008801539</ItemCode>
      <ItemType>1</ItemType>
      <ItemName>כרמל 120 אדום מתוק 750 מל קינג דיוויד</ItemName>
      <ManufactureName>אגודת הכורמים</ManufactureName>
      <ManufactureCountry />
      <ManufactureItemDescription />
      <UnitQty>יח`</UnitQty>
      <Quantity>750</Quantity>
      <UnitMeasure>מ"ל</UnitMeasure>
      <BisWeighted>0</BisWeighted>
      <QtyInPackage>1</QtyInPackage>
      <ItemPrice>19.90</ItemPrice>
      <UnitOfMeasurePrice>2.61</UnitOfMeasurePrice>
      <AllowDiscount>0</AllowDiscount>
      <itemStatus>1</itemStatus>
      <LastUpdateDate />
      <LastUpdateTime />
    </Product>
    <Product>
      <PriceUpdateDate>2019/01/06 14:42</PriceUpdateDate>
      <ItemCode>7290008801546</ItemCode>
      <ItemType>1</ItemType>
      <ItemName>מוסקט מתוק 750 מל קינג דיוויד</ItemName>
      <ManufactureName>אגודת הכורמים</ManufactureName>
      <ManufactureCountry />
      <ManufactureItemDescription />
      <UnitQty>יח`</UnitQty>
      <Quantity>750</Quantity>
      <UnitMeasure>מ"ל</UnitMeasure>
      <BisWeighted>0</BisWeighted>
      <QtyInPackage>1</QtyInPackage>
      <ItemPrice>19.90</ItemPrice>
      <UnitOfMeasurePrice>2.61</UnitOfMeasurePrice>
      <AllowDiscount>0</AllowDiscount>
      <itemStatus>1</itemStatus>
      <LastUpdateDate />
      <LastUpdateTime />
    </Product>
    <Product>
      <PriceUpdateDate>2017/04/30 16:09</PriceUpdateDate>
      <ItemCode>7290008801843</ItemCode>
      <ItemType>1</ItemType>
      <ItemName>סלקטד קברנה סובניון יקבי כרמל (750 מל)</ItemName>
      <ManufactureName>אגודת הכורמים</ManufactureName>
      <ManufactureCountry />
      <ManufactureItemDescription />
      <UnitQty>יח`</UnitQty>
      <Quantity>750</Quantity>
      <UnitMeasure>מ"ל</UnitMeasure>
      <BisWeighted>0</BisWeighted>
      <QtyInPackage>1</QtyInPackage>
      <ItemPrice>26.90</ItemPrice>
      <UnitOfMeasurePrice>3.55</UnitOfMeasurePrice>
      <AllowDiscount>1</AllowDiscount>
      <itemStatus>1</itemStatus>
      <LastUpdateDate />
      <LastUpdateTime />
    </Product>
    <Product>
      <PriceUpdateDate>2017/04/30 16:09</PriceUpdateDate>
      <ItemCode>7290008801850</ItemCode>
      <ItemType>1</ItemType>
      <ItemName>סלקטד אמרלד ריזלינג יקבי כרמל (750 מל)</ItemName>
      <ManufactureName>אגודת הכורמים</ManufactureName>
      <ManufactureCountry />
      <ManufactureItemDescription />
      <UnitQty>יח`</UnitQty>
      <Quantity>750</Quantity>
      <UnitMeasure>מ"ל</UnitMeasure>
      <BisWeighted>0</BisWeighted>
      <QtyInPackage>1</QtyInPackage>
      <ItemPrice>26.90</ItemPrice>
      <UnitOfMeasurePrice>3.55</UnitOfMeasurePrice>
      <AllowDiscount>1</AllowDiscount>
      <itemStatus>1</itemStatus>
      <LastUpdateDate />
      <LastUpdateTime />
    </Product>
    <Product>
      <PriceUpdateDate>2016/02/28 19:20</PriceUpdateDate>
      <ItemCode>7290008802291</ItemCode>
      <ItemType>1</ItemType>
      <ItemName>מרלו פי.סי אדום יבש 750 מל</ItemName>
      <ManufactureName>אגודת הכורמים</ManufactureName>
      <ManufactureCountry />
      <ManufactureItemDescription />
      <UnitQty>יח`</UnitQty>
      <Quantity>750</Quantity>
      <UnitMeasure>מ"ל</UnitMeasure>
      <BisWeighted>0</BisWeighted>
      <QtyInPackage>1</QtyInPackage>
      <ItemPrice>44.90</ItemPrice>
      <UnitOfMeasurePrice>5.95</UnitOfMeasurePrice>
      <AllowDiscount>1</AllowDiscount>
      <itemStatus>1</itemStatus>
      <LastUpdateDate />
      <LastUpdateTime />
    </Product>
    <Product>
      <PriceUpdateDate>2019/01/06 14:42</PriceUpdateDate>
      <ItemCode>7290008802512</ItemCode>
      <ItemType>1</ItemType>
      <ItemName>וינו אדום 750 מל</ItemName>
      <ManufactureName>אגודת הכורמים</ManufactureName>
      <ManufactureCountry />
      <ManufactureItemDescription />
      <UnitQty>יח`</UnitQty>
      <Quantity>750</Quantity>
      <UnitMeasure>מ"ל</UnitMeasure>
      <BisWeighted>0</BisWeighted>
      <QtyInPackage>1</QtyInPackage>
      <ItemPrice>19.90</ItemPrice>
      <UnitOfMeasurePrice>2.61</UnitOfMeasurePrice>
      <AllowDiscount>1</AllowDiscount>
      <itemStatus>1</itemStatus>
      <LastUpdateDate />
      <LastUpdateTime />
    </Product>
    <Product>
      <PriceUpdateDate>2016/02/28 19:20</PriceUpdateDate>
      <ItemCode>7290008802895</ItemCode>
      <ItemType>1</ItemType>
      <ItemName>קברנה סוביניון פי.סי אדום יבש 750 מל</ItemName>
      <ManufactureName>אגודת הכורמים</ManufactureName>
      <ManufactureCountry />
      <ManufactureItemDescription />
      <UnitQty>יח`</UnitQty>
      <Quantity>750</Quantity>
      <UnitMeasure>מ"ל</UnitMeasure>
      <BisWeighted>0</BisWeighted>
      <QtyInPackage>1</QtyInPackage>
      <ItemPrice>44.90</ItemPrice>
      <UnitOfMeasurePrice>5.95</UnitOfMeasurePrice>
      <AllowDiscount>1</AllowDiscount>
      <itemStatus>1</itemStatus>
      <LastUpdateDate />
      <LastUpdateTime />
    </Product>
    <Product>
      <PriceUpdateDate>2015/04/29 17:13</PriceUpdateDate>
      <ItemCode>7290008804189</ItemCode>
      <ItemType>1</ItemType>
      <ItemName>קברנה סוביניון אזורית אדום יבש 750 מל</ItemName>
      <ManufactureName>אגודת הכורמים</ManufactureName>
      <ManufactureCountry />
      <ManufactureItemDescription />
      <UnitQty>יח`</UnitQty>
      <Quantity>750</Quantity>
      <UnitMeasure>מ"ל</UnitMeasure>
      <BisWeighted>0</BisWeighted>
      <QtyInPackage>1</QtyInPackage>
      <ItemPrice>71.90</ItemPrice>
      <UnitOfMeasurePrice>9.55</UnitOfMeasurePrice>
      <AllowDiscount>1</AllowDiscount>
      <itemStatus>1</itemStatus>
      <LastUpdateDate />
      <LastUpdateTime />
    </Product>
    <Product>
      <PriceUpdateDate>2017/04/30 16:09</PriceUpdateDate>
      <ItemCode>7290008805520</ItemCode>
      <ItemType>1</ItemType>
      <ItemName>קברנה מרלו סלקטד אדום יבש 750 מל</ItemName>
      <ManufactureName>אגודת הכורמים</ManufactureName>
      <ManufactureCountry />
      <ManufactureItemDescription />
      <UnitQty>יח`</UnitQty>
      <Quantity>750</Quantity>
      <UnitMeasure>מ"ל</UnitMeasure>
      <BisWeighted>0</BisWeighted>
      <QtyInPackage>1</QtyInPackage>
      <ItemPrice>26.90</ItemPrice>
      <UnitOfMeasurePrice>3.55</UnitOfMeasurePrice>
      <AllowDiscount>1</AllowDiscount>
      <itemStatus>1</itemStatus>
      <LastUpdateDate />
      <LastUpdateTime />
    </Product>
    <Product>
      <PriceUpdateDate>2015/07/05 15:28</PriceUpdateDate>
      <ItemCode>7290008806961</ItemCode>
      <ItemType>1</ItemType>
      <ItemName>שטראוס קרמיסימו שוקולד ציפ</ItemName>
      <ManufactureName>גלידות שטראוס בעמ</ManufactureName>
      <ManufactureCountry />
      <ManufactureItemDescription />
      <UnitQty>יח`</UnitQty>
      <Quantity>1.33</Quantity>
      <UnitMeasure>1 ליטר</UnitMeasure>
      <BisWeighted>0</BisWeighted>
      <QtyInPackage>1</QtyInPackage>
      <ItemPrice>18.90</ItemPrice>
      <UnitOfMeasurePrice>14.21</UnitOfMeasurePrice>
      <AllowDiscount>1</AllowDiscount>
      <itemStatus>1</itemStatus>
      <LastUpdateDate />
      <LastUpdateTime />
    </Product>
    <Product>
      <PriceUpdateDate>2015/07/05 15:28</PriceUpdateDate>
      <ItemCode>7290008806985</ItemCode>
      <ItemType>1</ItemType>
      <ItemName>שטראוס גלידונית 60 יח` פרווה</ItemName>
      <ManufactureName>גלידות שטראוס בעמ</ManufactureName>
      <ManufactureCountry />
      <ManufactureItemDescription />
      <UnitQty>יח`</UnitQty>
      <Quantity>630</Quantity>
      <UnitMeasure>גרם</UnitMeasure>
      <BisWeighted>0</BisWeighted>
      <QtyInPackage>1</QtyInPackage>
      <ItemPrice>47.90</ItemPrice>
      <UnitOfMeasurePrice>7.60</UnitOfMeasurePrice>
      <AllowDiscount>1</AllowDiscount>
      <itemStatus>1</itemStatus>
      <LastUpdateDate />
      <LastUpdateTime />
    </Product>
    <Product>
      <PriceUpdateDate>2019/03/03 14:10</PriceUpdateDate>
      <ItemCode>7290008833714</ItemCode>
      <ItemType>1</ItemType>
      <ItemName>וודקה גריי גוס 750 מל</ItemName>
      <ManufactureName>מ. אקרמן בעמ</ManufactureName>
      <ManufactureCountry />
      <ManufactureItemDescription />
      <UnitQty>יח`</UnitQty>
      <Quantity>750</Quantity>
      <UnitMeasure>מ"ל</UnitMeasure>
      <BisWeighted>0</BisWeighted>
      <QtyInPackage>1</QtyInPackage>
      <ItemPrice>129.90</ItemPrice>
      <UnitOfMeasurePrice>17.28</UnitOfMeasurePrice>
      <AllowDiscount>0</AllowDiscount>
      <itemStatus>1</itemStatus>
      <LastUpdateDate />
      <LastUpdateTime />
    </Product>
    <Product>
      <PriceUpdateDate>2014/04/27 13:28</PriceUpdateDate>
      <ItemCode>7290008836005</ItemCode>
      <ItemType>1</ItemType>
      <ItemName>ישראלי קריניאן אפרת (750 מל)</ItemName>
      <ManufactureName>יקב טפרברג 1870 בעמ (יינות ומש</ManufactureName>
      <ManufactureCountry />
      <ManufactureItemDescription />
      <UnitQty>יח`</UnitQty>
      <Quantity>750</Quantity>
      <UnitMeasure>מ"ל</UnitMeasure>
      <BisWeighted>0</BisWeighted>
      <QtyInPackage>1</QtyInPackage>
      <ItemPrice>19.50</ItemPrice>
      <UnitOfMeasurePrice>2.56</UnitOfMeasurePrice>
      <AllowDiscount>1</AllowDiscount>
      <itemStatus>1</itemStatus>
      <LastUpdateDate />
      <LastUpdateTime />
    </Product>
    <Product>
      <PriceUpdateDate>2014/04/27 13:28</PriceUpdateDate>
      <ItemCode>7290008836036</ItemCode>
      <ItemType>1</ItemType>
      <ItemName>גרנאש רוזה אפרת (750 מל)</ItemName>
      <ManufactureName>יקב טפרברג 1870 בעמ (יינות ומש</ManufactureName>
      <ManufactureCountry />
      <ManufactureItemDescription />
      <UnitQty>יח`</UnitQty>
      <Quantity>750</Quantity>
      <UnitMeasure>מ"ל</UnitMeasure>
      <BisWeighted>0</BisWeighted>
      <QtyInPackage>1</QtyInPackage>
      <ItemPrice>19.50</ItemPrice>
      <UnitOfMeasurePrice>2.56</UnitOfMeasurePrice>
      <AllowDiscount>1</AllowDiscount>
      <itemStatus>1</itemStatus>
      <LastUpdateDate />
      <LastUpdateTime />
    </Product>
    <Product>
      <PriceUpdateDate>2014/07/27 15:32</PriceUpdateDate>
      <ItemCode>7290008836494</ItemCode>
      <ItemType>1</ItemType>
      <ItemName>תירוש ענבים אפרת (1 ליטר)</ItemName>
      <ManufactureName>יקב טפרברג 1870 בעמ (יינות ומש</ManufactureName>
      <ManufactureCountry />
      <ManufactureItemDescription />
      <UnitQty>יח`</UnitQty>
      <Quantity>1000</Quantity>
      <UnitMeasure>מ"ל</UnitMeasure>
      <BisWeighted>0</BisWeighted>
      <QtyInPackage>1</QtyInPackage>
      <ItemPrice>12.90</ItemPrice>
      <UnitOfMeasurePrice>1.26</UnitOfMeasurePrice>
      <AllowDiscount>0</AllowDiscount>
      <itemStatus>1</itemStatus>
      <LastUpdateDate />
      <LastUpdateTime />
    </Product>
    <Product>
      <PriceUpdateDate>2016/01/20 13:09</PriceUpdateDate>
      <ItemCode>7290008849586</ItemCode>
      <ItemType>1</ItemType>
      <ItemName>רוטב לעוף ריבת בצל אוליביה</ItemName>
      <ManufactureName>גורי מוצרי צריכה (1991) בעמ</ManufactureName>
      <ManufactureCountry />
      <ManufactureItemDescription />
      <UnitQty>יח`</UnitQty>
      <Quantity>310</Quantity>
      <UnitMeasure>גרם</UnitMeasure>
      <BisWeighted>0</BisWeighted>
      <QtyInPackage>1</QtyInPackage>
      <ItemPrice>13.90</ItemPrice>
      <UnitOfMeasurePrice>4.48</UnitOfMeasurePrice>
      <AllowDiscount>0</AllowDiscount>
      <itemStatus>1</itemStatus>
      <LastUpdateDate />
      <LastUpdateTime />
    </Product>
    <Product>
      <PriceUpdateDate>2018/11/16 11:32</PriceUpdateDate>
      <ItemCode>7290008909167</ItemCode>
      <ItemType>1</ItemType>
      <ItemName>פריגת 1.5 ליטר</ItemName>
      <ManufactureName>החברה המרכזית להפצת משקאות בעמ</ManufactureName>
      <ManufactureCountry />
      <ManufactureItemDescription />
      <UnitQty>יח`</UnitQty>
      <Quantity>1.50</Quantity>
      <UnitMeasure>1 ליטר</UnitMeasure>
      <BisWeighted>0</BisWeighted>
      <QtyInPackage>1</QtyInPackage>
      <ItemPrice>7.20</ItemPrice>
      <UnitOfMeasurePrice>4.80</UnitOfMeasurePrice>
      <AllowDiscount>1</AllowDiscount>
      <itemStatus>1</itemStatus>
      <LastUpdateDate />
      <LastUpdateTime />
    </Product>
    <Product>
      <PriceUpdateDate>2018/11/16 11:33</PriceUpdateDate>
      <ItemCode>7290008909440</ItemCode>
      <ItemType>1</ItemType>
      <ItemName>משקה אורנג` מנגו פאנטה (1.5 ליטר)</ItemName>
      <ManufactureName>החברה המרכזית להפצת משקאות בעמ</ManufactureName>
      <ManufactureCountry />
      <ManufactureItemDescription />
      <UnitQty>יח`</UnitQty>
      <Quantity>1.50</Quantity>
      <UnitMeasure>1 ליטר</UnitMeasure>
      <BisWeighted>0</BisWeighted>
      <QtyInPackage>1</QtyInPackage>
      <ItemPrice>7.70</ItemPrice>
      <UnitOfMeasurePrice>5.13</UnitOfMeasurePrice>
      <AllowDiscount>0</AllowDiscount>
      <itemStatus>1</itemStatus>
      <LastUpdateDate />
      <LastUpdateTime />
    </Product>
    <Product>
      <PriceUpdateDate>2019/07/01 12:12</PriceUpdateDate>
      <ItemCode>7290008909723</ItemCode>
      <ItemType>1</ItemType>
      <ItemName>בירה רד לייבל טובורג (330x6 מל)</ItemName>
      <ManufactureName>החברה המרכזית להפצת משקאות בעמ</ManufactureName>
      <ManufactureCountry />
      <ManufactureItemDescription />
      <UnitQty>יח`</UnitQty>
      <Quantity>1.98</Quantity>
      <UnitMeasure>1 ליטר</UnitMeasure>
      <BisWeighted>0</BisWeighted>
      <QtyInPackage>1</QtyInPackage>
      <ItemPrice>40.90</ItemPrice>
      <UnitOfMeasurePrice>19.75</UnitOfMeasurePrice>
      <AllowDiscount>1</AllowDiscount>
      <itemStatus>1</itemStatus>
      <LastUpdateDate />
      <LastUpdateTime />
    </Product>
    <Product>
      <PriceUpdateDate>2014/04/10 09:41</PriceUpdateDate>
      <ItemCode>7290008909846</ItemCode>
      <ItemType>1</ItemType>
      <ItemName>פחית קולה זירו</ItemName>
      <ManufactureName>החברה המרכזית להפצת משקאות בעמ</ManufactureName>
      <ManufactureCountry />
      <ManufactureItemDescription />
      <UnitQty>יח`</UnitQty>
      <Quantity>330</Quantity>
      <UnitMeasure>מ"ל</UnitMeasure>
      <BisWeighted>0</BisWeighted>
      <QtyInPackage>1</QtyInPackage>
      <ItemPrice>4.50</ItemPrice>
      <UnitOfMeasurePrice>1.27</UnitOfMeasurePrice>
      <AllowDiscount>0</AllowDiscount>
      <itemStatus>1</itemStatus>
      <LastUpdateDate />
      <LastUpdateTime />
    </Product>
    <Product>
      <PriceUpdateDate>2014/04/10 09:41</PriceUpdateDate>
      <ItemCode>7290008909853</ItemCode>
      <ItemType>1</ItemType>
      <ItemName>קוקה קולה זירו 500 מל</ItemName>
      <ManufactureName>החברה המרכזית להפצת משקאות בעמ</ManufactureName>
      <ManufactureCountry />
      <ManufactureItemDescription />
      <UnitQty>יח`</UnitQty>
      <Quantity>500</Quantity>
      <UnitMeasure>מ"ל</UnitMeasure>
      <BisWeighted>0</BisWeighted>
      <QtyInPackage>1</QtyInPackage>
      <ItemPrice>5.90</ItemPrice>
      <UnitOfMeasurePrice>1.12</UnitOfMeasurePrice>
      <AllowDiscount>0</AllowDiscount>
      <itemStatus>1</itemStatus>
      <LastUpdateDate />
      <LastUpdateTime />
    </Product>
    <Product>
      <PriceUpdateDate>2014/04/06 10:16</PriceUpdateDate>
      <ItemCode>7290008909860</ItemCode>
      <ItemType>1</ItemType>
      <ItemName>בקבוק זירו קוקה-קולה (1.5 ליטר)</ItemName>
      <ManufactureName>החברה המרכזית להפצת משקאות בעמ</ManufactureName>
      <ManufactureCountry />
      <ManufactureItemDescription />
      <UnitQty>יח`</UnitQty>
      <Quantity>1.50</Quantity>
      <UnitMeasure>1 ליטר</UnitMeasure>
      <BisWeighted>0</BisWeighted>
      <QtyInPackage>1</QtyInPackage>
      <ItemPrice>6.90</ItemPrice>
      <UnitOfMeasurePrice>4.60</UnitOfMeasurePrice>
      <AllowDiscount>0</AllowDiscount>
      <itemStatus>1</itemStatus>
      <LastUpdateDate />
      <LastUpdateTime />
    </Product>
    <Product>
      <PriceUpdateDate>2018/11/16 11:33</PriceUpdateDate>
      <ItemCode>7290008909877</ItemCode>
      <ItemType>1</ItemType>
      <ItemName>מארז זירו קוקה-קולה (1.5x6 ליטר)</ItemName>
      <ManufactureName>החברה המרכזית להפצת משקאות בעמ</ManufactureName>
      <ManufactureCountry />
      <ManufactureItemDescription />
      <UnitQty>יח`</UnitQty>
      <Quantity>9</Quantity>
      <UnitMeasure>1 ליטר</UnitMeasure>
      <BisWeighted>0</BisWeighted>
      <QtyInPackage>1</QtyInPackage>
      <ItemPrice>37.90</ItemPrice>
      <UnitOfMeasurePrice>4.21</UnitOfMeasurePrice>
      <AllowDiscount>0</AllowDiscount>
      <itemStatus>1</itemStatus>
      <LastUpdateDate />
      <LastUpdateTime />
    </Product>
    <Product>
      <PriceUpdateDate>2015/01/29 08:55</PriceUpdateDate>
      <ItemCode>7290008945172</ItemCode>
      <ItemType>1</ItemType>
      <ItemName>שקיות אשפה לפח מטבח 65x52 גלילונית (40)</ItemName>
      <ManufactureName>דנשר (1963) בעמ</ManufactureName>
      <ManufactureCountry />
      <ManufactureItemDescription />
      <UnitQty>יח`</UnitQty>
      <Quantity>40</Quantity>
      <UnitMeasure>יח`</UnitMeasure>
      <BisWeighted>0</BisWeighted>
      <QtyInPackage>1</QtyInPackage>
      <ItemPrice>15.90</ItemPrice>
      <UnitOfMeasurePrice>0.40</UnitOfMeasurePrice>
      <AllowDiscount>1</AllowDiscount>
      <itemStatus>1</itemStatus>
      <LastUpdateDate />
      <LastUpdateTime />
    </Product>
    <Product>
      <PriceUpdateDate>2014/01/28 13:57</PriceUpdateDate>
      <ItemCode>7290008945202</ItemCode>
      <ItemType>1</ItemType>
      <ItemName>שקיות אשפה לפח ענק 90x75 גלילונית (50)</ItemName>
      <ManufactureName>דנשר (1963) בעמ</ManufactureName>
      <ManufactureCountry />
      <ManufactureItemDescription />
      <UnitQty>יח`</UnitQty>
      <Quantity>1</Quantity>
      <UnitMeasure />
      <BisWeighted>0</BisWeighted>
      <QtyInPackage>1</QtyInPackage>
      <ItemPrice>15.90</ItemPrice>
      <UnitOfMeasurePrice>15.90</UnitOfMeasurePrice>
      <AllowDiscount>1</AllowDiscount>
      <itemStatus>1</itemStatus>
      <LastUpdateDate />
      <LastUpdateTime />
    </Product>
    <Product>
      <PriceUpdateDate>2019/05/07 16:23</PriceUpdateDate>
      <ItemCode>7290008975551</ItemCode>
      <ItemType>1</ItemType>
      <ItemName>תחליף חלב שלב 3 מהדרין מטרנה (700 גרם)</ItemName>
      <ManufactureName>קבוצת אסם סחר שות. מוגבלת</ManufactureName>
      <ManufactureCountry />
      <ManufactureItemDescription />
      <UnitQty>יח`</UnitQty>
      <Quantity>700</Quantity>
      <UnitMeasure>גרם</UnitMeasure>
      <BisWeighted>0</BisWeighted>
      <QtyInPackage>1</QtyInPackage>
      <ItemPrice>49.90</ItemPrice>
      <UnitOfMeasurePrice>7.13</UnitOfMeasurePrice>
      <AllowDiscount>1</AllowDiscount>
      <itemStatus>1</itemStatus>
      <LastUpdateDate />
      <LastUpdateTime />
    </Product>
    <Product>
      <PriceUpdateDate>2016/03/03 08:25</PriceUpdateDate>
      <ItemCode>7290008989091</ItemCode>
      <ItemType>1</ItemType>
      <ItemName>פריכיות אורז שלישיה</ItemName>
      <ManufactureName>בטר אנד דיפרנט בעמ</ManufactureName>
      <ManufactureCountry />
      <ManufactureItemDescription />
      <UnitQty>יח`</UnitQty>
      <Quantity>300</Quantity>
      <UnitMeasure>גרם</UnitMeasure>
      <BisWeighted>0</BisWeighted>
      <QtyInPackage>1</QtyInPackage>
      <ItemPrice>12.90</ItemPrice>
      <UnitOfMeasurePrice>4.30</UnitOfMeasurePrice>
      <AllowDiscount>0</AllowDiscount>
      <itemStatus>1</itemStatus>
      <LastUpdateDate />
      <LastUpdateTime />
    </Product>
    <Product>
      <PriceUpdateDate>2013/12/31 12:19</PriceUpdateDate>
      <ItemCode>7290008989169</ItemCode>
      <ItemType>1</ItemType>
      <ItemName>פצפוצי אורז בי   די (500 גרם)</ItemName>
      <ManufactureName>בטר אנד דיפרנט בעמ</ManufactureName>
      <ManufactureCountry />
      <ManufactureItemDescription />
      <UnitQty>יח`</UnitQty>
      <Quantity>500</Quantity>
      <UnitMeasure>גרם</UnitMeasure>
      <BisWeighted>0</BisWeighted>
      <QtyInPackage>1</QtyInPackage>
      <ItemPrice>16</ItemPrice>
      <UnitOfMeasurePrice>3.20</UnitOfMeasurePrice>
      <AllowDiscount>1</AllowDiscount>
      <itemStatus>1</itemStatus>
      <LastUpdateDate />
      <LastUpdateTime />
    </Product>
    <Product>
      <PriceUpdateDate>2015/12/01 15:34</PriceUpdateDate>
      <ItemCode>7290008989473</ItemCode>
      <ItemType>1</ItemType>
      <ItemName>ממרח חרובים 350 גר`</ItemName>
      <ManufactureName>בטר אנד דיפרנט בעמ</ManufactureName>
      <ManufactureCountry />
      <ManufactureItemDescription />
      <UnitQty>יח`</UnitQty>
      <Quantity>350</Quantity>
      <UnitMeasure>גרם</UnitMeasure>
      <BisWeighted>0</BisWeighted>
      <QtyInPackage>1</QtyInPackage>
      <ItemPrice>12.90</ItemPrice>
      <UnitOfMeasurePrice>3.69</UnitOfMeasurePrice>
      <AllowDiscount>0</AllowDiscount>
      <itemStatus>1</itemStatus>
      <LastUpdateDate />
      <LastUpdateTime />
    </Product>
    <Product>
      <PriceUpdateDate>2013/12/31 12:19</PriceUpdateDate>
      <ItemCode>7290008989602</ItemCode>
      <ItemType>1</ItemType>
      <ItemName>בטר פצפוצי אורז מלא 450  גר`ללא גלוטן</ItemName>
      <ManufactureName>בטר אנד דיפרנט בעמ</ManufactureName>
      <ManufactureCountry />
      <ManufactureItemDescription />
      <UnitQty>יח`</UnitQty>
      <Quantity>450</Quantity>
      <UnitMeasure>גרם</UnitMeasure>
      <BisWeighted>0</BisWeighted>
      <QtyInPackage>1</QtyInPackage>
      <ItemPrice>16</ItemPrice>
      <UnitOfMeasurePrice>3.56</UnitOfMeasurePrice>
      <AllowDiscount>0</AllowDiscount>
      <itemStatus>1</itemStatus>
      <LastUpdateDate />
      <LastUpdateTime />
    </Product>
    <Product>
      <PriceUpdateDate>2015/12/01 15:34</PriceUpdateDate>
      <ItemCode>7290008989695</ItemCode>
      <ItemType>1</ItemType>
      <ItemName>שלווה מצופה בדבש בשקית</ItemName>
      <ManufactureName>בטר אנד דיפרנט בעמ</ManufactureName>
      <ManufactureCountry />
      <ManufactureItemDescription />
      <UnitQty>יח`</UnitQty>
      <Quantity>400</Quantity>
      <UnitMeasure>גרם</UnitMeasure>
      <BisWeighted>0</BisWeighted>
      <QtyInPackage>1</QtyInPackage>
      <ItemPrice>12.90</ItemPrice>
      <UnitOfMeasurePrice>3.23</UnitOfMeasurePrice>
      <AllowDiscount>0</AllowDiscount>
      <itemStatus>1</itemStatus>
      <LastUpdateDate />
      <LastUpdateTime />
    </Product>
    <Product>
      <PriceUpdateDate>2015/12/01 14:31</PriceUpdateDate>
      <ItemCode>7290010002016</ItemCode>
      <ItemType>1</ItemType>
      <ItemName>כוסברה טחונה 100 גר`</ItemName>
      <ManufactureName>א.ל.ייצור ושיווק תבלינים בעמ</ManufactureName>
      <ManufactureCountry />
      <ManufactureItemDescription />
      <UnitQty>יח`</UnitQty>
      <Quantity>100</Quantity>
      <UnitMeasure>גרם</UnitMeasure>
      <BisWeighted>0</BisWeighted>
      <QtyInPackage>1</QtyInPackage>
      <ItemPrice>10.90</ItemPrice>
      <UnitOfMeasurePrice>10.90</UnitOfMeasurePrice>
      <AllowDiscount>0</AllowDiscount>
      <itemStatus>1</itemStatus>
      <LastUpdateDate />
      <LastUpdateTime />
    </Product>
    <Product>
      <PriceUpdateDate>2018/02/06 14:33</PriceUpdateDate>
      <ItemCode>7290010002023</ItemCode>
      <ItemType>1</ItemType>
      <ItemName>כורכום תבליני מימון (100 גרם)</ItemName>
      <ManufactureName>א.ל.ייצור ושיווק תבלינים בעמ</ManufactureName>
      <ManufactureCountry />
      <ManufactureItemDescription />
      <UnitQty>יח`</UnitQty>
      <Quantity>100</Quantity>
      <UnitMeasure>גרם</UnitMeasure>
      <BisWeighted>0</BisWeighted>
      <QtyInPackage>1</QtyInPackage>
      <ItemPrice>11.90</ItemPrice>
      <UnitOfMeasurePrice>11.90</UnitOfMeasurePrice>
      <AllowDiscount>0</AllowDiscount>
      <itemStatus>1</itemStatus>
      <LastUpdateDate />
      <LastUpdateTime />
    </Product>
    <Product>
      <PriceUpdateDate>2015/12/01 14:31</PriceUpdateDate>
      <ItemCode>7290010002047</ItemCode>
      <ItemType>1</ItemType>
      <ItemName>מלח לימון תבליני מימון (200 גרם)</ItemName>
      <ManufactureName>א.ל.ייצור ושיווק תבלינים בעמ</ManufactureName>
      <ManufactureCountry />
      <ManufactureItemDescription />
      <UnitQty>יח`</UnitQty>
      <Quantity>200</Quantity>
      <UnitMeasure>גרם</UnitMeasure>
      <BisWeighted>0</BisWeighted>
      <QtyInPackage>1</QtyInPackage>
      <ItemPrice>10.90</ItemPrice>
      <UnitOfMeasurePrice>5.45</UnitOfMeasurePrice>
      <AllowDiscount>0</AllowDiscount>
      <itemStatus>1</itemStatus>
      <LastUpdateDate />
      <LastUpdateTime />
    </Product>
    <Product>
      <PriceUpdateDate>2018/02/06 14:33</PriceUpdateDate>
      <ItemCode>7290010002078</ItemCode>
      <ItemType>1</ItemType>
      <ItemName>פלפל שחור טחון תבליני מימון (100 גרם)</ItemName>
      <ManufactureName>א.ל.ייצור ושיווק תבלינים בעמ</ManufactureName>
      <ManufactureCountry />
      <ManufactureItemDescription />
      <UnitQty>יח`</UnitQty>
      <Quantity>100</Quantity>
      <UnitMeasure>גרם</UnitMeasure>
      <BisWeighted>0</BisWeighted>
      <QtyInPackage>1</QtyInPackage>
      <ItemPrice>15.90</ItemPrice>
      <UnitOfMeasurePrice>15.90</UnitOfMeasurePrice>
      <AllowDiscount>0</AllowDiscount>
      <itemStatus>1</itemStatus>
      <LastUpdateDate />
      <LastUpdateTime />
    </Product>
    <Product>
      <PriceUpdateDate>2018/02/06 14:33</PriceUpdateDate>
      <ItemCode>7290010002092</ItemCode>
      <ItemType>1</ItemType>
      <ItemName>פלפל שחור גרוס דק תבליני מימון (90 גרם)</ItemName>
      <ManufactureName>א.ל.ייצור ושיווק תבלינים בעמ</ManufactureName>
      <ManufactureCountry />
      <ManufactureItemDescription />
      <UnitQty>יח`</UnitQty>
      <Quantity>90</Quantity>
      <UnitMeasure>גרם</UnitMeasure>
      <BisWeighted>0</BisWeighted>
      <QtyInPackage>1</QtyInPackage>
      <ItemPrice>15.90</ItemPrice>
      <UnitOfMeasurePrice>17.67</UnitOfMeasurePrice>
      <AllowDiscount>0</AllowDiscount>
      <itemStatus>1</itemStatus>
      <LastUpdateDate />
      <LastUpdateTime />
    </Product>
    <Product>
      <PriceUpdateDate>2018/02/06 14:33</PriceUpdateDate>
      <ItemCode>7290010002122</ItemCode>
      <ItemType>1</ItemType>
      <ItemName>פפריקה הונגרית מתוקה 100 גר`</ItemName>
      <ManufactureName>א.ל.ייצור ושיווק תבלינים בעמ</ManufactureName>
      <ManufactureCountry />
      <ManufactureItemDescription />
      <UnitQty>יח`</UnitQty>
      <Quantity>100</Quantity>
      <UnitMeasure>גרם</UnitMeasure>
      <BisWeighted>0</BisWeighted>
      <QtyInPackage>1</QtyInPackage>
      <ItemPrice>11.90</ItemPrice>
      <UnitOfMeasurePrice>11.90</UnitOfMeasurePrice>
      <AllowDiscount>0</AllowDiscount>
      <itemStatus>1</itemStatus>
      <LastUpdateDate />
      <LastUpdateTime />
    </Product>
    <Product>
      <PriceUpdateDate>2018/02/06 14:33</PriceUpdateDate>
      <ItemCode>7290010002139</ItemCode>
      <ItemType>1</ItemType>
      <ItemName>פפריקה הונגרית חריפה 100 גר`</ItemName>
      <ManufactureName>א.ל.ייצור ושיווק תבלינים בעמ</ManufactureName>
      <ManufactureCountry />
      <ManufactureItemDescription />
      <UnitQty>יח`</UnitQty>
      <Quantity>100</Quantity>
      <UnitMeasure>גרם</UnitMeasure>
      <BisWeighted>0</BisWeighted>
      <QtyInPackage>1</QtyInPackage>
      <ItemPrice>11.90</ItemPrice>
      <UnitOfMeasurePrice>11.90</UnitOfMeasurePrice>
      <AllowDiscount>0</AllowDiscount>
      <itemStatus>1</itemStatus>
      <LastUpdateDate />
      <LastUpdateTime />
    </Product>
    <Product>
      <PriceUpdateDate>2018/02/06 14:33</PriceUpdateDate>
      <ItemCode>7290010002146</ItemCode>
      <ItemType>1</ItemType>
      <ItemName>פפריקה מרוקאית מתוקה 100 גר`</ItemName>
      <ManufactureName>א.ל.ייצור ושיווק תבלינים בעמ</ManufactureName>
      <ManufactureCountry />
      <ManufactureItemDescription />
      <UnitQty>יח`</UnitQty>
      <Quantity>100</Quantity>
      <UnitMeasure>גרם</UnitMeasure>
      <BisWeighted>0</BisWeighted>
      <QtyInPackage>1</QtyInPackage>
      <ItemPrice>11.90</ItemPrice>
      <UnitOfMeasurePrice>11.90</UnitOfMeasurePrice>
      <AllowDiscount>0</AllowDiscount>
      <itemStatus>1</itemStatus>
      <LastUpdateDate />
      <LastUpdateTime />
    </Product>
    <Product>
      <PriceUpdateDate>2018/02/06 14:33</PriceUpdateDate>
      <ItemCode>7290010002153</ItemCode>
      <ItemType>1</ItemType>
      <ItemName>פפריקה מרוקאית חריפה 100 גר`</ItemName>
      <ManufactureName>א.ל.ייצור ושיווק תבלינים בעמ</ManufactureName>
      <ManufactureCountry />
      <ManufactureItemDescription />
      <UnitQty>יח`</UnitQty>
      <Quantity>100</Quantity>
      <UnitMeasure>גרם</UnitMeasure>
      <BisWeighted>0</BisWeighted>
      <QtyInPackage>1</QtyInPackage>
      <ItemPrice>11.90</ItemPrice>
      <UnitOfMeasurePrice>11.90</UnitOfMeasurePrice>
      <AllowDiscount>0</AllowDiscount>
      <itemStatus>1</itemStatus>
      <LastUpdateDate />
      <LastUpdateTime />
    </Product>
    <Product>
      <PriceUpdateDate>2015/12/01 14:31</PriceUpdateDate>
      <ItemCode>7290010002207</ItemCode>
      <ItemType>1</ItemType>
      <ItemName>קינמון טחון תבליני מימון (100 גרם)</ItemName>
      <ManufactureName>א.ל.ייצור ושיווק תבלינים בעמ</ManufactureName>
      <ManufactureCountry />
      <ManufactureItemDescription />
      <UnitQty>יח`</UnitQty>
      <Quantity>100</Quantity>
      <UnitMeasure>גרם</UnitMeasure>
      <BisWeighted>0</BisWeighted>
      <QtyInPackage>1</QtyInPackage>
      <ItemPrice>10.90</ItemPrice>
      <UnitOfMeasurePrice>10.90</UnitOfMeasurePrice>
      <AllowDiscount>0</AllowDiscount>
      <itemStatus>1</itemStatus>
      <LastUpdateDate />
      <LastUpdateTime />
    </Product>
    <Product>
      <PriceUpdateDate>2018/02/06 14:33</PriceUpdateDate>
      <ItemCode>7290010002214</ItemCode>
      <ItemType>1</ItemType>
      <ItemName>צ`ילי גרוס תבליני מימון (70 גרם)</ItemName>
      <ManufactureName>א.ל.ייצור ושיווק תבלינים בעמ</ManufactureName>
      <ManufactureCountry />
      <ManufactureItemDescription />
      <UnitQty>יח`</UnitQty>
      <Quantity>70</Quantity>
      <UnitMeasure>גרם</UnitMeasure>
      <BisWeighted>0</BisWeighted>
      <QtyInPackage>1</QtyInPackage>
      <ItemPrice>11.90</ItemPrice>
      <UnitOfMeasurePrice>17</UnitOfMeasurePrice>
      <AllowDiscount>0</AllowDiscount>
      <itemStatus>1</itemStatus>
      <LastUpdateDate />
      <LastUpdateTime />
    </Product>
    <Product>
      <PriceUpdateDate>2018/02/06 14:33</PriceUpdateDate>
      <ItemCode>7290010002283</ItemCode>
      <ItemType>1</ItemType>
      <ItemName>תיבול על האש 100 גר`</ItemName>
      <ManufactureName>א.ל.ייצור ושיווק תבלינים בעמ</ManufactureName>
      <ManufactureCountry />
      <ManufactureItemDescription />
      <UnitQty>יח`</UnitQty>
      <Quantity>100</Quantity>
      <UnitMeasure>גרם</UnitMeasure>
      <BisWeighted>0</BisWeighted>
      <QtyInPackage>1</QtyInPackage>
      <ItemPrice>11.90</ItemPrice>
      <UnitOfMeasurePrice>11.90</UnitOfMeasurePrice>
      <AllowDiscount>0</AllowDiscount>
      <itemStatus>1</itemStatus>
      <LastUpdateDate />
      <LastUpdateTime />
    </Product>
    <Product>
      <PriceUpdateDate>2018/02/06 14:33</PriceUpdateDate>
      <ItemCode>7290010002290</ItemCode>
      <ItemType>1</ItemType>
      <ItemName>תיבול לשווארמה 100 גר`</ItemName>
      <ManufactureName>א.ל.ייצור ושיווק תבלינים בעמ</ManufactureName>
      <ManufactureCountry />
      <ManufactureItemDescription />
      <UnitQty>יח`</UnitQty>
      <Quantity>100</Quantity>
      <UnitMeasure>גרם</UnitMeasure>
      <BisWeighted>0</BisWeighted>
      <QtyInPackage>1</QtyInPackage>
      <ItemPrice>11.90</ItemPrice>
      <UnitOfMeasurePrice>11.90</UnitOfMeasurePrice>
      <AllowDiscount>0</AllowDiscount>
      <itemStatus>1</itemStatus>
      <LastUpdateDate />
      <LastUpdateTime />
    </Product>
    <Product>
      <PriceUpdateDate>2018/02/06 14:33</PriceUpdateDate>
      <ItemCode>7290010002320</ItemCode>
      <ItemType>1</ItemType>
      <ItemName>תבלין לגריל עוף תבליני מימון (100 גרם)</ItemName>
      <ManufactureName>א.ל.ייצור ושיווק תבלינים בעמ</ManufactureName>
      <ManufactureCountry />
      <ManufactureItemDescription />
      <UnitQty>יח`</UnitQty>
      <Quantity>100</Quantity>
      <UnitMeasure>גרם</UnitMeasure>
      <BisWeighted>0</BisWeighted>
      <QtyInPackage>1</QtyInPackage>
      <ItemPrice>11.90</ItemPrice>
      <UnitOfMeasurePrice>11.90</UnitOfMeasurePrice>
      <AllowDiscount>0</AllowDiscount>
      <itemStatus>1</itemStatus>
      <LastUpdateDate />
      <LastUpdateTime />
    </Product>
    <Product>
      <PriceUpdateDate>2018/02/06 14:33</PriceUpdateDate>
      <ItemCode>7290010002344</ItemCode>
      <ItemType>1</ItemType>
      <ItemName>תיבול לדג 100 גר`</ItemName>
      <ManufactureName>א.ל.ייצור ושיווק תבלינים בעמ</ManufactureName>
      <ManufactureCountry />
      <ManufactureItemDescription />
      <UnitQty>יח`</UnitQty>
      <Quantity>100</Quantity>
      <UnitMeasure>גרם</UnitMeasure>
      <BisWeighted>0</BisWeighted>
      <QtyInPackage>1</QtyInPackage>
      <ItemPrice>11.90</ItemPrice>
      <UnitOfMeasurePrice>11.90</UnitOfMeasurePrice>
      <AllowDiscount>0</AllowDiscount>
      <itemStatus>1</itemStatus>
      <LastUpdateDate />
      <LastUpdateTime />
    </Product>
    <Product>
      <PriceUpdateDate>2018/02/06 14:33</PriceUpdateDate>
      <ItemCode>7290010002351</ItemCode>
      <ItemType>1</ItemType>
      <ItemName>זעתר ושומשום בלדי תבליני מימון (100 גרם)</ItemName>
      <ManufactureName>א.ל.ייצור ושיווק תבלינים בעמ</ManufactureName>
      <ManufactureCountry />
      <ManufactureItemDescription />
      <UnitQty>יח`</UnitQty>
      <Quantity>100</Quantity>
      <UnitMeasure>גרם</UnitMeasure>
      <BisWeighted>0</BisWeighted>
      <QtyInPackage>1</QtyInPackage>
      <ItemPrice>11.90</ItemPrice>
      <UnitOfMeasurePrice>11.90</UnitOfMeasurePrice>
      <AllowDiscount>0</AllowDiscount>
      <itemStatus>1</itemStatus>
      <LastUpdateDate />
      <LastUpdateTime />
    </Product>
    <Product>
      <PriceUpdateDate>2018/02/06 14:33</PriceUpdateDate>
      <ItemCode>7290010002368</ItemCode>
      <ItemType>1</ItemType>
      <ItemName>תערובת  חווג`למרק 100 גר`</ItemName>
      <ManufactureName>א.ל.ייצור ושיווק תבלינים בעמ</ManufactureName>
      <ManufactureCountry />
      <ManufactureItemDescription />
      <UnitQty>יח`</UnitQty>
      <Quantity>100</Quantity>
      <UnitMeasure>גרם</UnitMeasure>
      <BisWeighted>0</BisWeighted>
      <QtyInPackage>1</QtyInPackage>
      <ItemPrice>11.90</ItemPrice>
      <UnitOfMeasurePrice>11.90</UnitOfMeasurePrice>
      <AllowDiscount>0</AllowDiscount>
      <itemStatus>1</itemStatus>
      <LastUpdateDate />
      <LastUpdateTime />
    </Product>
    <Product>
      <PriceUpdateDate>2015/12/01 14:31</PriceUpdateDate>
      <ItemCode>7290010002382</ItemCode>
      <ItemType>1</ItemType>
      <ItemName>אורגנו תבליני מימון (40 גרם)</ItemName>
      <ManufactureName>א.ל.ייצור ושיווק תבלינים בעמ</ManufactureName>
      <ManufactureCountry />
      <ManufactureItemDescription />
      <UnitQty>יח`</UnitQty>
      <Quantity>40</Quantity>
      <UnitMeasure>גרם</UnitMeasure>
      <BisWeighted>0</BisWeighted>
      <QtyInPackage>1</QtyInPackage>
      <ItemPrice>10.90</ItemPrice>
      <UnitOfMeasurePrice>27.25</UnitOfMeasurePrice>
      <AllowDiscount>0</AllowDiscount>
      <itemStatus>1</itemStatus>
      <LastUpdateDate />
      <LastUpdateTime />
    </Product>
    <Product>
      <PriceUpdateDate>2015/12/01 14:31</PriceUpdateDate>
      <ItemCode>7290010002399</ItemCode>
      <ItemType>1</ItemType>
      <ItemName>בזיליקום תבליני מימון (40 גרם)</ItemName>
      <ManufactureName>א.ל.ייצור ושיווק תבלינים בעמ</ManufactureName>
      <ManufactureCountry />
      <ManufactureItemDescription />
      <UnitQty>יח`</UnitQty>
      <Quantity>50</Quantity>
      <UnitMeasure>גרם</UnitMeasure>
      <BisWeighted>0</BisWeighted>
      <QtyInPackage>1</QtyInPackage>
      <ItemPrice>10.90</ItemPrice>
      <UnitOfMeasurePrice>21.80</UnitOfMeasurePrice>
      <AllowDiscount>0</AllowDiscount>
      <itemStatus>1</itemStatus>
      <LastUpdateDate />
      <LastUpdateTime />
    </Product>
    <Product>
      <PriceUpdateDate>2015/12/01 14:31</PriceUpdateDate>
      <ItemCode>7290010002443</ItemCode>
      <ItemType>1</ItemType>
      <ItemName>רוזמרין תבליני מימון (40 גרם)</ItemName>
      <ManufactureName>א.ל.ייצור ושיווק תבלינים בעמ</ManufactureName>
      <ManufactureCountry />
      <ManufactureItemDescription />
      <UnitQty>יח`</UnitQty>
      <Quantity>50</Quantity>
      <UnitMeasure>גרם</UnitMeasure>
      <BisWeighted>0</BisWeighted>
      <QtyInPackage>1</QtyInPackage>
      <ItemPrice>10.90</ItemPrice>
      <UnitOfMeasurePrice>21.80</UnitOfMeasurePrice>
      <AllowDiscount>0</AllowDiscount>
      <itemStatus>1</itemStatus>
      <LastUpdateDate />
      <LastUpdateTime />
    </Product>
    <Product>
      <PriceUpdateDate>2016/11/13 09:47</PriceUpdateDate>
      <ItemCode>7290010002481</ItemCode>
      <ItemType>1</ItemType>
      <ItemName>שום טחון תבליני מימון (100 גרם)</ItemName>
      <ManufactureName>א.ל.ייצור ושיווק תבלינים בעמ</ManufactureName>
      <ManufactureCountry />
      <ManufactureItemDescription />
      <UnitQty>יח`</UnitQty>
      <Quantity>100</Quantity>
      <UnitMeasure>גרם</UnitMeasure>
      <BisWeighted>0</BisWeighted>
      <QtyInPackage>1</QtyInPackage>
      <ItemPrice>14.90</ItemPrice>
      <UnitOfMeasurePrice>14.90</UnitOfMeasurePrice>
      <AllowDiscount>0</AllowDiscount>
      <itemStatus>1</itemStatus>
      <LastUpdateDate />
      <LastUpdateTime />
    </Product>
    <Product>
      <PriceUpdateDate>2016/11/13 09:47</PriceUpdateDate>
      <ItemCode>7290010002498</ItemCode>
      <ItemType>1</ItemType>
      <ItemName>שום גבישי תבליני מימון (120 גרם)</ItemName>
      <ManufactureName>א.ל.ייצור ושיווק תבלינים בעמ</ManufactureName>
      <ManufactureCountry />
      <ManufactureItemDescription />
      <UnitQty>יח`</UnitQty>
      <Quantity>120</Quantity>
      <UnitMeasure>גרם</UnitMeasure>
      <BisWeighted>0</BisWeighted>
      <QtyInPackage>1</QtyInPackage>
      <ItemPrice>14.90</ItemPrice>
      <UnitOfMeasurePrice>12.42</UnitOfMeasurePrice>
      <AllowDiscount>0</AllowDiscount>
      <itemStatus>1</itemStatus>
      <LastUpdateDate />
      <LastUpdateTime />
    </Product>
    <Product>
      <PriceUpdateDate>2016/01/07 14:13</PriceUpdateDate>
      <ItemCode>7290010003051</ItemCode>
      <ItemType>1</ItemType>
      <ItemName>פפריקה הונגרית מתוקה 400 גר`</ItemName>
      <ManufactureName>א.ל.ייצור ושיווק תבלינים בעמ</ManufactureName>
      <ManufactureCountry />
      <ManufactureItemDescription />
      <UnitQty>יח`</UnitQty>
      <Quantity>400</Quantity>
      <UnitMeasure>גרם</UnitMeasure>
      <BisWeighted>0</BisWeighted>
      <QtyInPackage>1</QtyInPackage>
      <ItemPrice>24.90</ItemPrice>
      <UnitOfMeasurePrice>6.23</UnitOfMeasurePrice>
      <AllowDiscount>0</AllowDiscount>
      <itemStatus>1</itemStatus>
      <LastUpdateDate />
      <LastUpdateTime />
    </Product>
    <Product>
      <PriceUpdateDate>2016/01/07 14:13</PriceUpdateDate>
      <ItemCode>7290010003075</ItemCode>
      <ItemType>1</ItemType>
      <ItemName>פפריקה מרוקאית מתוקה 400 גר`</ItemName>
      <ManufactureName>א.ל.ייצור ושיווק תבלינים בעמ</ManufactureName>
      <ManufactureCountry />
      <ManufactureItemDescription />
      <UnitQty>יח`</UnitQty>
      <Quantity>400</Quantity>
      <UnitMeasure>גרם</UnitMeasure>
      <BisWeighted>0</BisWeighted>
      <QtyInPackage>1</QtyInPackage>
      <ItemPrice>24.90</ItemPrice>
      <UnitOfMeasurePrice>6.23</UnitOfMeasurePrice>
      <AllowDiscount>0</AllowDiscount>
      <itemStatus>1</itemStatus>
      <LastUpdateDate />
      <LastUpdateTime />
    </Product>
    <Product>
      <PriceUpdateDate>2018/04/10 13:56</PriceUpdateDate>
      <ItemCode>7290010003440</ItemCode>
      <ItemType>1</ItemType>
      <ItemName>שבבי בצל מטוגן 200 גר`</ItemName>
      <ManufactureName>א.ל.ייצור ושיווק תבלינים בעמ</ManufactureName>
      <ManufactureCountry />
      <ManufactureItemDescription />
      <UnitQty>יח`</UnitQty>
      <Quantity>200</Quantity>
      <UnitMeasure>גרם</UnitMeasure>
      <BisWeighted>0</BisWeighted>
      <QtyInPackage>1</QtyInPackage>
      <ItemPrice>9.90</ItemPrice>
      <UnitOfMeasurePrice>4.95</UnitOfMeasurePrice>
      <AllowDiscount>0</AllowDiscount>
      <itemStatus>1</itemStatus>
      <LastUpdateDate />
      <LastUpdateTime />
    </Product>
    <Product>
      <PriceUpdateDate>2015/12/08 08:47</PriceUpdateDate>
      <ItemCode>7290010003693</ItemCode>
      <ItemType>1</ItemType>
      <ItemName>פפריקה מתוקה תבליני מימון (80 גרם)</ItemName>
      <ManufactureName>א.ל.ייצור ושיווק תבלינים בעמ</ManufactureName>
      <ManufactureCountry />
      <ManufactureItemDescription />
      <UnitQty>יח`</UnitQty>
      <Quantity>80</Quantity>
      <UnitMeasure>גרם</UnitMeasure>
      <BisWeighted>0</BisWeighted>
      <QtyInPackage>1</QtyInPackage>
      <ItemPrice>5.90</ItemPrice>
      <UnitOfMeasurePrice>7.38</UnitOfMeasurePrice>
      <AllowDiscount>0</AllowDiscount>
      <itemStatus>1</itemStatus>
      <LastUpdateDate />
      <LastUpdateTime />
    </Product>
    <Product>
      <PriceUpdateDate>2015/12/08 08:47</PriceUpdateDate>
      <ItemCode>7290010003709</ItemCode>
      <ItemType>1</ItemType>
      <ItemName>פלפל שחור טחון תבליני מימון (50 גרם)</ItemName>
      <ManufactureName>א.ל.ייצור ושיווק תבלינים בעמ</ManufactureName>
      <ManufactureCountry />
      <ManufactureItemDescription />
      <UnitQty>יח`</UnitQty>
      <Quantity>50</Quantity>
      <UnitMeasure>גרם</UnitMeasure>
      <BisWeighted>0</BisWeighted>
      <QtyInPackage>1</QtyInPackage>
      <ItemPrice>7.90</ItemPrice>
      <UnitOfMeasurePrice>15.80</UnitOfMeasurePrice>
      <AllowDiscount>0</AllowDiscount>
      <itemStatus>1</itemStatus>
      <LastUpdateDate />
      <LastUpdateTime />
    </Product>
    <Product>
      <PriceUpdateDate>2015/12/08 08:47</PriceUpdateDate>
      <ItemCode>7290010003754</ItemCode>
      <ItemType>1</ItemType>
      <ItemName>כמון טחון תבליני מימון (50 גרם)</ItemName>
      <ManufactureName>א.ל.ייצור ושיווק תבלינים בעמ</ManufactureName>
      <ManufactureCountry />
      <ManufactureItemDescription />
      <UnitQty>יח`</UnitQty>
      <Quantity>50</Quantity>
      <UnitMeasure>גרם</UnitMeasure>
      <BisWeighted>0</BisWeighted>
      <QtyInPackage>1</QtyInPackage>
      <ItemPrice>5.90</ItemPrice>
      <UnitOfMeasurePrice>11.80</UnitOfMeasurePrice>
      <AllowDiscount>0</AllowDiscount>
      <itemStatus>1</itemStatus>
      <LastUpdateDate />
      <LastUpdateTime />
    </Product>
    <Product>
      <PriceUpdateDate>2015/12/08 08:47</PriceUpdateDate>
      <ItemCode>7290010003761</ItemCode>
      <ItemType>1</ItemType>
      <ItemName>כורכום טחון תבליני מימון (80 גרם)</ItemName>
      <ManufactureName>א.ל.ייצור ושיווק תבלינים בעמ</ManufactureName>
      <ManufactureCountry />
      <ManufactureItemDescription />
      <UnitQty>יח`</UnitQty>
      <Quantity>80</Quantity>
      <UnitMeasure>גרם</UnitMeasure>
      <BisWeighted>0</BisWeighted>
      <QtyInPackage>1</QtyInPackage>
      <ItemPrice>5.90</ItemPrice>
      <UnitOfMeasurePrice>7.38</UnitOfMeasurePrice>
      <AllowDiscount>0</AllowDiscount>
      <itemStatus>1</itemStatus>
      <LastUpdateDate />
      <LastUpdateTime />
    </Product>
    <Product>
      <PriceUpdateDate>2015/12/08 08:47</PriceUpdateDate>
      <ItemCode>7290010003778</ItemCode>
      <ItemType>1</ItemType>
      <ItemName>תבלין לגריל עוף תבליני מימון (80 גרם)</ItemName>
      <ManufactureName>א.ל.ייצור ושיווק תבלינים בעמ</ManufactureName>
      <ManufactureCountry />
      <ManufactureItemDescription />
      <UnitQty>יח`</UnitQty>
      <Quantity>80</Quantity>
      <UnitMeasure>גרם</UnitMeasure>
      <BisWeighted>0</BisWeighted>
      <QtyInPackage>1</QtyInPackage>
      <ItemPrice>5.90</ItemPrice>
      <UnitOfMeasurePrice>7.38</UnitOfMeasurePrice>
      <AllowDiscount>0</AllowDiscount>
      <itemStatus>1</itemStatus>
      <LastUpdateDate />
      <LastUpdateTime />
    </Product>
    <Product>
      <PriceUpdateDate>2015/12/08 08:47</PriceUpdateDate>
      <ItemCode>7290010003808</ItemCode>
      <ItemType>1</ItemType>
      <ItemName>זעתר ושומשום בשקית תבליני מימון (80 גרם)</ItemName>
      <ManufactureName>א.ל.ייצור ושיווק תבלינים בעמ</ManufactureName>
      <ManufactureCountry />
      <ManufactureItemDescription />
      <UnitQty>יח`</UnitQty>
      <Quantity>80</Quantity>
      <UnitMeasure>גרם</UnitMeasure>
      <BisWeighted>0</BisWeighted>
      <QtyInPackage>1</QtyInPackage>
      <ItemPrice>5.90</ItemPrice>
      <UnitOfMeasurePrice>7.38</UnitOfMeasurePrice>
      <AllowDiscount>0</AllowDiscount>
      <itemStatus>1</itemStatus>
      <LastUpdateDate />
      <LastUpdateTime />
    </Product>
    <Product>
      <PriceUpdateDate>2015/12/08 08:47</PriceUpdateDate>
      <ItemCode>7290010003822</ItemCode>
      <ItemType>1</ItemType>
      <ItemName>פפריקה חריפה בשקית תבליני מימון (80 גרם)</ItemName>
      <ManufactureName>א.ל.ייצור ושיווק תבלינים בעמ</ManufactureName>
      <ManufactureCountry />
      <ManufactureItemDescription />
      <UnitQty>יח`</UnitQty>
      <Quantity>80</Quantity>
      <UnitMeasure>גרם</UnitMeasure>
      <BisWeighted>0</BisWeighted>
      <QtyInPackage>1</QtyInPackage>
      <ItemPrice>5.90</ItemPrice>
      <UnitOfMeasurePrice>7.38</UnitOfMeasurePrice>
      <AllowDiscount>0</AllowDiscount>
      <itemStatus>1</itemStatus>
      <LastUpdateDate />
      <LastUpdateTime />
    </Product>
    <Product>
      <PriceUpdateDate>2015/12/08 08:47</PriceUpdateDate>
      <ItemCode>7290010003839</ItemCode>
      <ItemType>1</ItemType>
      <ItemName>קינמון טחון תבליני מימון (80 גרם)</ItemName>
      <ManufactureName>א.ל.ייצור ושיווק תבלינים בעמ</ManufactureName>
      <ManufactureCountry />
      <ManufactureItemDescription />
      <UnitQty>יח`</UnitQty>
      <Quantity>80</Quantity>
      <UnitMeasure>גרם</UnitMeasure>
      <BisWeighted>0</BisWeighted>
      <QtyInPackage>1</QtyInPackage>
      <ItemPrice>5.90</ItemPrice>
      <UnitOfMeasurePrice>7.38</UnitOfMeasurePrice>
      <AllowDiscount>0</AllowDiscount>
      <itemStatus>1</itemStatus>
      <LastUpdateDate />
      <LastUpdateTime />
    </Product>
    <Product>
      <PriceUpdateDate>2015/12/08 08:47</PriceUpdateDate>
      <ItemCode>7290010003846</ItemCode>
      <ItemType>1</ItemType>
      <ItemName>אורגנו תבליני מימון (20 גרם)</ItemName>
      <ManufactureName>א.ל.ייצור ושיווק תבלינים בעמ</ManufactureName>
      <ManufactureCountry />
      <ManufactureItemDescription />
      <UnitQty>יח`</UnitQty>
      <Quantity>20</Quantity>
      <UnitMeasure>גרם</UnitMeasure>
      <BisWeighted>0</BisWeighted>
      <QtyInPackage>1</QtyInPackage>
      <ItemPrice>5.90</ItemPrice>
      <UnitOfMeasurePrice>29.50</UnitOfMeasurePrice>
      <AllowDiscount>0</AllowDiscount>
      <itemStatus>1</itemStatus>
      <LastUpdateDate />
      <LastUpdateTime />
    </Product>
    <Product>
      <PriceUpdateDate>2020/04/27 06:48</PriceUpdateDate>
      <ItemCode>7290010016198</ItemCode>
      <ItemType>1</ItemType>
      <ItemName>פס ארוז 500  גר`טעמי העולם</ItemName>
      <ManufactureName>לייבוביץ</ManufactureName>
      <ManufactureCountry />
      <ManufactureItemDescription />
      <UnitQty>יח`</UnitQty>
      <Quantity>500</Quantity>
      <UnitMeasure>גרם</UnitMeasure>
      <BisWeighted>0</BisWeighted>
      <QtyInPackage>1</QtyInPackage>
      <ItemPrice>34.90</ItemPrice>
      <UnitOfMeasurePrice>6.98</UnitOfMeasurePrice>
      <AllowDiscount>0</AllowDiscount>
      <itemStatus>1</itemStatus>
      <LastUpdateDate />
      <LastUpdateTime />
    </Product>
    <Product>
      <PriceUpdateDate>2020/04/27 06:48</PriceUpdateDate>
      <ItemCode>7290010016341</ItemCode>
      <ItemType>1</ItemType>
      <ItemName>גלידת מוס פרימיום</ItemName>
      <ManufactureName>לייבוביץ</ManufactureName>
      <ManufactureCountry />
      <ManufactureItemDescription />
      <UnitQty>יח`</UnitQty>
      <Quantity>200</Quantity>
      <UnitMeasure>גרם</UnitMeasure>
      <BisWeighted>0</BisWeighted>
      <QtyInPackage>1</QtyInPackage>
      <ItemPrice>19.90</ItemPrice>
      <UnitOfMeasurePrice>9.95</UnitOfMeasurePrice>
      <AllowDiscount>0</AllowDiscount>
      <itemStatus>1</itemStatus>
      <LastUpdateDate />
      <LastUpdateTime />
    </Product>
    <Product>
      <PriceUpdateDate>2020/04/27 06:48</PriceUpdateDate>
      <ItemCode>7290010016495</ItemCode>
      <ItemType>1</ItemType>
      <ItemName>פס טבעוני 500 גר`</ItemName>
      <ManufactureName>לייבוביץ</ManufactureName>
      <ManufactureCountry />
      <ManufactureItemDescription />
      <UnitQty>יח`</UnitQty>
      <Quantity>500</Quantity>
      <UnitMeasure>גרם</UnitMeasure>
      <BisWeighted>0</BisWeighted>
      <QtyInPackage>1</QtyInPackage>
      <ItemPrice>34.90</ItemPrice>
      <UnitOfMeasurePrice>6.98</UnitOfMeasurePrice>
      <AllowDiscount>0</AllowDiscount>
      <itemStatus>1</itemStatus>
      <LastUpdateDate />
      <LastUpdateTime />
    </Product>
    <Product>
      <PriceUpdateDate>2019/07/09 14:12</PriceUpdateDate>
      <ItemCode>7290010045013</ItemCode>
      <ItemType>1</ItemType>
      <ItemName>עוגיות חמאה צרפתיות לחמי (250 גרם)</ItemName>
      <ManufactureName>תה ויסוצקי (ישראל) בעמ</ManufactureName>
      <ManufactureCountry />
      <ManufactureItemDescription />
      <UnitQty>יח`</UnitQty>
      <Quantity>250</Quantity>
      <UnitMeasure>גרם</UnitMeasure>
      <BisWeighted>0</BisWeighted>
      <QtyInPackage>1</QtyInPackage>
      <ItemPrice>17.90</ItemPrice>
      <UnitOfMeasurePrice>7.16</UnitOfMeasurePrice>
      <AllowDiscount>0</AllowDiscount>
      <itemStatus>1</itemStatus>
      <LastUpdateDate />
      <LastUpdateTime />
    </Product>
    <Product>
      <PriceUpdateDate>2019/07/09 14:12</PriceUpdateDate>
      <ItemCode>7290010045068</ItemCode>
      <ItemType>1</ItemType>
      <ItemName>עוגיות נסיכה לחמי (250 גרם)</ItemName>
      <ManufactureName>תה ויסוצקי (ישראל) בעמ</ManufactureName>
      <ManufactureCountry />
      <ManufactureItemDescription />
      <UnitQty>יח`</UnitQty>
      <Quantity>250</Quantity>
      <UnitMeasure>גרם</UnitMeasure>
      <BisWeighted>0</BisWeighted>
      <QtyInPackage>1</QtyInPackage>
      <ItemPrice>17.90</ItemPrice>
      <UnitOfMeasurePrice>7.16</UnitOfMeasurePrice>
      <AllowDiscount>0</AllowDiscount>
      <itemStatus>1</itemStatus>
      <LastUpdateDate />
      <LastUpdateTime />
    </Product>
    <Product>
      <PriceUpdateDate>2019/09/04 09:41</PriceUpdateDate>
      <ItemCode>7290010049004</ItemCode>
      <ItemType>1</ItemType>
      <ItemName>מרמולייט תרכיז</ItemName>
      <ManufactureName>דנשר (1963) בעמ</ManufactureName>
      <ManufactureCountry />
      <ManufactureItemDescription />
      <UnitQty>יח`</UnitQty>
      <Quantity>1</Quantity>
      <UnitMeasure>1 ליטר</UnitMeasure>
      <BisWeighted>0</BisWeighted>
      <QtyInPackage>1</QtyInPackage>
      <ItemPrice>9.90</ItemPrice>
      <UnitOfMeasurePrice>9.90</UnitOfMeasurePrice>
      <AllowDiscount>0</AllowDiscount>
      <itemStatus>1</itemStatus>
      <LastUpdateDate />
      <LastUpdateTime />
    </Product>
    <Product>
      <PriceUpdateDate>2019/09/04 09:41</PriceUpdateDate>
      <ItemCode>7290010049028</ItemCode>
      <ItemType>1</ItemType>
      <ItemName>מרמולייט תרכיז</ItemName>
      <ManufactureName>דנשר (1963) בעמ</ManufactureName>
      <ManufactureCountry />
      <ManufactureItemDescription />
      <UnitQty>יח`</UnitQty>
      <Quantity>1</Quantity>
      <UnitMeasure>1 ליטר</UnitMeasure>
      <BisWeighted>0</BisWeighted>
      <QtyInPackage>1</QtyInPackage>
      <ItemPrice>9.90</ItemPrice>
      <UnitOfMeasurePrice>9.90</UnitOfMeasurePrice>
      <AllowDiscount>0</AllowDiscount>
      <itemStatus>1</itemStatus>
      <LastUpdateDate />
      <LastUpdateTime />
    </Product>
    <Product>
      <PriceUpdateDate>2019/10/29 09:34</PriceUpdateDate>
      <ItemCode>7290010049066</ItemCode>
      <ItemType>1</ItemType>
      <ItemName>מרמולייט עוגיות</ItemName>
      <ManufactureName>דנשר (1963) בעמ</ManufactureName>
      <ManufactureCountry />
      <ManufactureItemDescription />
      <UnitQty>יח`</UnitQty>
      <Quantity>200</Quantity>
      <UnitMeasure>גרם</UnitMeasure>
      <BisWeighted>0</BisWeighted>
      <QtyInPackage>1</QtyInPackage>
      <ItemPrice>18.90</ItemPrice>
      <UnitOfMeasurePrice>9.45</UnitOfMeasurePrice>
      <AllowDiscount>0</AllowDiscount>
      <itemStatus>1</itemStatus>
      <LastUpdateDate />
      <LastUpdateTime />
    </Product>
    <Product>
      <PriceUpdateDate>2018/08/12 12:25</PriceUpdateDate>
      <ItemCode>7290010051021</ItemCode>
      <ItemType>1</ItemType>
      <ItemName>בזיליקום א.אדמה</ItemName>
      <ManufactureName>א.אדמה (2007) בעמ</ManufactureName>
      <ManufactureCountry />
      <ManufactureItemDescription />
      <UnitQty>יח`</UnitQty>
      <Quantity>1</Quantity>
      <UnitMeasure />
      <BisWeighted>0</BisWeighted>
      <QtyInPackage>1</QtyInPackage>
      <ItemPrice>4.90</ItemPrice>
      <UnitOfMeasurePrice>4.90</UnitOfMeasurePrice>
      <AllowDiscount>1</AllowDiscount>
      <itemStatus>1</itemStatus>
      <LastUpdateDate />
      <LastUpdateTime />
    </Product>
    <Product>
      <PriceUpdateDate>2018/08/12 12:25</PriceUpdateDate>
      <ItemCode>7290010051045</ItemCode>
      <ItemType>1</ItemType>
      <ItemName>סלט ביבי מיקס בנספק</ItemName>
      <ManufactureName>א.אדמה (2007) בעמ</ManufactureName>
      <ManufactureCountry />
      <ManufactureItemDescription />
      <UnitQty>יח`</UnitQty>
      <Quantity>1</Quantity>
      <UnitMeasure />
      <BisWeighted>0</BisWeighted>
      <QtyInPackage>1</QtyInPackage>
      <ItemPrice>7.90</ItemPrice>
      <UnitOfMeasurePrice>7.90</UnitOfMeasurePrice>
      <AllowDiscount>1</AllowDiscount>
      <itemStatus>1</itemStatus>
      <LastUpdateDate />
      <LastUpdateTime />
    </Product>
    <Product>
      <PriceUpdateDate>2015/10/06 08:08</PriceUpdateDate>
      <ItemCode>7290010051076</ItemCode>
      <ItemType>1</ItemType>
      <ItemName>לבבות חסה קיסר</ItemName>
      <ManufactureName>א.אדמה (2007) בעמ</ManufactureName>
      <ManufactureCountry />
      <ManufactureItemDescription />
      <UnitQty>יח`</UnitQty>
      <Quantity>1</Quantity>
      <UnitMeasure />
      <BisWeighted>0</BisWeighted>
      <QtyInPackage>1</QtyInPackage>
      <ItemPrice>9.90</ItemPrice>
      <UnitOfMeasurePrice>9.90</UnitOfMeasurePrice>
      <AllowDiscount>1</AllowDiscount>
      <itemStatus>1</itemStatus>
      <LastUpdateDate />
      <LastUpdateTime />
    </Product>
    <Product>
      <PriceUpdateDate>2013/12/31 12:19</PriceUpdateDate>
      <ItemCode>7290010051090</ItemCode>
      <ItemType>1</ItemType>
      <ItemName>רוזמרין ארוז</ItemName>
      <ManufactureName>א.אדמה (2007) בעמ</ManufactureName>
      <ManufactureCountry />
      <ManufactureItemDescription />
      <UnitQty>יח`</UnitQty>
      <Quantity>1</Quantity>
      <UnitMeasure />
      <BisWeighted>0</BisWeighted>
      <QtyInPackage>1</QtyInPackage>
      <ItemPrice>4</ItemPrice>
      <UnitOfMeasurePrice>4</UnitOfMeasurePrice>
      <AllowDiscount>1</AllowDiscount>
      <itemStatus>1</itemStatus>
      <LastUpdateDate />
      <LastUpdateTime />
    </Product>
    <Product>
      <PriceUpdateDate>2018/08/12 12:25</PriceUpdateDate>
      <ItemCode>7290010051113</ItemCode>
      <ItemType>1</ItemType>
      <ItemName>טימין / קורנית</ItemName>
      <ManufactureName>א.אדמה (2007) בעמ</ManufactureName>
      <ManufactureCountry />
      <ManufactureItemDescription />
      <UnitQty>יח`</UnitQty>
      <Quantity>1</Quantity>
      <UnitMeasure />
      <BisWeighted>0</BisWeighted>
      <QtyInPackage>1</QtyInPackage>
      <ItemPrice>4.90</ItemPrice>
      <UnitOfMeasurePrice>4.90</UnitOfMeasurePrice>
      <AllowDiscount>1</AllowDiscount>
      <itemStatus>1</itemStatus>
      <LastUpdateDate />
      <LastUpdateTime />
    </Product>
    <Product>
      <PriceUpdateDate>2018/08/12 12:25</PriceUpdateDate>
      <ItemCode>7290010051144</ItemCode>
      <ItemType>1</ItemType>
      <ItemName>תרד עלים אורגני א.אדמה</ItemName>
      <ManufactureName>א.אדמה (2007) בעמ</ManufactureName>
      <ManufactureCountry />
      <ManufactureItemDescription />
      <UnitQty>יח`</UnitQty>
      <Quantity>180</Quantity>
      <UnitMeasure>גרם</UnitMeasure>
      <BisWeighted>0</BisWeighted>
      <QtyInPackage>1</QtyInPackage>
      <ItemPrice>8.90</ItemPrice>
      <UnitOfMeasurePrice>4.94</UnitOfMeasurePrice>
      <AllowDiscount>1</AllowDiscount>
      <itemStatus>1</itemStatus>
      <LastUpdateDate />
      <LastUpdateTime />
    </Product>
    <Product>
      <PriceUpdateDate>2017/05/15 16:51</PriceUpdateDate>
      <ItemCode>7290010051212</ItemCode>
      <ItemType>1</ItemType>
      <ItemName>סלרי ראש.</ItemName>
      <ManufactureName>א.אדמה (2007) בעמ</ManufactureName>
      <ManufactureCountry />
      <ManufactureItemDescription />
      <UnitQty>יח`</UnitQty>
      <Quantity>300</Quantity>
      <UnitMeasure>גרם</UnitMeasure>
      <BisWeighted>0</BisWeighted>
      <QtyInPackage>1</QtyInPackage>
      <ItemPrice>4.90</ItemPrice>
      <UnitOfMeasurePrice>1.63</UnitOfMeasurePrice>
      <AllowDiscount>1</AllowDiscount>
      <itemStatus>1</itemStatus>
      <LastUpdateDate />
      <LastUpdateTime />
    </Product>
    <Product>
      <PriceUpdateDate>2013/12/31 12:19</PriceUpdateDate>
      <ItemCode>7290010051229</ItemCode>
      <ItemType>1</ItemType>
      <ItemName>חסה רומית נספק</ItemName>
      <ManufactureName>א.אדמה (2007) בעמ</ManufactureName>
      <ManufactureCountry />
      <ManufactureItemDescription />
      <UnitQty>יח`</UnitQty>
      <Quantity>1</Quantity>
      <UnitMeasure />
      <BisWeighted>0</BisWeighted>
      <QtyInPackage>1</QtyInPackage>
      <ItemPrice>10</ItemPrice>
      <UnitOfMeasurePrice>10</UnitOfMeasurePrice>
      <AllowDiscount>1</AllowDiscount>
      <itemStatus>1</itemStatus>
      <LastUpdateDate />
      <LastUpdateTime />
    </Product>
    <Product>
      <PriceUpdateDate>2013/12/31 12:19</PriceUpdateDate>
      <ItemCode>7290010051236</ItemCode>
      <ItemType>1</ItemType>
      <ItemName>חסה משי אורגני א.אדמה</ItemName>
      <ManufactureName>א.אדמה (2007) בעמ</ManufactureName>
      <ManufactureCountry />
      <ManufactureItemDescription />
      <UnitQty>יח`</UnitQty>
      <Quantity>1</Quantity>
      <UnitMeasure />
      <BisWeighted>0</BisWeighted>
      <QtyInPackage>1</QtyInPackage>
      <ItemPrice>10</ItemPrice>
      <UnitOfMeasurePrice>10</UnitOfMeasurePrice>
      <AllowDiscount>1</AllowDiscount>
      <itemStatus>1</itemStatus>
      <LastUpdateDate />
      <LastUpdateTime />
    </Product>
    <Product>
      <PriceUpdateDate>2016/09/29 08:18</PriceUpdateDate>
      <ItemCode>7290010051267</ItemCode>
      <ItemType>1</ItemType>
      <ItemName>לוף ארוז - א.אדמה</ItemName>
      <ManufactureName>א.אדמה (2007) בעמ</ManufactureName>
      <ManufactureCountry />
      <ManufactureItemDescription />
      <UnitQty>יח`</UnitQty>
      <Quantity>1</Quantity>
      <UnitMeasure />
      <BisWeighted>0</BisWeighted>
      <QtyInPackage>1</QtyInPackage>
      <ItemPrice>9.90</ItemPrice>
      <UnitOfMeasurePrice>9.90</UnitOfMeasurePrice>
      <AllowDiscount>1</AllowDiscount>
      <itemStatus>1</itemStatus>
      <LastUpdateDate />
      <LastUpdateTime />
    </Product>
    <Product>
      <PriceUpdateDate>2018/08/12 12:25</PriceUpdateDate>
      <ItemCode>7290010051373</ItemCode>
      <ItemType>1</ItemType>
      <ItemName>לבבות חסה בשקית</ItemName>
      <ManufactureName>א.אדמה (2007) בעמ</ManufactureName>
      <ManufactureCountry />
      <ManufactureItemDescription />
      <UnitQty>יח`</UnitQty>
      <Quantity>1</Quantity>
      <UnitMeasure />
      <BisWeighted>0</BisWeighted>
      <QtyInPackage>1</QtyInPackage>
      <ItemPrice>9.90</ItemPrice>
      <UnitOfMeasurePrice>9.90</UnitOfMeasurePrice>
      <AllowDiscount>1</AllowDiscount>
      <itemStatus>1</itemStatus>
      <LastUpdateDate />
      <LastUpdateTime />
    </Product>
    <Product>
      <PriceUpdateDate>2017/08/17 07:38</PriceUpdateDate>
      <ItemCode>7290010051434</ItemCode>
      <ItemType>1</ItemType>
      <ItemName>חסה סלנובה</ItemName>
      <ManufactureName>א.אדמה (2007) בעמ</ManufactureName>
      <ManufactureCountry />
      <ManufactureItemDescription />
      <UnitQty>יח`</UnitQty>
      <Quantity>1</Quantity>
      <UnitMeasure />
      <BisWeighted>0</BisWeighted>
      <QtyInPackage>1</QtyInPackage>
      <ItemPrice>9.90</ItemPrice>
      <UnitOfMeasurePrice>9.90</UnitOfMeasurePrice>
      <AllowDiscount>1</AllowDiscount>
      <itemStatus>1</itemStatus>
      <LastUpdateDate />
      <LastUpdateTime />
    </Product>
    <Product>
      <PriceUpdateDate>2018/08/12 12:25</PriceUpdateDate>
      <ItemCode>7290010051991</ItemCode>
      <ItemType>1</ItemType>
      <ItemName>עלי בייבי א.אדמה (300 גרם)</ItemName>
      <ManufactureName>א.אדמה (2007) בעמ</ManufactureName>
      <ManufactureCountry />
      <ManufactureItemDescription />
      <UnitQty>יח`</UnitQty>
      <Quantity>300</Quantity>
      <UnitMeasure>גרם</UnitMeasure>
      <BisWeighted>0</BisWeighted>
      <QtyInPackage>1</QtyInPackage>
      <ItemPrice>12.90</ItemPrice>
      <UnitOfMeasurePrice>4.30</UnitOfMeasurePrice>
      <AllowDiscount>1</AllowDiscount>
      <itemStatus>1</itemStatus>
      <LastUpdateDate />
      <LastUpdateTime />
    </Product>
    <Product>
      <PriceUpdateDate>2015/04/30 13:08</PriceUpdateDate>
      <ItemCode>7290010065318</ItemCode>
      <ItemType>1</ItemType>
      <ItemName>מחית תפוחי עץ שלב 3 פרינוק (190 גרם)</ItemName>
      <ManufactureName>גורי מוצרי צריכה (1991) בעמ</ManufactureName>
      <ManufactureCountry />
      <ManufactureItemDescription />
      <UnitQty>יח`</UnitQty>
      <Quantity>190</Quantity>
      <UnitMeasure>גרם</UnitMeasure>
      <BisWeighted>0</BisWeighted>
      <QtyInPackage>1</QtyInPackage>
      <ItemPrice>5.90</ItemPrice>
      <UnitOfMeasurePrice>3.11</UnitOfMeasurePrice>
      <AllowDiscount>1</AllowDiscount>
      <itemStatus>1</itemStatus>
      <LastUpdateDate />
      <LastUpdateTime />
    </Product>
    <Product>
      <PriceUpdateDate>2015/04/30 13:08</PriceUpdateDate>
      <ItemCode>7290010065332</ItemCode>
      <ItemType>1</ItemType>
      <ItemName>מחית פרינוק 190 גר`</ItemName>
      <ManufactureName>גורי מוצרי צריכה (1991) בעמ</ManufactureName>
      <ManufactureCountry />
      <ManufactureItemDescription />
      <UnitQty>יח`</UnitQty>
      <Quantity>190</Quantity>
      <UnitMeasure>גרם</UnitMeasure>
      <BisWeighted>0</BisWeighted>
      <QtyInPackage>1</QtyInPackage>
      <ItemPrice>5.90</ItemPrice>
      <UnitOfMeasurePrice>3.11</UnitOfMeasurePrice>
      <AllowDiscount>1</AllowDiscount>
      <itemStatus>1</itemStatus>
      <LastUpdateDate />
      <LastUpdateTime />
    </Product>
    <Product>
      <PriceUpdateDate>2015/04/30 13:08</PriceUpdateDate>
      <ItemCode>7290010065349</ItemCode>
      <ItemType>1</ItemType>
      <ItemName>מחית סלט פירות שלב 3 פרינוק (190 גרם)</ItemName>
      <ManufactureName>גורי מוצרי צריכה (1991) בעמ</ManufactureName>
      <ManufactureCountry />
      <ManufactureItemDescription />
      <UnitQty>יח`</UnitQty>
      <Quantity>190</Quantity>
      <UnitMeasure>גרם</UnitMeasure>
      <BisWeighted>0</BisWeighted>
      <QtyInPackage>1</QtyInPackage>
      <ItemPrice>5.90</ItemPrice>
      <UnitOfMeasurePrice>3.11</UnitOfMeasurePrice>
      <AllowDiscount>1</AllowDiscount>
      <itemStatus>1</itemStatus>
      <LastUpdateDate />
      <LastUpdateTime />
    </Product>
    <Product>
      <PriceUpdateDate>2015/04/30 13:08</PriceUpdateDate>
      <ItemCode>7290010065745</ItemCode>
      <ItemType>1</ItemType>
      <ItemName>מחית לפתן פירות שלב 3 פרינוק (190 גרם)</ItemName>
      <ManufactureName>גורי מוצרי צריכה (1991) בעמ</ManufactureName>
      <ManufactureCountry />
      <ManufactureItemDescription />
      <UnitQty>יח`</UnitQty>
      <Quantity>190</Quantity>
      <UnitMeasure>גרם</UnitMeasure>
      <BisWeighted>0</BisWeighted>
      <QtyInPackage>1</QtyInPackage>
      <ItemPrice>5.90</ItemPrice>
      <UnitOfMeasurePrice>3.11</UnitOfMeasurePrice>
      <AllowDiscount>1</AllowDiscount>
      <itemStatus>1</itemStatus>
      <LastUpdateDate />
      <LastUpdateTime />
    </Product>
    <Product>
      <PriceUpdateDate>2019/02/07 13:36</PriceUpdateDate>
      <ItemCode>7290010066513</ItemCode>
      <ItemType>1</ItemType>
      <ItemName>פילטונה בשמן רביעיה</ItemName>
      <ManufactureName>פילטונה תעשיות בעמ</ManufactureName>
      <ManufactureCountry />
      <ManufactureItemDescription />
      <UnitQty>יח`</UnitQty>
      <Quantity>1</Quantity>
      <UnitMeasure />
      <BisWeighted>0</BisWeighted>
      <QtyInPackage>1</QtyInPackage>
      <ItemPrice>19.90</ItemPrice>
      <UnitOfMeasurePrice>19.90</UnitOfMeasurePrice>
      <AllowDiscount>0</AllowDiscount>
      <itemStatus>1</itemStatus>
      <LastUpdateDate />
      <LastUpdateTime />
    </Product>
    <Product>
      <PriceUpdateDate>2019/02/07 13:36</PriceUpdateDate>
      <ItemCode>7290010066575</ItemCode>
      <ItemType>1</ItemType>
      <ItemName>פילטונה במים רביעיה</ItemName>
      <ManufactureName>פילטונה תעשיות בעמ</ManufactureName>
      <ManufactureCountry />
      <ManufactureItemDescription />
      <UnitQty>יח`</UnitQty>
      <Quantity>640</Quantity>
      <UnitMeasure>גרם</UnitMeasure>
      <BisWeighted>0</BisWeighted>
      <QtyInPackage>1</QtyInPackage>
      <ItemPrice>19.90</ItemPrice>
      <UnitOfMeasurePrice>3.11</UnitOfMeasurePrice>
      <AllowDiscount>0</AllowDiscount>
      <itemStatus>1</itemStatus>
      <LastUpdateDate />
      <LastUpdateTime />
    </Product>
    <Product>
      <PriceUpdateDate>2019/02/03 12:23</PriceUpdateDate>
      <ItemCode>7290010066582</ItemCode>
      <ItemType>1</ItemType>
      <ItemName>פילטונה בשמן קנולה רביעיה</ItemName>
      <ManufactureName>פילטונה תעשיות בעמ</ManufactureName>
      <ManufactureCountry />
      <ManufactureItemDescription />
      <UnitQty>יח`</UnitQty>
      <Quantity>640</Quantity>
      <UnitMeasure>גרם</UnitMeasure>
      <BisWeighted>0</BisWeighted>
      <QtyInPackage>1</QtyInPackage>
      <ItemPrice>19.90</ItemPrice>
      <UnitOfMeasurePrice>3.11</UnitOfMeasurePrice>
      <AllowDiscount>0</AllowDiscount>
      <itemStatus>1</itemStatus>
      <LastUpdateDate />
      <LastUpdateTime />
    </Product>
    <Product>
      <PriceUpdateDate>2019/02/03 12:23</PriceUpdateDate>
      <ItemCode>7290010066599</ItemCode>
      <ItemType>1</ItemType>
      <ItemName>פילטונה נתחי טונה בשמן זית רביעייה</ItemName>
      <ManufactureName>פילטונה תעשיות בעמ</ManufactureName>
      <ManufactureCountry />
      <ManufactureItemDescription />
      <UnitQty>יח`</UnitQty>
      <Quantity>640</Quantity>
      <UnitMeasure>גרם</UnitMeasure>
      <BisWeighted>0</BisWeighted>
      <QtyInPackage>1</QtyInPackage>
      <ItemPrice>25.90</ItemPrice>
      <UnitOfMeasurePrice>4.05</UnitOfMeasurePrice>
      <AllowDiscount>0</AllowDiscount>
      <itemStatus>1</itemStatus>
      <LastUpdateDate />
      <LastUpdateTime />
    </Product>
    <Product>
      <PriceUpdateDate>2017/12/24 10:13</PriceUpdateDate>
      <ItemCode>7290010066957</ItemCode>
      <ItemType>1</ItemType>
      <ItemName>טונה בשמן 960  גר` פרינס(פילטונה)</ItemName>
      <ManufactureName>פילטונה תעשיות בעמ</ManufactureName>
      <ManufactureCountry />
      <ManufactureItemDescription />
      <UnitQty>יח`</UnitQty>
      <Quantity>960</Quantity>
      <UnitMeasure>גרם</UnitMeasure>
      <BisWeighted>0</BisWeighted>
      <QtyInPackage>1</QtyInPackage>
      <ItemPrice>26.90</ItemPrice>
      <UnitOfMeasurePrice>2.80</UnitOfMeasurePrice>
      <AllowDiscount>0</AllowDiscount>
      <itemStatus>1</itemStatus>
      <LastUpdateDate />
      <LastUpdateTime />
    </Product>
    <Product>
      <PriceUpdateDate>2015/05/31 10:26</PriceUpdateDate>
      <ItemCode>7290010116980</ItemCode>
      <ItemType>1</ItemType>
      <ItemName>שוקולית אבקת שוקו עלית (850 גרם)</ItemName>
      <ManufactureName>שטראוס גרופ בעמ</ManufactureName>
      <ManufactureCountry />
      <ManufactureItemDescription />
      <UnitQty>יח`</UnitQty>
      <Quantity>850</Quantity>
      <UnitMeasure>גרם</UnitMeasure>
      <BisWeighted>0</BisWeighted>
      <QtyInPackage>1</QtyInPackage>
      <ItemPrice>18.50</ItemPrice>
      <UnitOfMeasurePrice>2.18</UnitOfMeasurePrice>
      <AllowDiscount>0</AllowDiscount>
      <itemStatus>1</itemStatus>
      <LastUpdateDate />
      <LastUpdateTime />
    </Product>
    <Product>
      <PriceUpdateDate>2014/05/14 12:49</PriceUpdateDate>
      <ItemCode>7290010117864</ItemCode>
      <ItemType>1</ItemType>
      <ItemName>חטיף תירס חריף אש דוריטוס (70 גרם)</ItemName>
      <ManufactureName>שטראוס פריטו ליי בעמ</ManufactureName>
      <ManufactureCountry />
      <ManufactureItemDescription />
      <UnitQty>יח`</UnitQty>
      <Quantity>70</Quantity>
      <UnitMeasure>גרם</UnitMeasure>
      <BisWeighted>0</BisWeighted>
      <QtyInPackage>1</QtyInPackage>
      <ItemPrice>3.90</ItemPrice>
      <UnitOfMeasurePrice>5.57</UnitOfMeasurePrice>
      <AllowDiscount>1</AllowDiscount>
      <itemStatus>1</itemStatus>
      <LastUpdateDate />
      <LastUpdateTime />
    </Product>
    <Product>
      <PriceUpdateDate>2014/05/14 12:49</PriceUpdateDate>
      <ItemCode>7290010118328</ItemCode>
      <ItemType>1</ItemType>
      <ItemName>חטיף צ`יפס בטעם טבעי תפוצ`יפס (40x6 גרם)</ItemName>
      <ManufactureName>שטראוס פריטו ליי בעמ</ManufactureName>
      <ManufactureCountry />
      <ManufactureItemDescription />
      <UnitQty>יח`</UnitQty>
      <Quantity>240</Quantity>
      <UnitMeasure>גרם</UnitMeasure>
      <BisWeighted>0</BisWeighted>
      <QtyInPackage>1</QtyInPackage>
      <ItemPrice>12.90</ItemPrice>
      <UnitOfMeasurePrice>5.38</UnitOfMeasurePrice>
      <AllowDiscount>0</AllowDiscount>
      <itemStatus>1</itemStatus>
      <LastUpdateDate />
      <LastUpdateTime />
    </Product>
    <Product>
      <PriceUpdateDate>2019/11/05 12:57</PriceUpdateDate>
      <ItemCode>7290010129027</ItemCode>
      <ItemType>1</ItemType>
      <ItemName>עוגיות מרוקאיות דולצ`ה ויטה (600 גרם)</ItemName>
      <ManufactureName>שיבולים יצור ושיווק מוצרי מאפה</ManufactureName>
      <ManufactureCountry />
      <ManufactureItemDescription />
      <UnitQty>יח`</UnitQty>
      <Quantity>600</Quantity>
      <UnitMeasure>גרם</UnitMeasure>
      <BisWeighted>0</BisWeighted>
      <QtyInPackage>1</QtyInPackage>
      <ItemPrice>16.90</ItemPrice>
      <UnitOfMeasurePrice>2.82</UnitOfMeasurePrice>
      <AllowDiscount>0</AllowDiscount>
      <itemStatus>1</itemStatus>
      <LastUpdateDate />
      <LastUpdateTime />
    </Product>
    <Product>
      <PriceUpdateDate>2019/11/05 12:57</PriceUpdateDate>
      <ItemCode>7290010129294</ItemCode>
      <ItemType>1</ItemType>
      <ItemName>עוגיות בטעם חמאה דולצ`ה ויטה (600 גרם)</ItemName>
      <ManufactureName>שיבולים יצור ושיווק מוצרי מאפה</ManufactureName>
      <ManufactureCountry />
      <ManufactureItemDescription />
      <UnitQty>יח`</UnitQty>
      <Quantity>600</Quantity>
      <UnitMeasure>גרם</UnitMeasure>
      <BisWeighted>0</BisWeighted>
      <QtyInPackage>1</QtyInPackage>
      <ItemPrice>16.90</ItemPrice>
      <UnitOfMeasurePrice>2.82</UnitOfMeasurePrice>
      <AllowDiscount>0</AllowDiscount>
      <itemStatus>1</itemStatus>
      <LastUpdateDate />
      <LastUpdateTime />
    </Product>
    <Product>
      <PriceUpdateDate>2019/11/05 12:57</PriceUpdateDate>
      <ItemCode>7290010129324</ItemCode>
      <ItemType>1</ItemType>
      <ItemName>עוגיות מעמול דולצה ויטה 600 גר</ItemName>
      <ManufactureName>שיבולים יצור ושיווק מוצרי מאפה</ManufactureName>
      <ManufactureCountry />
      <ManufactureItemDescription />
      <UnitQty>יח`</UnitQty>
      <Quantity>600</Quantity>
      <UnitMeasure>גרם</UnitMeasure>
      <BisWeighted>0</BisWeighted>
      <QtyInPackage>1</QtyInPackage>
      <ItemPrice>16.90</ItemPrice>
      <UnitOfMeasurePrice>2.82</UnitOfMeasurePrice>
      <AllowDiscount>0</AllowDiscount>
      <itemStatus>1</itemStatus>
      <LastUpdateDate />
      <LastUpdateTime />
    </Product>
    <Product>
      <PriceUpdateDate>2019/11/05 12:57</PriceUpdateDate>
      <ItemCode>7290010129614</ItemCode>
      <ItemType>1</ItemType>
      <ItemName>עוגיות מקלות סוכר 600  גר`דולטה ויטה</ItemName>
      <ManufactureName>שיבולים יצור ושיווק מוצרי מאפה</ManufactureName>
      <ManufactureCountry />
      <ManufactureItemDescription />
      <UnitQty>יח`</UnitQty>
      <Quantity>600</Quantity>
      <UnitMeasure>גרם</UnitMeasure>
      <BisWeighted>0</BisWeighted>
      <QtyInPackage>1</QtyInPackage>
      <ItemPrice>16.90</ItemPrice>
      <UnitOfMeasurePrice>2.82</UnitOfMeasurePrice>
      <AllowDiscount>0</AllowDiscount>
      <itemStatus>1</itemStatus>
      <LastUpdateDate />
      <LastUpdateTime />
    </Product>
    <Product>
      <PriceUpdateDate>2019/11/12 08:38</PriceUpdateDate>
      <ItemCode>7290010129720</ItemCode>
      <ItemType>1</ItemType>
      <ItemName>עוגיות רוגלך קינמון 400 גר`</ItemName>
      <ManufactureName>שיבולים יצור ושיווק מוצרי מאפה</ManufactureName>
      <ManufactureCountry />
      <ManufactureItemDescription />
      <UnitQty>יח`</UnitQty>
      <Quantity>400</Quantity>
      <UnitMeasure>גרם</UnitMeasure>
      <BisWeighted>0</BisWeighted>
      <QtyInPackage>1</QtyInPackage>
      <ItemPrice>11.90</ItemPrice>
      <UnitOfMeasurePrice>2.98</UnitOfMeasurePrice>
      <AllowDiscount>0</AllowDiscount>
      <itemStatus>1</itemStatus>
      <LastUpdateDate />
      <LastUpdateTime />
    </Product>
    <Product>
      <PriceUpdateDate>2017/01/03 08:10</PriceUpdateDate>
      <ItemCode>7290010129959</ItemCode>
      <ItemType>1</ItemType>
      <ItemName>עוגיות רוגלך טעם שוקולד 400 גר`</ItemName>
      <ManufactureName>שיבולים יצור ושיווק מוצרי מאפה</ManufactureName>
      <ManufactureCountry />
      <ManufactureItemDescription />
      <UnitQty>יח`</UnitQty>
      <Quantity>400</Quantity>
      <UnitMeasure>גרם</UnitMeasure>
      <BisWeighted>0</BisWeighted>
      <QtyInPackage>1</QtyInPackage>
      <ItemPrice>11.90</ItemPrice>
      <UnitOfMeasurePrice>2.98</UnitOfMeasurePrice>
      <AllowDiscount>0</AllowDiscount>
      <itemStatus>1</itemStatus>
      <LastUpdateDate />
      <LastUpdateTime />
    </Product>
    <Product>
      <PriceUpdateDate>2014/12/31 10:45</PriceUpdateDate>
      <ItemCode>7290010153503</ItemCode>
      <ItemType>1</ItemType>
      <ItemName>שעועית ענק מיה (400 גרם)</ItemName>
      <ManufactureName>מיה תעשיות מזון מ.ת.מ. בעמ</ManufactureName>
      <ManufactureCountry />
      <ManufactureItemDescription />
      <UnitQty>יח`</UnitQty>
      <Quantity>400</Quantity>
      <UnitMeasure>גרם</UnitMeasure>
      <BisWeighted>0</BisWeighted>
      <QtyInPackage>1</QtyInPackage>
      <ItemPrice>11.90</ItemPrice>
      <UnitOfMeasurePrice>2.98</UnitOfMeasurePrice>
      <AllowDiscount>0</AllowDiscount>
      <itemStatus>1</itemStatus>
      <LastUpdateDate />
      <LastUpdateTime />
    </Product>
    <Product>
      <PriceUpdateDate>2015/03/02 14:33</PriceUpdateDate>
      <ItemCode>7290010153510</ItemCode>
      <ItemType>1</ItemType>
      <ItemName>בורגול מיה (500 גרם)</ItemName>
      <ManufactureName>מיה תעשיות מזון מ.ת.מ. בעמ</ManufactureName>
      <ManufactureCountry />
      <ManufactureItemDescription />
      <UnitQty>יח`</UnitQty>
      <Quantity>500</Quantity>
      <UnitMeasure>גרם</UnitMeasure>
      <BisWeighted>0</BisWeighted>
      <QtyInPackage>1</QtyInPackage>
      <ItemPrice>5.90</ItemPrice>
      <UnitOfMeasurePrice>1.18</UnitOfMeasurePrice>
      <AllowDiscount>0</AllowDiscount>
      <itemStatus>1</itemStatus>
      <LastUpdateDate />
      <LastUpdateTime />
    </Product>
    <Product>
      <PriceUpdateDate>2015/12/01 16:31</PriceUpdateDate>
      <ItemCode>7290010153527</ItemCode>
      <ItemType>1</ItemType>
      <ItemName>ג`ריש 500 גר` מיה</ItemName>
      <ManufactureName>מיה תעשיות מזון מ.ת.מ. בעמ</ManufactureName>
      <ManufactureCountry />
      <ManufactureItemDescription />
      <UnitQty>יח`</UnitQty>
      <Quantity>500</Quantity>
      <UnitMeasure>גרם</UnitMeasure>
      <BisWeighted>0</BisWeighted>
      <QtyInPackage>1</QtyInPackage>
      <ItemPrice>5.90</ItemPrice>
      <UnitOfMeasurePrice>1.18</UnitOfMeasurePrice>
      <AllowDiscount>0</AllowDiscount>
      <itemStatus>1</itemStatus>
      <LastUpdateDate />
      <LastUpdateTime />
    </Product>
    <Product>
      <PriceUpdateDate>2015/02/27 08:57</PriceUpdateDate>
      <ItemCode>7290010153794</ItemCode>
      <ItemType>1</ItemType>
      <ItemName>ציפוי לשניצל עם עשבי תיבול 500 גר` מיה</ItemName>
      <ManufactureName>מיה תעשיות מזון מ.ת.מ. בעמ</ManufactureName>
      <ManufactureCountry />
      <ManufactureItemDescription />
      <UnitQty>יח`</UnitQty>
      <Quantity>500</Quantity>
      <UnitMeasure>גרם</UnitMeasure>
      <BisWeighted>0</BisWeighted>
      <QtyInPackage>1</QtyInPackage>
      <ItemPrice>11.90</ItemPrice>
      <UnitOfMeasurePrice>2.38</UnitOfMeasurePrice>
      <AllowDiscount>0</AllowDiscount>
      <itemStatus>1</itemStatus>
      <LastUpdateDate />
      <LastUpdateTime />
    </Product>
    <Product>
      <PriceUpdateDate>2014/12/31 10:45</PriceUpdateDate>
      <ItemCode>7290010153879</ItemCode>
      <ItemType>1</ItemType>
      <ItemName>ריבת חלב בטעם שמנת 400 גר`</ItemName>
      <ManufactureName>מיה תעשיות מזון מ.ת.מ. בעמ</ManufactureName>
      <ManufactureCountry />
      <ManufactureItemDescription />
      <UnitQty>יח`</UnitQty>
      <Quantity>400</Quantity>
      <UnitMeasure>גרם</UnitMeasure>
      <BisWeighted>0</BisWeighted>
      <QtyInPackage>1</QtyInPackage>
      <ItemPrice>13.90</ItemPrice>
      <UnitOfMeasurePrice>3.48</UnitOfMeasurePrice>
      <AllowDiscount>1</AllowDiscount>
      <itemStatus>1</itemStatus>
      <LastUpdateDate />
      <LastUpdateTime />
    </Product>
    <Product>
      <PriceUpdateDate>2015/03/02 14:33</PriceUpdateDate>
      <ItemCode>7290010153909</ItemCode>
      <ItemType>1</ItemType>
      <ItemName>אורז בסמטי בסגנון הודי מיה (1 קג)</ItemName>
      <ManufactureName>מיה תעשיות מזון מ.ת.מ. בעמ</ManufactureName>
      <ManufactureCountry />
      <ManufactureItemDescription />
      <UnitQty>יח`</UnitQty>
      <Quantity>1000</Quantity>
      <UnitMeasure>גרם</UnitMeasure>
      <BisWeighted>0</BisWeighted>
      <QtyInPackage>1</QtyInPackage>
      <ItemPrice>9.90</ItemPrice>
      <UnitOfMeasurePrice>0.99</UnitOfMeasurePrice>
      <AllowDiscount>0</AllowDiscount>
      <itemStatus>1</itemStatus>
      <LastUpdateDate />
      <LastUpdateTime />
    </Product>
    <Product>
      <PriceUpdateDate>2015/12/02 11:46</PriceUpdateDate>
      <ItemCode>7290010154012</ItemCode>
      <ItemType>1</ItemType>
      <ItemName>לימון בלאדי תבליני ביטון יוחאי (250 גרם)</ItemName>
      <ManufactureName>נטו מלינדה סחר בעמ</ManufactureName>
      <ManufactureCountry />
      <ManufactureItemDescription />
      <UnitQty>יח`</UnitQty>
      <Quantity>250</Quantity>
      <UnitMeasure>גרם</UnitMeasure>
      <BisWeighted>0</BisWeighted>
      <QtyInPackage>1</QtyInPackage>
      <ItemPrice>15.90</ItemPrice>
      <UnitOfMeasurePrice>6.36</UnitOfMeasurePrice>
      <AllowDiscount>0</AllowDiscount>
      <itemStatus>1</itemStatus>
      <LastUpdateDate />
      <LastUpdateTime />
    </Product>
    <Product>
      <PriceUpdateDate>2015/12/02 11:46</PriceUpdateDate>
      <ItemCode>7290010154029</ItemCode>
      <ItemType>1</ItemType>
      <ItemName>אריסה מתוקה תבליני ביטון יוחאי (250 גרם)</ItemName>
      <ManufactureName>נטו מלינדה סחר בעמ</ManufactureName>
      <ManufactureCountry />
      <ManufactureItemDescription />
      <UnitQty>יח`</UnitQty>
      <Quantity>250</Quantity>
      <UnitMeasure>גרם</UnitMeasure>
      <BisWeighted>0</BisWeighted>
      <QtyInPackage>1</QtyInPackage>
      <ItemPrice>14.90</ItemPrice>
      <UnitOfMeasurePrice>5.96</UnitOfMeasurePrice>
      <AllowDiscount>0</AllowDiscount>
      <itemStatus>1</itemStatus>
      <LastUpdateDate />
      <LastUpdateTime />
    </Product>
    <Product>
      <PriceUpdateDate>2015/01/20 08:50</PriceUpdateDate>
      <ItemCode>7290010154036</ItemCode>
      <ItemType>1</ItemType>
      <ItemName>עמבה תבליני ביטון יוחאי (250 גרם)</ItemName>
      <ManufactureName>נטו מלינדה סחר בעמ</ManufactureName>
      <ManufactureCountry />
      <ManufactureItemDescription />
      <UnitQty>יח`</UnitQty>
      <Quantity>250</Quantity>
      <UnitMeasure>גרם</UnitMeasure>
      <BisWeighted>0</BisWeighted>
      <QtyInPackage>1</QtyInPackage>
      <ItemPrice>13.90</ItemPrice>
      <UnitOfMeasurePrice>5.56</UnitOfMeasurePrice>
      <AllowDiscount>0</AllowDiscount>
      <itemStatus>1</itemStatus>
      <LastUpdateDate />
      <LastUpdateTime />
    </Product>
    <Product>
      <PriceUpdateDate>2015/01/20 08:50</PriceUpdateDate>
      <ItemCode>7290010154241</ItemCode>
      <ItemType>1</ItemType>
      <ItemName>סלט חזרת ביתית תבליני ביטון יוחאי (250 ג</ItemName>
      <ManufactureName>נטו מלינדה סחר בעמ</ManufactureName>
      <ManufactureCountry />
      <ManufactureItemDescription />
      <UnitQty>יח`</UnitQty>
      <Quantity>250</Quantity>
      <UnitMeasure>גרם</UnitMeasure>
      <BisWeighted>0</BisWeighted>
      <QtyInPackage>1</QtyInPackage>
      <ItemPrice>13.90</ItemPrice>
      <UnitOfMeasurePrice>5.56</UnitOfMeasurePrice>
      <AllowDiscount>0</AllowDiscount>
      <itemStatus>1</itemStatus>
      <LastUpdateDate />
      <LastUpdateTime />
    </Product>
    <Product>
      <PriceUpdateDate>2015/01/20 08:50</PriceUpdateDate>
      <ItemCode>7290010154265</ItemCode>
      <ItemType>1</ItemType>
      <ItemName>פלפל צ`ומה תבליני ביטון יוחאי (250 גרם)</ItemName>
      <ManufactureName>נטו מלינדה סחר בעמ</ManufactureName>
      <ManufactureCountry />
      <ManufactureItemDescription />
      <UnitQty>יח`</UnitQty>
      <Quantity>250</Quantity>
      <UnitMeasure>גרם</UnitMeasure>
      <BisWeighted>0</BisWeighted>
      <QtyInPackage>1</QtyInPackage>
      <ItemPrice>14.90</ItemPrice>
      <UnitOfMeasurePrice>5.96</UnitOfMeasurePrice>
      <AllowDiscount>0</AllowDiscount>
      <itemStatus>1</itemStatus>
      <LastUpdateDate />
      <LastUpdateTime />
    </Product>
    <Product>
      <PriceUpdateDate>2015/12/01 14:17</PriceUpdateDate>
      <ItemCode>7290010154418</ItemCode>
      <ItemType>1</ItemType>
      <ItemName>סחוג אדום 130 גר ביטון</ItemName>
      <ManufactureName>נטו מלינדה סחר בעמ</ManufactureName>
      <ManufactureCountry />
      <ManufactureItemDescription />
      <UnitQty>יח`</UnitQty>
      <Quantity>130</Quantity>
      <UnitMeasure>גרם</UnitMeasure>
      <BisWeighted>0</BisWeighted>
      <QtyInPackage>1</QtyInPackage>
      <ItemPrice>8.90</ItemPrice>
      <UnitOfMeasurePrice>6.85</UnitOfMeasurePrice>
      <AllowDiscount>0</AllowDiscount>
      <itemStatus>1</itemStatus>
      <LastUpdateDate />
      <LastUpdateTime />
    </Product>
    <Product>
      <PriceUpdateDate>2015/12/01 14:17</PriceUpdateDate>
      <ItemCode>7290010154425</ItemCode>
      <ItemType>1</ItemType>
      <ItemName>סחוג ירוק 130 גר ביטון</ItemName>
      <ManufactureName>נטו מלינדה סחר בעמ</ManufactureName>
      <ManufactureCountry />
      <ManufactureItemDescription />
      <UnitQty>יח`</UnitQty>
      <Quantity>130</Quantity>
      <UnitMeasure>גרם</UnitMeasure>
      <BisWeighted>0</BisWeighted>
      <QtyInPackage>1</QtyInPackage>
      <ItemPrice>8.90</ItemPrice>
      <UnitOfMeasurePrice>6.85</UnitOfMeasurePrice>
      <AllowDiscount>0</AllowDiscount>
      <itemStatus>1</itemStatus>
      <LastUpdateDate />
      <LastUpdateTime />
    </Product>
    <Product>
      <PriceUpdateDate>2019/12/03 08:28</PriceUpdateDate>
      <ItemCode>7290010163069</ItemCode>
      <ItemType>1</ItemType>
      <ItemName>צנובר 100 גרם שקית שקדיה</ItemName>
      <ManufactureName>דין שיווק וקליה בעמ</ManufactureName>
      <ManufactureCountry />
      <ManufactureItemDescription />
      <UnitQty>יח`</UnitQty>
      <Quantity>100</Quantity>
      <UnitMeasure>גרם</UnitMeasure>
      <BisWeighted>0</BisWeighted>
      <QtyInPackage>1</QtyInPackage>
      <ItemPrice>21.90</ItemPrice>
      <UnitOfMeasurePrice>21.90</UnitOfMeasurePrice>
      <AllowDiscount>0</AllowDiscount>
      <itemStatus>1</itemStatus>
      <LastUpdateDate />
      <LastUpdateTime />
    </Product>
    <Product>
      <PriceUpdateDate>2020/05/03 10:48</PriceUpdateDate>
      <ItemCode>7290010173044</ItemCode>
      <ItemType>1</ItemType>
      <ItemName>מרלו יקב הרי גליל (750 מל)</ItemName>
      <ManufactureName>היכל היין שקד גולן בעמ</ManufactureName>
      <ManufactureCountry />
      <ManufactureItemDescription />
      <UnitQty>יח`</UnitQty>
      <Quantity>750</Quantity>
      <UnitMeasure>מ"ל</UnitMeasure>
      <BisWeighted>0</BisWeighted>
      <QtyInPackage>1</QtyInPackage>
      <ItemPrice>34.90</ItemPrice>
      <UnitOfMeasurePrice>4.61</UnitOfMeasurePrice>
      <AllowDiscount>1</AllowDiscount>
      <itemStatus>1</itemStatus>
      <LastUpdateDate />
      <LastUpdateTime />
    </Product>
    <Product>
      <PriceUpdateDate>2020/05/03 10:48</PriceUpdateDate>
      <ItemCode>7290010173068</ItemCode>
      <ItemType>1</ItemType>
      <ItemName>קברנה סובניון יקב הרי גליל (750 מל)</ItemName>
      <ManufactureName>היכל היין שקד גולן בעמ</ManufactureName>
      <ManufactureCountry />
      <ManufactureItemDescription />
      <UnitQty>יח`</UnitQty>
      <Quantity>750</Quantity>
      <UnitMeasure>מ"ל</UnitMeasure>
      <BisWeighted>0</BisWeighted>
      <QtyInPackage>1</QtyInPackage>
      <ItemPrice>36.90</ItemPrice>
      <UnitOfMeasurePrice>4.88</UnitOfMeasurePrice>
      <AllowDiscount>1</AllowDiscount>
      <itemStatus>1</itemStatus>
      <LastUpdateDate />
      <LastUpdateTime />
    </Product>
    <Product>
      <PriceUpdateDate>2017/09/03 08:40</PriceUpdateDate>
      <ItemCode>7290010173174</ItemCode>
      <ItemType>1</ItemType>
      <ItemName>יין אדום יבש אלון יקב הרי גליל 750 מל</ItemName>
      <ManufactureName>היכל היין שקד גולן בעמ</ManufactureName>
      <ManufactureCountry />
      <ManufactureItemDescription />
      <UnitQty>יח`</UnitQty>
      <Quantity>100</Quantity>
      <UnitMeasure>מ"ל</UnitMeasure>
      <BisWeighted>0</BisWeighted>
      <QtyInPackage>1</QtyInPackage>
      <ItemPrice>54.90</ItemPrice>
      <UnitOfMeasurePrice>54.90</UnitOfMeasurePrice>
      <AllowDiscount>1</AllowDiscount>
      <itemStatus>1</itemStatus>
      <LastUpdateDate />
      <LastUpdateTime />
    </Product>
    <Product>
      <PriceUpdateDate>2020/05/03 10:48</PriceUpdateDate>
      <ItemCode>7290010173334</ItemCode>
      <ItemType>1</ItemType>
      <ItemName>שיראז יקב הרי גליל (750 מל)</ItemName>
      <ManufactureName>היכל היין שקד גולן בעמ</ManufactureName>
      <ManufactureCountry />
      <ManufactureItemDescription />
      <UnitQty>יח`</UnitQty>
      <Quantity>750</Quantity>
      <UnitMeasure>מ"ל</UnitMeasure>
      <BisWeighted>0</BisWeighted>
      <QtyInPackage>1</QtyInPackage>
      <ItemPrice>34.90</ItemPrice>
      <UnitOfMeasurePrice>4.61</UnitOfMeasurePrice>
      <AllowDiscount>1</AllowDiscount>
      <itemStatus>1</itemStatus>
      <LastUpdateDate />
      <LastUpdateTime />
    </Product>
    <Product>
      <PriceUpdateDate>2015/02/26 08:17</PriceUpdateDate>
      <ItemCode>7290010237012</ItemCode>
      <ItemType>1</ItemType>
      <ItemName>פפסי מקס שמיניה</ItemName>
      <ManufactureName>טמפו משקאות בעמ</ManufactureName>
      <ManufactureCountry />
      <ManufactureItemDescription />
      <UnitQty>יח`</UnitQty>
      <Quantity>12</Quantity>
      <UnitMeasure>1 ליטר</UnitMeasure>
      <BisWeighted>0</BisWeighted>
      <QtyInPackage>1</QtyInPackage>
      <ItemPrice>29.90</ItemPrice>
      <UnitOfMeasurePrice>2.49</UnitOfMeasurePrice>
      <AllowDiscount>0</AllowDiscount>
      <itemStatus>1</itemStatus>
      <LastUpdateDate />
      <LastUpdateTime />
    </Product>
    <Product>
      <PriceUpdateDate>2014/04/23 12:04</PriceUpdateDate>
      <ItemCode>7290010237562</ItemCode>
      <ItemType>1</ItemType>
      <ItemName>משקה מוגז בטעם תפוזים מירנדה (500 מל)</ItemName>
      <ManufactureName>טמפו משקאות בעמ</ManufactureName>
      <ManufactureCountry />
      <ManufactureItemDescription />
      <UnitQty>יח`</UnitQty>
      <Quantity>500</Quantity>
      <UnitMeasure>מ"ל</UnitMeasure>
      <BisWeighted>0</BisWeighted>
      <QtyInPackage>1</QtyInPackage>
      <ItemPrice>3.90</ItemPrice>
      <UnitOfMeasurePrice>0.72</UnitOfMeasurePrice>
      <AllowDiscount>1</AllowDiscount>
      <itemStatus>1</itemStatus>
      <LastUpdateDate />
      <LastUpdateTime />
    </Product>
    <Product>
      <PriceUpdateDate>2014/04/22 20:22</PriceUpdateDate>
      <ItemCode>7290010237586</ItemCode>
      <ItemType>1</ItemType>
      <ItemName>פפסי קול סבן אפ דיאט 500 מל</ItemName>
      <ManufactureName>טמפו משקאות בעמ</ManufactureName>
      <ManufactureCountry />
      <ManufactureItemDescription />
      <UnitQty>יח`</UnitQty>
      <Quantity>500</Quantity>
      <UnitMeasure>מ"ל</UnitMeasure>
      <BisWeighted>0</BisWeighted>
      <QtyInPackage>1</QtyInPackage>
      <ItemPrice>3.90</ItemPrice>
      <UnitOfMeasurePrice>0.72</UnitOfMeasurePrice>
      <AllowDiscount>1</AllowDiscount>
      <itemStatus>1</itemStatus>
      <LastUpdateDate />
      <LastUpdateTime />
    </Product>
    <Product>
      <PriceUpdateDate>2015/05/27 17:58</PriceUpdateDate>
      <ItemCode>7290010237623</ItemCode>
      <ItemType>1</ItemType>
      <ItemName>בירה שחורה נשר מאלט (1.5 ליטר)</ItemName>
      <ManufactureName>טמפו משקאות בעמ</ManufactureName>
      <ManufactureCountry />
      <ManufactureItemDescription />
      <UnitQty>יח`</UnitQty>
      <Quantity>1500</Quantity>
      <UnitMeasure>מ"ל</UnitMeasure>
      <BisWeighted>0</BisWeighted>
      <QtyInPackage>1</QtyInPackage>
      <ItemPrice>7.50</ItemPrice>
      <UnitOfMeasurePrice>0.50</UnitOfMeasurePrice>
      <AllowDiscount>1</AllowDiscount>
      <itemStatus>1</itemStatus>
      <LastUpdateDate />
      <LastUpdateTime />
    </Product>
    <Product>
      <PriceUpdateDate>2013/12/31 12:18</PriceUpdateDate>
      <ItemCode>7290010237685</ItemCode>
      <ItemType>1</ItemType>
      <ItemName>בירה הייניקן 330 בקבוק</ItemName>
      <ManufactureName>טמפו משקאות בעמ</ManufactureName>
      <ManufactureCountry />
      <ManufactureItemDescription />
      <UnitQty>יח`</UnitQty>
      <Quantity>330</Quantity>
      <UnitMeasure>מ"ל</UnitMeasure>
      <BisWeighted>0</BisWeighted>
      <QtyInPackage>1</QtyInPackage>
      <ItemPrice>10.10</ItemPrice>
      <UnitOfMeasurePrice>2.97</UnitOfMeasurePrice>
      <AllowDiscount>0</AllowDiscount>
      <itemStatus>1</itemStatus>
      <LastUpdateDate />
      <LastUpdateTime />
    </Product>
    <Product>
      <PriceUpdateDate>2019/02/28 08:40</PriceUpdateDate>
      <ItemCode>7290010237890</ItemCode>
      <ItemType>1</ItemType>
      <ItemName>בירה היינקן (500 מל)</ItemName>
      <ManufactureName>טמפו משקאות בעמ</ManufactureName>
      <ManufactureCountry />
      <ManufactureItemDescription />
      <UnitQty>יח`</UnitQty>
      <Quantity>500</Quantity>
      <UnitMeasure>מ"ל</UnitMeasure>
      <BisWeighted>0</BisWeighted>
      <QtyInPackage>1</QtyInPackage>
      <ItemPrice>8.50</ItemPrice>
      <UnitOfMeasurePrice>1.46</UnitOfMeasurePrice>
      <AllowDiscount>1</AllowDiscount>
      <itemStatus>1</itemStatus>
      <LastUpdateDate />
      <LastUpdateTime />
    </Product>
    <Product>
      <PriceUpdateDate>2018/02/26 14:00</PriceUpdateDate>
      <ItemCode>7290010256310</ItemCode>
      <ItemType>1</ItemType>
      <ItemName>שקיות להכנת קוביות קרח-המותג</ItemName>
      <ManufactureName>דין שיווק - עטרת</ManufactureName>
      <ManufactureCountry />
      <ManufactureItemDescription />
      <UnitQty>יח`</UnitQty>
      <Quantity>12</Quantity>
      <UnitMeasure>יח`</UnitMeasure>
      <BisWeighted>0</BisWeighted>
      <QtyInPackage>1</QtyInPackage>
      <ItemPrice>3.90</ItemPrice>
      <UnitOfMeasurePrice>0.33</UnitOfMeasurePrice>
      <AllowDiscount>0</AllowDiscount>
      <itemStatus>1</itemStatus>
      <LastUpdateDate />
      <LastUpdateTime />
    </Product>
    <Product>
      <PriceUpdateDate>2018/02/26 14:00</PriceUpdateDate>
      <ItemCode>7290010256716</ItemCode>
      <ItemType>1</ItemType>
      <ItemName>תבניות גדולות המותג) (3</ItemName>
      <ManufactureName>דין שיווק - עטרת</ManufactureName>
      <ManufactureCountry />
      <ManufactureItemDescription />
      <UnitQty>יח`</UnitQty>
      <Quantity>3</Quantity>
      <UnitMeasure>יח`</UnitMeasure>
      <BisWeighted>0</BisWeighted>
      <QtyInPackage>1</QtyInPackage>
      <ItemPrice>5.90</ItemPrice>
      <UnitOfMeasurePrice>1.97</UnitOfMeasurePrice>
      <AllowDiscount>0</AllowDiscount>
      <itemStatus>1</itemStatus>
      <LastUpdateDate />
      <LastUpdateTime />
    </Product>
    <Product>
      <PriceUpdateDate>2018/02/05 11:47</PriceUpdateDate>
      <ItemCode>7290010259359</ItemCode>
      <ItemType>1</ItemType>
      <ItemName>נודלס ביצים להקצפה וילי פוד (200 גרם)</ItemName>
      <ManufactureName>ג.וילי-פוד אינטרנשיונל בעמ</ManufactureName>
      <ManufactureCountry />
      <ManufactureItemDescription />
      <UnitQty>יח`</UnitQty>
      <Quantity>200</Quantity>
      <UnitMeasure>גרם</UnitMeasure>
      <BisWeighted>0</BisWeighted>
      <QtyInPackage>1</QtyInPackage>
      <ItemPrice>4.90</ItemPrice>
      <UnitOfMeasurePrice>2.45</UnitOfMeasurePrice>
      <AllowDiscount>1</AllowDiscount>
      <itemStatus>1</itemStatus>
      <LastUpdateDate />
      <LastUpdateTime />
    </Product>
    <Product>
      <PriceUpdateDate>2018/02/05 11:47</PriceUpdateDate>
      <ItemCode>7290010259366</ItemCode>
      <ItemType>1</ItemType>
      <ItemName>נודלס מסולסלות וילי פוד (200 גרם)</ItemName>
      <ManufactureName>ג.וילי-פוד אינטרנשיונל בעמ</ManufactureName>
      <ManufactureCountry />
      <ManufactureItemDescription />
      <UnitQty>יח`</UnitQty>
      <Quantity>200</Quantity>
      <UnitMeasure>גרם</UnitMeasure>
      <BisWeighted>0</BisWeighted>
      <QtyInPackage>1</QtyInPackage>
      <ItemPrice>4.90</ItemPrice>
      <UnitOfMeasurePrice>2.45</UnitOfMeasurePrice>
      <AllowDiscount>1</AllowDiscount>
      <itemStatus>1</itemStatus>
      <LastUpdateDate />
      <LastUpdateTime />
    </Product>
    <Product>
      <PriceUpdateDate>2015/11/30 14:48</PriceUpdateDate>
      <ItemCode>7290010259830</ItemCode>
      <ItemType>1</ItemType>
      <ItemName>מנת השף מרק+נודלס פיקנטי</ItemName>
      <ManufactureName>ג.וילי-פוד אינטרנשיונל בעמ</ManufactureName>
      <ManufactureCountry />
      <ManufactureItemDescription />
      <UnitQty>יח`</UnitQty>
      <Quantity>70</Quantity>
      <UnitMeasure>גרם</UnitMeasure>
      <BisWeighted>0</BisWeighted>
      <QtyInPackage>1</QtyInPackage>
      <ItemPrice>4.90</ItemPrice>
      <UnitOfMeasurePrice>7</UnitOfMeasurePrice>
      <AllowDiscount>1</AllowDiscount>
      <itemStatus>1</itemStatus>
      <LastUpdateDate />
      <LastUpdateTime />
    </Product>
    <Product>
      <PriceUpdateDate>2015/11/30 14:48</PriceUpdateDate>
      <ItemCode>7290010259847</ItemCode>
      <ItemType>1</ItemType>
      <ItemName>מנת השף מרק+נודלס תירס</ItemName>
      <ManufactureName>ג.וילי-פוד אינטרנשיונל בעמ</ManufactureName>
      <ManufactureCountry />
      <ManufactureItemDescription />
      <UnitQty>יח`</UnitQty>
      <Quantity>70</Quantity>
      <UnitMeasure>גרם</UnitMeasure>
      <BisWeighted>0</BisWeighted>
      <QtyInPackage>1</QtyInPackage>
      <ItemPrice>4.90</ItemPrice>
      <UnitOfMeasurePrice>7</UnitOfMeasurePrice>
      <AllowDiscount>1</AllowDiscount>
      <itemStatus>1</itemStatus>
      <LastUpdateDate />
      <LastUpdateTime />
    </Product>
    <Product>
      <PriceUpdateDate>2015/11/30 14:48</PriceUpdateDate>
      <ItemCode>7290010259854</ItemCode>
      <ItemType>1</ItemType>
      <ItemName>מנת השף מרק+נודלס פטריות</ItemName>
      <ManufactureName>ג.וילי-פוד אינטרנשיונל בעמ</ManufactureName>
      <ManufactureCountry />
      <ManufactureItemDescription />
      <UnitQty>יח`</UnitQty>
      <Quantity>70</Quantity>
      <UnitMeasure>גרם</UnitMeasure>
      <BisWeighted>0</BisWeighted>
      <QtyInPackage>1</QtyInPackage>
      <ItemPrice>4.90</ItemPrice>
      <UnitOfMeasurePrice>7</UnitOfMeasurePrice>
      <AllowDiscount>1</AllowDiscount>
      <itemStatus>1</itemStatus>
      <LastUpdateDate />
      <LastUpdateTime />
    </Product>
    <Product>
      <PriceUpdateDate>2015/11/30 14:48</PriceUpdateDate>
      <ItemCode>7290010259861</ItemCode>
      <ItemType>1</ItemType>
      <ItemName>מנת השף מרק+נודלס ירקות</ItemName>
      <ManufactureName>ג.וילי-פוד אינטרנשיונל בעמ</ManufactureName>
      <ManufactureCountry />
      <ManufactureItemDescription />
      <UnitQty>יח`</UnitQty>
      <Quantity>70</Quantity>
      <UnitMeasure>גרם</UnitMeasure>
      <BisWeighted>0</BisWeighted>
      <QtyInPackage>1</QtyInPackage>
      <ItemPrice>4.90</ItemPrice>
      <UnitOfMeasurePrice>7</UnitOfMeasurePrice>
      <AllowDiscount>1</AllowDiscount>
      <itemStatus>1</itemStatus>
      <LastUpdateDate />
      <LastUpdateTime />
    </Product>
    <Product>
      <PriceUpdateDate>2013/12/24 10:50</PriceUpdateDate>
      <ItemCode>7290010328093</ItemCode>
      <ItemType>1</ItemType>
      <ItemName>ממרח חלבה אחוה (400 גרם)</ItemName>
      <ManufactureName>אחדות בעמ</ManufactureName>
      <ManufactureCountry />
      <ManufactureItemDescription />
      <UnitQty>יח`</UnitQty>
      <Quantity>400</Quantity>
      <UnitMeasure>גרם</UnitMeasure>
      <BisWeighted>0</BisWeighted>
      <QtyInPackage>1</QtyInPackage>
      <ItemPrice>11.90</ItemPrice>
      <UnitOfMeasurePrice>2.98</UnitOfMeasurePrice>
      <AllowDiscount>1</AllowDiscount>
      <itemStatus>1</itemStatus>
      <LastUpdateDate />
      <LastUpdateTime />
    </Product>
    <Product>
      <PriceUpdateDate>2013/12/24 10:50</PriceUpdateDate>
      <ItemCode>7290010328178</ItemCode>
      <ItemType>1</ItemType>
      <ItemName>חלבה מסולסלת 250 גר`</ItemName>
      <ManufactureName>אחדות בעמ</ManufactureName>
      <ManufactureCountry />
      <ManufactureItemDescription />
      <UnitQty>יח`</UnitQty>
      <Quantity>250</Quantity>
      <UnitMeasure>גרם</UnitMeasure>
      <BisWeighted>0</BisWeighted>
      <QtyInPackage>1</QtyInPackage>
      <ItemPrice>9.90</ItemPrice>
      <UnitOfMeasurePrice>3.96</UnitOfMeasurePrice>
      <AllowDiscount>0</AllowDiscount>
      <itemStatus>1</itemStatus>
      <LastUpdateDate />
      <LastUpdateTime />
    </Product>
    <Product>
      <PriceUpdateDate>2016/03/20 10:06</PriceUpdateDate>
      <ItemCode>7290010328239</ItemCode>
      <ItemType>1</ItemType>
      <ItemName>טחינה מתובלת משומשום טבעי אחוה (500 גרם)</ItemName>
      <ManufactureName>אחדות בעמ</ManufactureName>
      <ManufactureCountry />
      <ManufactureItemDescription />
      <UnitQty>יח`</UnitQty>
      <Quantity>500</Quantity>
      <UnitMeasure>גרם</UnitMeasure>
      <BisWeighted>0</BisWeighted>
      <QtyInPackage>1</QtyInPackage>
      <ItemPrice>11.90</ItemPrice>
      <UnitOfMeasurePrice>2.38</UnitOfMeasurePrice>
      <AllowDiscount>1</AllowDiscount>
      <itemStatus>1</itemStatus>
      <LastUpdateDate />
      <LastUpdateTime />
    </Product>
    <Product>
      <PriceUpdateDate>2016/03/20 10:06</PriceUpdateDate>
      <ItemCode>7290010328246</ItemCode>
      <ItemType>1</ItemType>
      <ItemName>טחינה משומשום מלא אחוה (500 גרם)</ItemName>
      <ManufactureName>אחדות בעמ</ManufactureName>
      <ManufactureCountry />
      <ManufactureItemDescription />
      <UnitQty>יח`</UnitQty>
      <Quantity>500</Quantity>
      <UnitMeasure>גרם</UnitMeasure>
      <BisWeighted>0</BisWeighted>
      <QtyInPackage>1</QtyInPackage>
      <ItemPrice>9.90</ItemPrice>
      <UnitOfMeasurePrice>1.98</UnitOfMeasurePrice>
      <AllowDiscount>1</AllowDiscount>
      <itemStatus>1</itemStatus>
      <LastUpdateDate />
      <LastUpdateTime />
    </Product>
    <Product>
      <PriceUpdateDate>2016/03/20 10:06</PriceUpdateDate>
      <ItemCode>7290010328253</ItemCode>
      <ItemType>1</ItemType>
      <ItemName>טחינה משומשום טבעי אחוה (500 גרם)</ItemName>
      <ManufactureName>אחדות בעמ</ManufactureName>
      <ManufactureCountry />
      <ManufactureItemDescription />
      <UnitQty>יח`</UnitQty>
      <Quantity>500</Quantity>
      <UnitMeasure>גרם</UnitMeasure>
      <BisWeighted>0</BisWeighted>
      <QtyInPackage>1</QtyInPackage>
      <ItemPrice>9.90</ItemPrice>
      <UnitOfMeasurePrice>1.98</UnitOfMeasurePrice>
      <AllowDiscount>1</AllowDiscount>
      <itemStatus>1</itemStatus>
      <LastUpdateDate />
      <LastUpdateTime />
    </Product>
    <Product>
      <PriceUpdateDate>2018/01/21 12:39</PriceUpdateDate>
      <ItemCode>7290010328345</ItemCode>
      <ItemType>1</ItemType>
      <ItemName>חטיף חלבה 50 גר` אחוה</ItemName>
      <ManufactureName>אחדות בעמ</ManufactureName>
      <ManufactureCountry />
      <ManufactureItemDescription />
      <UnitQty>יח`</UnitQty>
      <Quantity>1</Quantity>
      <UnitMeasure />
      <BisWeighted>0</BisWeighted>
      <QtyInPackage>1</QtyInPackage>
      <ItemPrice>1.50</ItemPrice>
      <UnitOfMeasurePrice>1.50</UnitOfMeasurePrice>
      <AllowDiscount>0</AllowDiscount>
      <itemStatus>1</itemStatus>
      <LastUpdateDate />
      <LastUpdateTime />
    </Product>
    <Product>
      <PriceUpdateDate>2013/12/24 10:50</PriceUpdateDate>
      <ItemCode>7290010328451</ItemCode>
      <ItemType>1</ItemType>
      <ItemName>חלבה עם פולי קקאו 400 גר אחוה</ItemName>
      <ManufactureName>אחדות בעמ</ManufactureName>
      <ManufactureCountry />
      <ManufactureItemDescription />
      <UnitQty>יח`</UnitQty>
      <Quantity>400</Quantity>
      <UnitMeasure>גרם</UnitMeasure>
      <BisWeighted>0</BisWeighted>
      <QtyInPackage>1</QtyInPackage>
      <ItemPrice>12.90</ItemPrice>
      <UnitOfMeasurePrice>3.23</UnitOfMeasurePrice>
      <AllowDiscount>0</AllowDiscount>
      <itemStatus>1</itemStatus>
      <LastUpdateDate />
      <LastUpdateTime />
    </Product>
    <Product>
      <PriceUpdateDate>2014/08/11 08:44</PriceUpdateDate>
      <ItemCode>7290010328468</ItemCode>
      <ItemType>1</ItemType>
      <ItemName>מיני חלווה ב 3 טעמים</ItemName>
      <ManufactureName>אחדות בעמ</ManufactureName>
      <ManufactureCountry />
      <ManufactureItemDescription />
      <UnitQty>יח`</UnitQty>
      <Quantity>216</Quantity>
      <UnitMeasure>גרם</UnitMeasure>
      <BisWeighted>0</BisWeighted>
      <QtyInPackage>1</QtyInPackage>
      <ItemPrice>10</ItemPrice>
      <UnitOfMeasurePrice>4.63</UnitOfMeasurePrice>
      <AllowDiscount>0</AllowDiscount>
      <itemStatus>1</itemStatus>
      <LastUpdateDate />
      <LastUpdateTime />
    </Product>
    <Product>
      <PriceUpdateDate>2015/09/08 08:37</PriceUpdateDate>
      <ItemCode>7290010328505</ItemCode>
      <ItemType>1</ItemType>
      <ItemName>חטיפי מיני חלוה ללא סוכר 15 יח`</ItemName>
      <ManufactureName>אחדות בעמ</ManufactureName>
      <ManufactureCountry />
      <ManufactureItemDescription />
      <UnitQty>יח`</UnitQty>
      <Quantity>1</Quantity>
      <UnitMeasure />
      <BisWeighted>0</BisWeighted>
      <QtyInPackage>1</QtyInPackage>
      <ItemPrice>10</ItemPrice>
      <UnitOfMeasurePrice>10</UnitOfMeasurePrice>
      <AllowDiscount>0</AllowDiscount>
      <itemStatus>1</itemStatus>
      <LastUpdateDate />
      <LastUpdateTime />
    </Product>
    <Product>
      <PriceUpdateDate>2020/01/19 12:05</PriceUpdateDate>
      <ItemCode>7290010328710</ItemCode>
      <ItemType>1</ItemType>
      <ItemName>קצפיות במגש 180 גר</ItemName>
      <ManufactureName>אחדות בעמ</ManufactureName>
      <ManufactureCountry />
      <ManufactureItemDescription />
      <UnitQty>יח`</UnitQty>
      <Quantity>180</Quantity>
      <UnitMeasure>גרם</UnitMeasure>
      <BisWeighted>0</BisWeighted>
      <QtyInPackage>1</QtyInPackage>
      <ItemPrice>8.90</ItemPrice>
      <UnitOfMeasurePrice>4.94</UnitOfMeasurePrice>
      <AllowDiscount>0</AllowDiscount>
      <itemStatus>1</itemStatus>
      <LastUpdateDate />
      <LastUpdateTime />
    </Product>
    <Product>
      <PriceUpdateDate>2016/03/25 08:12</PriceUpdateDate>
      <ItemCode>7290010328727</ItemCode>
      <ItemType>1</ItemType>
      <ItemName>טחינה עם שוקולד 400 גר אחוה</ItemName>
      <ManufactureName>אחדות בעמ</ManufactureName>
      <ManufactureCountry />
      <ManufactureItemDescription />
      <UnitQty>יח`</UnitQty>
      <Quantity>400</Quantity>
      <UnitMeasure>גרם</UnitMeasure>
      <BisWeighted>0</BisWeighted>
      <QtyInPackage>1</QtyInPackage>
      <ItemPrice>11.90</ItemPrice>
      <UnitOfMeasurePrice>2.98</UnitOfMeasurePrice>
      <AllowDiscount>1</AllowDiscount>
      <itemStatus>1</itemStatus>
      <LastUpdateDate />
      <LastUpdateTime />
    </Product>
    <Product>
      <PriceUpdateDate>2018/01/21 12:39</PriceUpdateDate>
      <ItemCode>7290010328765</ItemCode>
      <ItemType>1</ItemType>
      <ItemName>חטיף חלבה 50 גר` אחוה</ItemName>
      <ManufactureName>אחדות בעמ</ManufactureName>
      <ManufactureCountry />
      <ManufactureItemDescription />
      <UnitQty>יח`</UnitQty>
      <Quantity>1</Quantity>
      <UnitMeasure />
      <BisWeighted>0</BisWeighted>
      <QtyInPackage>1</QtyInPackage>
      <ItemPrice>1.50</ItemPrice>
      <UnitOfMeasurePrice>1.50</UnitOfMeasurePrice>
      <AllowDiscount>0</AllowDiscount>
      <itemStatus>1</itemStatus>
      <LastUpdateDate />
      <LastUpdateTime />
    </Product>
    <Product>
      <PriceUpdateDate>2016/12/07 08:54</PriceUpdateDate>
      <ItemCode>7290010328819</ItemCode>
      <ItemType>1</ItemType>
      <ItemName>טחינה עם שוקולד 400 גר אחוה ללא תוספת ס</ItemName>
      <ManufactureName>אחדות בעמ</ManufactureName>
      <ManufactureCountry />
      <ManufactureItemDescription />
      <UnitQty>יח`</UnitQty>
      <Quantity>400</Quantity>
      <UnitMeasure>גרם</UnitMeasure>
      <BisWeighted>0</BisWeighted>
      <QtyInPackage>1</QtyInPackage>
      <ItemPrice>11.90</ItemPrice>
      <UnitOfMeasurePrice>2.98</UnitOfMeasurePrice>
      <AllowDiscount>1</AllowDiscount>
      <itemStatus>1</itemStatus>
      <LastUpdateDate />
      <LastUpdateTime />
    </Product>
    <Product>
      <PriceUpdateDate>2017/04/23 13:47</PriceUpdateDate>
      <ItemCode>7290010328901</ItemCode>
      <ItemType>1</ItemType>
      <ItemName>מאפין בטעם וניל 45 גר` אחוה</ItemName>
      <ManufactureName>אחדות בעמ</ManufactureName>
      <ManufactureCountry />
      <ManufactureItemDescription />
      <UnitQty>יח`</UnitQty>
      <Quantity>45</Quantity>
      <UnitMeasure>גרם</UnitMeasure>
      <BisWeighted>0</BisWeighted>
      <QtyInPackage>1</QtyInPackage>
      <ItemPrice>1.50</ItemPrice>
      <UnitOfMeasurePrice>3.33</UnitOfMeasurePrice>
      <AllowDiscount>1</AllowDiscount>
      <itemStatus>1</itemStatus>
      <LastUpdateDate />
      <LastUpdateTime />
    </Product>
    <Product>
      <PriceUpdateDate>2014/07/31 09:53</PriceUpdateDate>
      <ItemCode>7290010329595</ItemCode>
      <ItemType>1</ItemType>
      <ItemName>אגו משפחתי דאבל שוקו בלמינט 130 גר` * 13</ItemName>
      <ManufactureName>כרמית תעשיות ממתקים בעמ</ManufactureName>
      <ManufactureCountry />
      <ManufactureItemDescription />
      <UnitQty>יח`</UnitQty>
      <Quantity>130</Quantity>
      <UnitMeasure>גרם</UnitMeasure>
      <BisWeighted>0</BisWeighted>
      <QtyInPackage>1</QtyInPackage>
      <ItemPrice>8.90</ItemPrice>
      <UnitOfMeasurePrice>6.85</UnitOfMeasurePrice>
      <AllowDiscount>1</AllowDiscount>
      <itemStatus>1</itemStatus>
      <LastUpdateDate />
      <LastUpdateTime />
    </Product>
    <Product>
      <PriceUpdateDate>2019/03/24 12:39</PriceUpdateDate>
      <ItemCode>7290010429554</ItemCode>
      <ItemType>1</ItemType>
      <ItemName>שמן זית כתית מעולה 750 מל</ItemName>
      <ManufactureName>שטראוס גרופ בעמ</ManufactureName>
      <ManufactureCountry />
      <ManufactureItemDescription />
      <UnitQty>יח`</UnitQty>
      <Quantity>750</Quantity>
      <UnitMeasure>מ"ל</UnitMeasure>
      <BisWeighted>0</BisWeighted>
      <QtyInPackage>1</QtyInPackage>
      <ItemPrice>32.90</ItemPrice>
      <UnitOfMeasurePrice>4.39</UnitOfMeasurePrice>
      <AllowDiscount>1</AllowDiscount>
      <itemStatus>1</itemStatus>
      <LastUpdateDate />
      <LastUpdateTime />
    </Product>
    <Product>
      <PriceUpdateDate>2013/06/17 13:51</PriceUpdateDate>
      <ItemCode>7290010471669</ItemCode>
      <ItemType>1</ItemType>
      <ItemName>דנונה פרי בר קורנפלקס</ItemName>
      <ManufactureName>שטראוס גרופ בעמ/מצונן</ManufactureName>
      <ManufactureCountry />
      <ManufactureItemDescription />
      <UnitQty>יח`</UnitQty>
      <Quantity>175</Quantity>
      <UnitMeasure>מ"ל</UnitMeasure>
      <BisWeighted>0</BisWeighted>
      <QtyInPackage>1</QtyInPackage>
      <ItemPrice>4.40</ItemPrice>
      <UnitOfMeasurePrice>2.51</UnitOfMeasurePrice>
      <AllowDiscount>0</AllowDiscount>
      <itemStatus>1</itemStatus>
      <LastUpdateDate />
      <LastUpdateTime />
    </Product>
    <Product>
      <PriceUpdateDate>2013/12/31 12:18</PriceUpdateDate>
      <ItemCode>7290010472307</ItemCode>
      <ItemType>1</ItemType>
      <ItemName>משקה יוגורט תות בננה גמדים (100x8 מל)</ItemName>
      <ManufactureName>שטראוס גרופ בעמ/מצונן</ManufactureName>
      <ManufactureCountry />
      <ManufactureItemDescription />
      <UnitQty>יח`</UnitQty>
      <Quantity>800</Quantity>
      <UnitMeasure>מ"ל</UnitMeasure>
      <BisWeighted>0</BisWeighted>
      <QtyInPackage>1</QtyInPackage>
      <ItemPrice>20</ItemPrice>
      <UnitOfMeasurePrice>2.50</UnitOfMeasurePrice>
      <AllowDiscount>0</AllowDiscount>
      <itemStatus>1</itemStatus>
      <LastUpdateDate />
      <LastUpdateTime />
    </Product>
    <Product>
      <PriceUpdateDate>2014/12/29 11:04</PriceUpdateDate>
      <ItemCode>7290010472390</ItemCode>
      <ItemType>1</ItemType>
      <ItemName>דני שמיניה</ItemName>
      <ManufactureName>שטראוס גרופ בעמ/מצונן</ManufactureName>
      <ManufactureCountry />
      <ManufactureItemDescription />
      <UnitQty>יח`</UnitQty>
      <Quantity>1</Quantity>
      <UnitMeasure>1 ליטר</UnitMeasure>
      <BisWeighted>0</BisWeighted>
      <QtyInPackage>1</QtyInPackage>
      <ItemPrice>16.40</ItemPrice>
      <UnitOfMeasurePrice>16.40</UnitOfMeasurePrice>
      <AllowDiscount>0</AllowDiscount>
      <itemStatus>1</itemStatus>
      <LastUpdateDate />
      <LastUpdateTime />
    </Product>
    <Product>
      <PriceUpdateDate>2017/12/25 12:46</PriceUpdateDate>
      <ItemCode>7290010546152</ItemCode>
      <ItemType>1</ItemType>
      <ItemName>גרנולה תמרים 400 גר` מנדל</ItemName>
      <ManufactureName>גורי מוצרי צריכה (1991) בעמ</ManufactureName>
      <ManufactureCountry />
      <ManufactureItemDescription />
      <UnitQty>יח`</UnitQty>
      <Quantity>400</Quantity>
      <UnitMeasure>גרם</UnitMeasure>
      <BisWeighted>0</BisWeighted>
      <QtyInPackage>1</QtyInPackage>
      <ItemPrice>17.90</ItemPrice>
      <UnitOfMeasurePrice>4.48</UnitOfMeasurePrice>
      <AllowDiscount>1</AllowDiscount>
      <itemStatus>1</itemStatus>
      <LastUpdateDate />
      <LastUpdateTime />
    </Product>
    <Product>
      <PriceUpdateDate>2017/12/25 12:46</PriceUpdateDate>
      <ItemCode>7290010546565</ItemCode>
      <ItemType>1</ItemType>
      <ItemName>גרנולה שוקולד 400 גר` מנדל</ItemName>
      <ManufactureName>גורי מוצרי צריכה (1991) בעמ</ManufactureName>
      <ManufactureCountry />
      <ManufactureItemDescription />
      <UnitQty>יח`</UnitQty>
      <Quantity>400</Quantity>
      <UnitMeasure>גרם</UnitMeasure>
      <BisWeighted>0</BisWeighted>
      <QtyInPackage>1</QtyInPackage>
      <ItemPrice>17.90</ItemPrice>
      <UnitOfMeasurePrice>4.48</UnitOfMeasurePrice>
      <AllowDiscount>1</AllowDiscount>
      <itemStatus>1</itemStatus>
      <LastUpdateDate />
      <LastUpdateTime />
    </Product>
    <Product>
      <PriceUpdateDate>2015/05/27 14:17</PriceUpdateDate>
      <ItemCode>7290010569052</ItemCode>
      <ItemType>1</ItemType>
      <ItemName>גלידת שטראוס 2 ליטר שוקו וניל פיסטוק קרמ</ItemName>
      <ManufactureName>גלידות שטראוס בעמ</ManufactureName>
      <ManufactureCountry />
      <ManufactureItemDescription />
      <UnitQty>יח`</UnitQty>
      <Quantity>2000</Quantity>
      <UnitMeasure>מ"ל</UnitMeasure>
      <BisWeighted>0</BisWeighted>
      <QtyInPackage>1</QtyInPackage>
      <ItemPrice>24.90</ItemPrice>
      <UnitOfMeasurePrice>1.25</UnitOfMeasurePrice>
      <AllowDiscount>1</AllowDiscount>
      <itemStatus>1</itemStatus>
      <LastUpdateDate />
      <LastUpdateTime />
    </Product>
    <Product>
      <PriceUpdateDate>2019/05/02 16:36</PriceUpdateDate>
      <ItemCode>7290010627004</ItemCode>
      <ItemType>1</ItemType>
      <ItemName>טחינה ירושלים 500 גר`</ItemName>
      <ManufactureName>תה ויסוצקי (ישראל) בעמ</ManufactureName>
      <ManufactureCountry />
      <ManufactureItemDescription />
      <UnitQty>יח`</UnitQty>
      <Quantity>500</Quantity>
      <UnitMeasure>גרם</UnitMeasure>
      <BisWeighted>0</BisWeighted>
      <QtyInPackage>1</QtyInPackage>
      <ItemPrice>15.90</ItemPrice>
      <UnitOfMeasurePrice>3.18</UnitOfMeasurePrice>
      <AllowDiscount>0</AllowDiscount>
      <itemStatus>1</itemStatus>
      <LastUpdateDate />
      <LastUpdateTime />
    </Product>
    <Product>
      <PriceUpdateDate>2019/05/02 16:36</PriceUpdateDate>
      <ItemCode>7290010627844</ItemCode>
      <ItemType>1</ItemType>
      <ItemName>טחינה ירושלים 500 גר` שומשום מלא</ItemName>
      <ManufactureName>תה ויסוצקי (ישראל) בעמ</ManufactureName>
      <ManufactureCountry />
      <ManufactureItemDescription />
      <UnitQty>יח`</UnitQty>
      <Quantity>1</Quantity>
      <UnitMeasure />
      <BisWeighted>0</BisWeighted>
      <QtyInPackage>1</QtyInPackage>
      <ItemPrice>15.90</ItemPrice>
      <UnitOfMeasurePrice>15.90</UnitOfMeasurePrice>
      <AllowDiscount>0</AllowDiscount>
      <itemStatus>1</itemStatus>
      <LastUpdateDate />
      <LastUpdateTime />
    </Product>
    <Product>
      <PriceUpdateDate>2015/04/30 14:55</PriceUpdateDate>
      <ItemCode>7290010632701</ItemCode>
      <ItemType>1</ItemType>
      <ItemName>מוצץ פרפר בינוני נובי</ItemName>
      <ManufactureName>אינטרסן 1996 בעמ</ManufactureName>
      <ManufactureCountry />
      <ManufactureItemDescription />
      <UnitQty>יח`</UnitQty>
      <Quantity>1</Quantity>
      <UnitMeasure />
      <BisWeighted>0</BisWeighted>
      <QtyInPackage>1</QtyInPackage>
      <ItemPrice>26.90</ItemPrice>
      <UnitOfMeasurePrice>26.90</UnitOfMeasurePrice>
      <AllowDiscount>0</AllowDiscount>
      <itemStatus>1</itemStatus>
      <LastUpdateDate />
      <LastUpdateTime />
    </Product>
    <Product>
      <PriceUpdateDate>2013/12/31 12:19</PriceUpdateDate>
      <ItemCode>7290010632787</ItemCode>
      <ItemType>1</ItemType>
      <ItemName>צימרוני אוזניים מעץ אינטרסן (300)</ItemName>
      <ManufactureName>אינטרסן 1996 בעמ</ManufactureName>
      <ManufactureCountry />
      <ManufactureItemDescription />
      <UnitQty>יח`</UnitQty>
      <Quantity>300</Quantity>
      <UnitMeasure>יח`</UnitMeasure>
      <BisWeighted>0</BisWeighted>
      <QtyInPackage>1</QtyInPackage>
      <ItemPrice>4</ItemPrice>
      <UnitOfMeasurePrice>0.01</UnitOfMeasurePrice>
      <AllowDiscount>0</AllowDiscount>
      <itemStatus>1</itemStatus>
      <LastUpdateDate />
      <LastUpdateTime />
    </Product>
    <Product>
      <PriceUpdateDate>2017/02/22 08:33</PriceUpdateDate>
      <ItemCode>7290010656615</ItemCode>
      <ItemType>1</ItemType>
      <ItemName>תירוש ענבים מוסקט טבעי אפרת (1 ליטר)</ItemName>
      <ManufactureName>יקב טפרברג 1870 בעמ (יינות ומש</ManufactureName>
      <ManufactureCountry />
      <ManufactureItemDescription />
      <UnitQty>יח`</UnitQty>
      <Quantity>1000</Quantity>
      <UnitMeasure>מ"ל</UnitMeasure>
      <BisWeighted>0</BisWeighted>
      <QtyInPackage>1</QtyInPackage>
      <ItemPrice>14.90</ItemPrice>
      <UnitOfMeasurePrice>1.46</UnitOfMeasurePrice>
      <AllowDiscount>1</AllowDiscount>
      <itemStatus>1</itemStatus>
      <LastUpdateDate />
      <LastUpdateTime />
    </Product>
    <Product>
      <PriceUpdateDate>2020/02/02 13:13</PriceUpdateDate>
      <ItemCode>7290010676446</ItemCode>
      <ItemType>1</ItemType>
      <ItemName>שעועית ירוקה שלמה 800 גר`</ItemName>
      <ManufactureName>נ.ת.נ.ג.ב החזקות יעוץ וניהול ב</ManufactureName>
      <ManufactureCountry />
      <ManufactureItemDescription />
      <UnitQty>יח`</UnitQty>
      <Quantity>800</Quantity>
      <UnitMeasure>גרם</UnitMeasure>
      <BisWeighted>0</BisWeighted>
      <QtyInPackage>1</QtyInPackage>
      <ItemPrice>6.80</ItemPrice>
      <UnitOfMeasurePrice>0.85</UnitOfMeasurePrice>
      <AllowDiscount>0</AllowDiscount>
      <itemStatus>1</itemStatus>
      <LastUpdateDate />
      <LastUpdateTime />
    </Product>
    <Product>
      <PriceUpdateDate>2020/02/12 09:29</PriceUpdateDate>
      <ItemCode>7290010676507</ItemCode>
      <ItemType>1</ItemType>
      <ItemName>שעועית חתוכה ירוקה 800  גר`קפוא</ItemName>
      <ManufactureName>נ.ת.נ.ג.ב החזקות יעוץ וניהול ב</ManufactureName>
      <ManufactureCountry />
      <ManufactureItemDescription />
      <UnitQty>יח`</UnitQty>
      <Quantity>800</Quantity>
      <UnitMeasure>גרם</UnitMeasure>
      <BisWeighted>0</BisWeighted>
      <QtyInPackage>1</QtyInPackage>
      <ItemPrice>6.80</ItemPrice>
      <UnitOfMeasurePrice>0.85</UnitOfMeasurePrice>
      <AllowDiscount>0</AllowDiscount>
      <itemStatus>1</itemStatus>
      <LastUpdateDate />
      <LastUpdateTime />
    </Product>
    <Product>
      <PriceUpdateDate>2020/02/12 09:29</PriceUpdateDate>
      <ItemCode>7290010676583</ItemCode>
      <ItemType>1</ItemType>
      <ItemName>שעועית חתוכה צהובה</ItemName>
      <ManufactureName>נ.ת.נ.ג.ב החזקות יעוץ וניהול ב</ManufactureName>
      <ManufactureCountry />
      <ManufactureItemDescription />
      <UnitQty>יח`</UnitQty>
      <Quantity>800</Quantity>
      <UnitMeasure>גרם</UnitMeasure>
      <BisWeighted>0</BisWeighted>
      <QtyInPackage>1</QtyInPackage>
      <ItemPrice>6.80</ItemPrice>
      <UnitOfMeasurePrice>0.85</UnitOfMeasurePrice>
      <AllowDiscount>0</AllowDiscount>
      <itemStatus>1</itemStatus>
      <LastUpdateDate />
      <LastUpdateTime />
    </Product>
    <Product>
      <PriceUpdateDate>2019/10/27 11:59</PriceUpdateDate>
      <ItemCode>7290010676590</ItemCode>
      <ItemType>1</ItemType>
      <ItemName>אפונה קפוא 800 גר`</ItemName>
      <ManufactureName>נ.ת.נ.ג.ב החזקות יעוץ וניהול ב</ManufactureName>
      <ManufactureCountry />
      <ManufactureItemDescription />
      <UnitQty>יח`</UnitQty>
      <Quantity>800</Quantity>
      <UnitMeasure>גרם</UnitMeasure>
      <BisWeighted>0</BisWeighted>
      <QtyInPackage>1</QtyInPackage>
      <ItemPrice>9.90</ItemPrice>
      <UnitOfMeasurePrice>1.24</UnitOfMeasurePrice>
      <AllowDiscount>1</AllowDiscount>
      <itemStatus>1</itemStatus>
      <LastUpdateDate />
      <LastUpdateTime />
    </Product>
    <Product>
      <PriceUpdateDate>2019/11/13 15:45</PriceUpdateDate>
      <ItemCode>7290010676637</ItemCode>
      <ItemType>1</ItemType>
      <ItemName>אפונה וגזר 800 גר`</ItemName>
      <ManufactureName>נ.ת.נ.ג.ב החזקות יעוץ וניהול ב</ManufactureName>
      <ManufactureCountry />
      <ManufactureItemDescription />
      <UnitQty>יח`</UnitQty>
      <Quantity>800</Quantity>
      <UnitMeasure>גרם</UnitMeasure>
      <BisWeighted>0</BisWeighted>
      <QtyInPackage>1</QtyInPackage>
      <ItemPrice>9.90</ItemPrice>
      <UnitOfMeasurePrice>1.24</UnitOfMeasurePrice>
      <AllowDiscount>1</AllowDiscount>
      <itemStatus>1</itemStatus>
      <LastUpdateDate />
      <LastUpdateTime />
    </Product>
    <Product>
      <PriceUpdateDate>2019/10/27 11:59</PriceUpdateDate>
      <ItemCode>7290010676644</ItemCode>
      <ItemType>1</ItemType>
      <ItemName>לקט ירקות 800 גר` קפוא</ItemName>
      <ManufactureName>נ.ת.נ.ג.ב החזקות יעוץ וניהול ב</ManufactureName>
      <ManufactureCountry />
      <ManufactureItemDescription />
      <UnitQty>יח`</UnitQty>
      <Quantity>800</Quantity>
      <UnitMeasure>גרם</UnitMeasure>
      <BisWeighted>0</BisWeighted>
      <QtyInPackage>1</QtyInPackage>
      <ItemPrice>9.90</ItemPrice>
      <UnitOfMeasurePrice>1.24</UnitOfMeasurePrice>
      <AllowDiscount>1</AllowDiscount>
      <itemStatus>1</itemStatus>
      <LastUpdateDate />
      <LastUpdateTime />
    </Product>
    <Product>
      <PriceUpdateDate>2019/06/23 10:55</PriceUpdateDate>
      <ItemCode>7290010690527</ItemCode>
      <ItemType>1</ItemType>
      <ItemName>כרוב  על- קייל</ItemName>
      <ManufactureName>א.אדמה (2007) בעמ</ManufactureName>
      <ManufactureCountry />
      <ManufactureItemDescription />
      <UnitQty>יח`</UnitQty>
      <Quantity>1</Quantity>
      <UnitMeasure />
      <BisWeighted>0</BisWeighted>
      <QtyInPackage>1</QtyInPackage>
      <ItemPrice>10.90</ItemPrice>
      <UnitOfMeasurePrice>10.90</UnitOfMeasurePrice>
      <AllowDiscount>1</AllowDiscount>
      <itemStatus>1</itemStatus>
      <LastUpdateDate />
      <LastUpdateTime />
    </Product>
    <Product>
      <PriceUpdateDate>2013/12/20 10:40</PriceUpdateDate>
      <ItemCode>7290010699001</ItemCode>
      <ItemType>1</ItemType>
      <ItemName>נרות יום  הולדת+ ברכה</ItemName>
      <ManufactureName>שמחה זה אנחנו בעמ</ManufactureName>
      <ManufactureCountry />
      <ManufactureItemDescription />
      <UnitQty>יח`</UnitQty>
      <Quantity>1</Quantity>
      <UnitMeasure />
      <BisWeighted>0</BisWeighted>
      <QtyInPackage>1</QtyInPackage>
      <ItemPrice>5.90</ItemPrice>
      <UnitOfMeasurePrice>5.90</UnitOfMeasurePrice>
      <AllowDiscount>0</AllowDiscount>
      <itemStatus>1</itemStatus>
      <LastUpdateDate />
      <LastUpdateTime />
    </Product>
    <Product>
      <PriceUpdateDate>2015/11/30 12:59</PriceUpdateDate>
      <ItemCode>7290010711031</ItemCode>
      <ItemType>1</ItemType>
      <ItemName>מברשת אבק</ItemName>
      <ManufactureName>מ.א.ייצור ויבוא מטליות בעמ</ManufactureName>
      <ManufactureCountry />
      <ManufactureItemDescription />
      <UnitQty>יח`</UnitQty>
      <Quantity>1</Quantity>
      <UnitMeasure />
      <BisWeighted>0</BisWeighted>
      <QtyInPackage>1</QtyInPackage>
      <ItemPrice>14.90</ItemPrice>
      <UnitOfMeasurePrice>14.90</UnitOfMeasurePrice>
      <AllowDiscount>0</AllowDiscount>
      <itemStatus>1</itemStatus>
      <LastUpdateDate />
      <LastUpdateTime />
    </Product>
    <Product>
      <PriceUpdateDate>2016/01/08 08:20</PriceUpdateDate>
      <ItemCode>7290010711109</ItemCode>
      <ItemType>1</ItemType>
      <ItemName>מיקרופייבר  לרצפות- shiny</ItemName>
      <ManufactureName>מ.א.ייצור ויבוא מטליות בעמ</ManufactureName>
      <ManufactureCountry />
      <ManufactureItemDescription />
      <UnitQty>יח`</UnitQty>
      <Quantity>1</Quantity>
      <UnitMeasure />
      <BisWeighted>0</BisWeighted>
      <QtyInPackage>1</QtyInPackage>
      <ItemPrice>9.90</ItemPrice>
      <UnitOfMeasurePrice>9.90</UnitOfMeasurePrice>
      <AllowDiscount>0</AllowDiscount>
      <itemStatus>1</itemStatus>
      <LastUpdateDate />
      <LastUpdateTime />
    </Product>
    <Product>
      <PriceUpdateDate>2020/01/19 12:25</PriceUpdateDate>
      <ItemCode>7290010711123</ItemCode>
      <ItemType>1</ItemType>
      <ItemName>4 כרות פלדה מתכת shiny</ItemName>
      <ManufactureName>מ.א.ייצור ויבוא מטליות בעמ</ManufactureName>
      <ManufactureCountry />
      <ManufactureItemDescription />
      <UnitQty>יח`</UnitQty>
      <Quantity>1</Quantity>
      <UnitMeasure />
      <BisWeighted>0</BisWeighted>
      <QtyInPackage>1</QtyInPackage>
      <ItemPrice>5.90</ItemPrice>
      <UnitOfMeasurePrice>5.90</UnitOfMeasurePrice>
      <AllowDiscount>0</AllowDiscount>
      <itemStatus>1</itemStatus>
      <LastUpdateDate />
      <LastUpdateTime />
    </Product>
    <Product>
      <PriceUpdateDate>2020/01/19 12:25</PriceUpdateDate>
      <ItemCode>7290010711208</ItemCode>
      <ItemType>1</ItemType>
      <ItemName>גליל מטליות צהוב 40 יח shiny</ItemName>
      <ManufactureName>מ.א.ייצור ויבוא מטליות בעמ</ManufactureName>
      <ManufactureCountry />
      <ManufactureItemDescription />
      <UnitQty>יח`</UnitQty>
      <Quantity>1</Quantity>
      <UnitMeasure />
      <BisWeighted>0</BisWeighted>
      <QtyInPackage>1</QtyInPackage>
      <ItemPrice>16.90</ItemPrice>
      <UnitOfMeasurePrice>16.90</UnitOfMeasurePrice>
      <AllowDiscount>0</AllowDiscount>
      <itemStatus>1</itemStatus>
      <LastUpdateDate />
      <LastUpdateTime />
    </Product>
    <Product>
      <PriceUpdateDate>2020/01/19 12:09</PriceUpdateDate>
      <ItemCode>7290010711253</ItemCode>
      <ItemType>1</ItemType>
      <ItemName>4 מטליות מיקרו לניקוי כללי shiny</ItemName>
      <ManufactureName>מ.א.ייצור ויבוא מטליות בעמ</ManufactureName>
      <ManufactureCountry />
      <ManufactureItemDescription />
      <UnitQty>יח`</UnitQty>
      <Quantity>1</Quantity>
      <UnitMeasure />
      <BisWeighted>0</BisWeighted>
      <QtyInPackage>1</QtyInPackage>
      <ItemPrice>6.90</ItemPrice>
      <UnitOfMeasurePrice>6.90</UnitOfMeasurePrice>
      <AllowDiscount>0</AllowDiscount>
      <itemStatus>1</itemStatus>
      <LastUpdateDate />
      <LastUpdateTime />
    </Product>
    <Product>
      <PriceUpdateDate>2015/11/30 12:59</PriceUpdateDate>
      <ItemCode>7290010711543</ItemCode>
      <ItemType>1</ItemType>
      <ItemName>כף אשפה עם גומי</ItemName>
      <ManufactureName>מ.א.ייצור ויבוא מטליות בעמ</ManufactureName>
      <ManufactureCountry />
      <ManufactureItemDescription />
      <UnitQty>יח`</UnitQty>
      <Quantity>1</Quantity>
      <UnitMeasure />
      <BisWeighted>0</BisWeighted>
      <QtyInPackage>1</QtyInPackage>
      <ItemPrice>5.90</ItemPrice>
      <UnitOfMeasurePrice>5.90</UnitOfMeasurePrice>
      <AllowDiscount>0</AllowDiscount>
      <itemStatus>1</itemStatus>
      <LastUpdateDate />
      <LastUpdateTime />
    </Product>
    <Product>
      <PriceUpdateDate>2015/12/08 08:22</PriceUpdateDate>
      <ItemCode>7290010711550</ItemCode>
      <ItemType>1</ItemType>
      <ItemName>דלי איטלקי עם פיה יוגב</ItemName>
      <ManufactureName>מ.א.ייצור ויבוא מטליות בעמ</ManufactureName>
      <ManufactureCountry />
      <ManufactureItemDescription />
      <UnitQty>יח`</UnitQty>
      <Quantity>1</Quantity>
      <UnitMeasure />
      <BisWeighted>0</BisWeighted>
      <QtyInPackage>1</QtyInPackage>
      <ItemPrice>11.90</ItemPrice>
      <UnitOfMeasurePrice>11.90</UnitOfMeasurePrice>
      <AllowDiscount>0</AllowDiscount>
      <itemStatus>1</itemStatus>
      <LastUpdateDate />
      <LastUpdateTime />
    </Product>
    <Product>
      <PriceUpdateDate>2015/12/03 14:34</PriceUpdateDate>
      <ItemCode>7290010711864</ItemCode>
      <ItemType>1</ItemType>
      <ItemName>מטאטא משובח+מקל </ItemName>
      <ManufactureName>מ.א.ייצור ויבוא מטליות בעמ</ManufactureName>
      <ManufactureCountry />
      <ManufactureItemDescription />
      <UnitQty>יח`</UnitQty>
      <Quantity>1</Quantity>
      <UnitMeasure />
      <BisWeighted>0</BisWeighted>
      <QtyInPackage>1</QtyInPackage>
      <ItemPrice>31.90</ItemPrice>
      <UnitOfMeasurePrice>31.90</UnitOfMeasurePrice>
      <AllowDiscount>0</AllowDiscount>
      <itemStatus>1</itemStatus>
      <LastUpdateDate />
      <LastUpdateTime />
    </Product>
    <Product>
      <PriceUpdateDate>2016/01/08 08:20</PriceUpdateDate>
      <ItemCode>7290010711901</ItemCode>
      <ItemType>1</ItemType>
      <ItemName>מטליות מיקרו רצפה שלישייה shiny</ItemName>
      <ManufactureName>מ.א.ייצור ויבוא מטליות בעמ</ManufactureName>
      <ManufactureCountry />
      <ManufactureItemDescription />
      <UnitQty>יח`</UnitQty>
      <Quantity>1</Quantity>
      <UnitMeasure />
      <BisWeighted>0</BisWeighted>
      <QtyInPackage>1</QtyInPackage>
      <ItemPrice>19.90</ItemPrice>
      <UnitOfMeasurePrice>19.90</UnitOfMeasurePrice>
      <AllowDiscount>0</AllowDiscount>
      <itemStatus>1</itemStatus>
      <LastUpdateDate />
      <LastUpdateTime />
    </Product>
    <Product>
      <PriceUpdateDate>2017/02/07 12:52</PriceUpdateDate>
      <ItemCode>7290010715336</ItemCode>
      <ItemType>1</ItemType>
      <ItemName>להבונים טיפ טופ פאלאס (50)</ItemName>
      <ManufactureName>פאלאס תעשיות נטו (2014) בעמ</ManufactureName>
      <ManufactureCountry />
      <ManufactureItemDescription />
      <UnitQty>יח`</UnitQty>
      <Quantity>50</Quantity>
      <UnitMeasure>יח`</UnitMeasure>
      <BisWeighted>0</BisWeighted>
      <QtyInPackage>1</QtyInPackage>
      <ItemPrice>9.90</ItemPrice>
      <UnitOfMeasurePrice>0.20</UnitOfMeasurePrice>
      <AllowDiscount>1</AllowDiscount>
      <itemStatus>1</itemStatus>
      <LastUpdateDate />
      <LastUpdateTime />
    </Product>
    <Product>
      <PriceUpdateDate>2015/12/02 13:36</PriceUpdateDate>
      <ItemCode>7290010718627</ItemCode>
      <ItemType>1</ItemType>
      <ItemName>פנינה אל סבון 1 ליטר ירוק</ItemName>
      <ManufactureName>פנינה רוזנבלום בעמ</ManufactureName>
      <ManufactureCountry />
      <ManufactureItemDescription />
      <UnitQty>יח`</UnitQty>
      <Quantity>1</Quantity>
      <UnitMeasure>1 ליטר</UnitMeasure>
      <BisWeighted>0</BisWeighted>
      <QtyInPackage>1</QtyInPackage>
      <ItemPrice>10.90</ItemPrice>
      <UnitOfMeasurePrice>10.90</UnitOfMeasurePrice>
      <AllowDiscount>1</AllowDiscount>
      <itemStatus>1</itemStatus>
      <LastUpdateDate />
      <LastUpdateTime />
    </Product>
    <Product>
      <PriceUpdateDate>2015/12/02 13:36</PriceUpdateDate>
      <ItemCode>7290010718634</ItemCode>
      <ItemType>1</ItemType>
      <ItemName>פנינה אל סבון 1 ליטר לבן</ItemName>
      <ManufactureName>פנינה רוזנבלום בעמ</ManufactureName>
      <ManufactureCountry />
      <ManufactureItemDescription />
      <UnitQty>יח`</UnitQty>
      <Quantity>1</Quantity>
      <UnitMeasure>1 ליטר</UnitMeasure>
      <BisWeighted>0</BisWeighted>
      <QtyInPackage>1</QtyInPackage>
      <ItemPrice>10.90</ItemPrice>
      <UnitOfMeasurePrice>10.90</UnitOfMeasurePrice>
      <AllowDiscount>1</AllowDiscount>
      <itemStatus>1</itemStatus>
      <LastUpdateDate />
      <LastUpdateTime />
    </Product>
    <Product>
      <PriceUpdateDate>2015/01/13 09:53</PriceUpdateDate>
      <ItemCode>7290010748518</ItemCode>
      <ItemType>1</ItemType>
      <ItemName>סרקל פורטה שמפו לילדים 750 מל</ItemName>
      <ManufactureName>פישר תעשיות פרמצבטיות בעמ</ManufactureName>
      <ManufactureCountry />
      <ManufactureItemDescription />
      <UnitQty>יח`</UnitQty>
      <Quantity>750</Quantity>
      <UnitMeasure>מ"ל</UnitMeasure>
      <BisWeighted>0</BisWeighted>
      <QtyInPackage>1</QtyInPackage>
      <ItemPrice>23.90</ItemPrice>
      <UnitOfMeasurePrice>3.19</UnitOfMeasurePrice>
      <AllowDiscount>0</AllowDiscount>
      <itemStatus>1</itemStatus>
      <LastUpdateDate />
      <LastUpdateTime />
    </Product>
    <Product>
      <PriceUpdateDate>2015/01/13 09:53</PriceUpdateDate>
      <ItemCode>7290010748525</ItemCode>
      <ItemType>1</ItemType>
      <ItemName>סרקל פורטה מרכך לילדים 750 מל</ItemName>
      <ManufactureName>פישר תעשיות פרמצבטיות בעמ</ManufactureName>
      <ManufactureCountry />
      <ManufactureItemDescription />
      <UnitQty>יח`</UnitQty>
      <Quantity>750</Quantity>
      <UnitMeasure>מ"ל</UnitMeasure>
      <BisWeighted>0</BisWeighted>
      <QtyInPackage>1</QtyInPackage>
      <ItemPrice>23.90</ItemPrice>
      <UnitOfMeasurePrice>3.19</UnitOfMeasurePrice>
      <AllowDiscount>0</AllowDiscount>
      <itemStatus>1</itemStatus>
      <LastUpdateDate />
      <LastUpdateTime />
    </Product>
    <Product>
      <PriceUpdateDate>2017/12/24 08:53</PriceUpdateDate>
      <ItemCode>7290010748884</ItemCode>
      <ItemType>1</ItemType>
      <ItemName>אפקטיב קר קרם גוף 700 מל</ItemName>
      <ManufactureName>פישר תעשיות פרמצבטיות בעמ</ManufactureName>
      <ManufactureCountry />
      <ManufactureItemDescription />
      <UnitQty>יח`</UnitQty>
      <Quantity>700</Quantity>
      <UnitMeasure>מ"ל</UnitMeasure>
      <BisWeighted>0</BisWeighted>
      <QtyInPackage>1</QtyInPackage>
      <ItemPrice>29.90</ItemPrice>
      <UnitOfMeasurePrice>4.27</UnitOfMeasurePrice>
      <AllowDiscount>0</AllowDiscount>
      <itemStatus>1</itemStatus>
      <LastUpdateDate />
      <LastUpdateTime />
    </Product>
    <Product>
      <PriceUpdateDate>2017/12/24 08:53</PriceUpdateDate>
      <ItemCode>7290010748891</ItemCode>
      <ItemType>1</ItemType>
      <ItemName>אפקטיב קר קרם גוף 700 מל</ItemName>
      <ManufactureName>פישר תעשיות פרמצבטיות בעמ</ManufactureName>
      <ManufactureCountry />
      <ManufactureItemDescription />
      <UnitQty>יח`</UnitQty>
      <Quantity>700</Quantity>
      <UnitMeasure>מ"ל</UnitMeasure>
      <BisWeighted>0</BisWeighted>
      <QtyInPackage>1</QtyInPackage>
      <ItemPrice>29.90</ItemPrice>
      <UnitOfMeasurePrice>4.27</UnitOfMeasurePrice>
      <AllowDiscount>0</AllowDiscount>
      <itemStatus>1</itemStatus>
      <LastUpdateDate />
      <LastUpdateTime />
    </Product>
    <Product>
      <PriceUpdateDate>2016/04/15 08:58</PriceUpdateDate>
      <ItemCode>7290010777099</ItemCode>
      <ItemType>1</ItemType>
      <ItemName>פיתות במרקם מיוחד פיתה אקספרס) (8</ItemName>
      <ManufactureName>מגוון שיווק והפצת מאפים בעמ</ManufactureName>
      <ManufactureCountry />
      <ManufactureItemDescription />
      <UnitQty>יח`</UnitQty>
      <Quantity>800</Quantity>
      <UnitMeasure>גרם</UnitMeasure>
      <BisWeighted>0</BisWeighted>
      <QtyInPackage>1</QtyInPackage>
      <ItemPrice>9.90</ItemPrice>
      <UnitOfMeasurePrice>1.24</UnitOfMeasurePrice>
      <AllowDiscount>0</AllowDiscount>
      <itemStatus>1</itemStatus>
      <LastUpdateDate />
      <LastUpdateTime />
    </Product>
    <Product>
      <PriceUpdateDate>2014/05/05 09:26</PriceUpdateDate>
      <ItemCode>7290010777150</ItemCode>
      <ItemType>1</ItemType>
      <ItemName>פיתות בריבוע חיטה מלאה פיתה אקספרס) (8</ItemName>
      <ManufactureName>מגוון שיווק והפצת מאפים בעמ</ManufactureName>
      <ManufactureCountry />
      <ManufactureItemDescription />
      <UnitQty>יח`</UnitQty>
      <Quantity>800</Quantity>
      <UnitMeasure>גרם</UnitMeasure>
      <BisWeighted>0</BisWeighted>
      <QtyInPackage>1</QtyInPackage>
      <ItemPrice>12</ItemPrice>
      <UnitOfMeasurePrice>1.50</UnitOfMeasurePrice>
      <AllowDiscount>0</AllowDiscount>
      <itemStatus>1</itemStatus>
      <LastUpdateDate />
      <LastUpdateTime />
    </Product>
    <Product>
      <PriceUpdateDate>2014/05/05 09:26</PriceUpdateDate>
      <ItemCode>7290010777297</ItemCode>
      <ItemType>1</ItemType>
      <ItemName>פיתות ביס פיתה אקספרס (10  יח`- 600 גרם)</ItemName>
      <ManufactureName>מגוון שיווק והפצת מאפים בעמ</ManufactureName>
      <ManufactureCountry />
      <ManufactureItemDescription />
      <UnitQty>יח`</UnitQty>
      <Quantity>0.01</Quantity>
      <UnitMeasure>1 ליטר</UnitMeasure>
      <BisWeighted>0</BisWeighted>
      <QtyInPackage>1</QtyInPackage>
      <ItemPrice>12</ItemPrice>
      <UnitOfMeasurePrice>1200</UnitOfMeasurePrice>
      <AllowDiscount>0</AllowDiscount>
      <itemStatus>1</itemStatus>
      <LastUpdateDate />
      <LastUpdateTime />
    </Product>
    <Product>
      <PriceUpdateDate>2018/06/05 17:59</PriceUpdateDate>
      <ItemCode>7290010777327</ItemCode>
      <ItemType>1</ItemType>
      <ItemName>מארז פיתה קלה 79 קלוריות</ItemName>
      <ManufactureName>מגוון שיווק והפצת מאפים בעמ</ManufactureName>
      <ManufactureCountry />
      <ManufactureItemDescription />
      <UnitQty>יח`</UnitQty>
      <Quantity>1</Quantity>
      <UnitMeasure />
      <BisWeighted>0</BisWeighted>
      <QtyInPackage>1</QtyInPackage>
      <ItemPrice>12.50</ItemPrice>
      <UnitOfMeasurePrice>12.50</UnitOfMeasurePrice>
      <AllowDiscount>0</AllowDiscount>
      <itemStatus>1</itemStatus>
      <LastUpdateDate />
      <LastUpdateTime />
    </Product>
    <Product>
      <PriceUpdateDate>2016/03/13 08:13</PriceUpdateDate>
      <ItemCode>7290010777358</ItemCode>
      <ItemType>1</ItemType>
      <ItemName>פיתות מכוסמין מלא פיתה אקספרס) (8</ItemName>
      <ManufactureName>מגוון שיווק והפצת מאפים בעמ</ManufactureName>
      <ManufactureCountry />
      <ManufactureItemDescription />
      <UnitQty>יח`</UnitQty>
      <Quantity>1</Quantity>
      <UnitMeasure />
      <BisWeighted>0</BisWeighted>
      <QtyInPackage>1</QtyInPackage>
      <ItemPrice>14.90</ItemPrice>
      <UnitOfMeasurePrice>14.90</UnitOfMeasurePrice>
      <AllowDiscount>0</AllowDiscount>
      <itemStatus>1</itemStatus>
      <LastUpdateDate />
      <LastUpdateTime />
    </Product>
    <Product>
      <PriceUpdateDate>2015/09/08 11:20</PriceUpdateDate>
      <ItemCode>7290010814244</ItemCode>
      <ItemType>1</ItemType>
      <ItemName>אגו טבלאות שוקולד מריר 85 גר` שלישייה</ItemName>
      <ManufactureName>כרמית תעשיות ממתקים בעמ</ManufactureName>
      <ManufactureCountry />
      <ManufactureItemDescription />
      <UnitQty>יח`</UnitQty>
      <Quantity>255</Quantity>
      <UnitMeasure>גרם</UnitMeasure>
      <BisWeighted>0</BisWeighted>
      <QtyInPackage>1</QtyInPackage>
      <ItemPrice>11.90</ItemPrice>
      <UnitOfMeasurePrice>4.67</UnitOfMeasurePrice>
      <AllowDiscount>1</AllowDiscount>
      <itemStatus>1</itemStatus>
      <LastUpdateDate />
      <LastUpdateTime />
    </Product>
    <Product>
      <PriceUpdateDate>2015/09/08 11:20</PriceUpdateDate>
      <ItemCode>7290010814268</ItemCode>
      <ItemType>1</ItemType>
      <ItemName>אגו טבלאות שוקולד לבן 85 גר` שלישייה</ItemName>
      <ManufactureName>כרמית תעשיות ממתקים בעמ</ManufactureName>
      <ManufactureCountry />
      <ManufactureItemDescription />
      <UnitQty>יח`</UnitQty>
      <Quantity>255</Quantity>
      <UnitMeasure>גרם</UnitMeasure>
      <BisWeighted>0</BisWeighted>
      <QtyInPackage>1</QtyInPackage>
      <ItemPrice>11.90</ItemPrice>
      <UnitOfMeasurePrice>4.67</UnitOfMeasurePrice>
      <AllowDiscount>1</AllowDiscount>
      <itemStatus>1</itemStatus>
      <LastUpdateDate />
      <LastUpdateTime />
    </Product>
    <Product>
      <PriceUpdateDate>2016/02/09 08:09</PriceUpdateDate>
      <ItemCode>7290010814695</ItemCode>
      <ItemType>1</ItemType>
      <ItemName>שוקולד מריר פרווה ללא סוכר 85 גרם</ItemName>
      <ManufactureName>כרמית תעשיות ממתקים בעמ</ManufactureName>
      <ManufactureCountry />
      <ManufactureItemDescription />
      <UnitQty>יח`</UnitQty>
      <Quantity>85</Quantity>
      <UnitMeasure>גרם</UnitMeasure>
      <BisWeighted>0</BisWeighted>
      <QtyInPackage>1</QtyInPackage>
      <ItemPrice>5.90</ItemPrice>
      <UnitOfMeasurePrice>6.94</UnitOfMeasurePrice>
      <AllowDiscount>0</AllowDiscount>
      <itemStatus>1</itemStatus>
      <LastUpdateDate />
      <LastUpdateTime />
    </Product>
    <Product>
      <PriceUpdateDate>2016/02/09 08:09</PriceUpdateDate>
      <ItemCode>7290010814701</ItemCode>
      <ItemType>1</ItemType>
      <ItemName>שוקולד חלבי ללא סוכר 85 גרם</ItemName>
      <ManufactureName>כרמית תעשיות ממתקים בעמ</ManufactureName>
      <ManufactureCountry />
      <ManufactureItemDescription />
      <UnitQty>יח`</UnitQty>
      <Quantity>85</Quantity>
      <UnitMeasure>גרם</UnitMeasure>
      <BisWeighted>0</BisWeighted>
      <QtyInPackage>1</QtyInPackage>
      <ItemPrice>5.90</ItemPrice>
      <UnitOfMeasurePrice>6.94</UnitOfMeasurePrice>
      <AllowDiscount>0</AllowDiscount>
      <itemStatus>1</itemStatus>
      <LastUpdateDate />
      <LastUpdateTime />
    </Product>
    <Product>
      <PriceUpdateDate>2019/09/04 09:41</PriceUpdateDate>
      <ItemCode>7290010838219</ItemCode>
      <ItemType>1</ItemType>
      <ItemName>סטיביה מרמולייט (100)</ItemName>
      <ManufactureName>דנשר (1963) בעמ</ManufactureName>
      <ManufactureCountry />
      <ManufactureItemDescription />
      <UnitQty>יח`</UnitQty>
      <Quantity>100</Quantity>
      <UnitMeasure>יח`</UnitMeasure>
      <BisWeighted>0</BisWeighted>
      <QtyInPackage>1</QtyInPackage>
      <ItemPrice>27.90</ItemPrice>
      <UnitOfMeasurePrice>0.28</UnitOfMeasurePrice>
      <AllowDiscount>0</AllowDiscount>
      <itemStatus>1</itemStatus>
      <LastUpdateDate />
      <LastUpdateTime />
    </Product>
    <Product>
      <PriceUpdateDate>2019/06/30 12:20</PriceUpdateDate>
      <ItemCode>7290010838424</ItemCode>
      <ItemType>1</ItemType>
      <ItemName>טואלט דאק 750 מל זוג</ItemName>
      <ManufactureName>דנשר (1963) בעמ</ManufactureName>
      <ManufactureCountry />
      <ManufactureItemDescription />
      <UnitQty>יח`</UnitQty>
      <Quantity>1500</Quantity>
      <UnitMeasure>מ"ל</UnitMeasure>
      <BisWeighted>0</BisWeighted>
      <QtyInPackage>1</QtyInPackage>
      <ItemPrice>18.90</ItemPrice>
      <UnitOfMeasurePrice>1.26</UnitOfMeasurePrice>
      <AllowDiscount>1</AllowDiscount>
      <itemStatus>1</itemStatus>
      <LastUpdateDate />
      <LastUpdateTime />
    </Product>
    <Product>
      <PriceUpdateDate>2015/02/03 10:52</PriceUpdateDate>
      <ItemCode>7290010849505</ItemCode>
      <ItemType>1</ItemType>
      <ItemName>די לואיג`י רוסו דולצ`ה 750 מל למברוסקו</ItemName>
      <ManufactureName>הכרם - משקאות חריפים בעמ</ManufactureName>
      <ManufactureCountry />
      <ManufactureItemDescription />
      <UnitQty>יח`</UnitQty>
      <Quantity>750</Quantity>
      <UnitMeasure>מ"ל</UnitMeasure>
      <BisWeighted>0</BisWeighted>
      <QtyInPackage>1</QtyInPackage>
      <ItemPrice>29.90</ItemPrice>
      <UnitOfMeasurePrice>3.95</UnitOfMeasurePrice>
      <AllowDiscount>1</AllowDiscount>
      <itemStatus>1</itemStatus>
      <LastUpdateDate />
      <LastUpdateTime />
    </Product>
    <Product>
      <PriceUpdateDate>2019/01/20 12:41</PriceUpdateDate>
      <ItemCode>7290010883370</ItemCode>
      <ItemType>1</ItemType>
      <ItemName>כפפות אלוורה בינוני סנו סושי</ItemName>
      <ManufactureName>החברה הדרומית לשיווק בעמ</ManufactureName>
      <ManufactureCountry />
      <ManufactureItemDescription />
      <UnitQty>יח`</UnitQty>
      <Quantity>1</Quantity>
      <UnitMeasure />
      <BisWeighted>0</BisWeighted>
      <QtyInPackage>1</QtyInPackage>
      <ItemPrice>10.90</ItemPrice>
      <UnitOfMeasurePrice>10.90</UnitOfMeasurePrice>
      <AllowDiscount>0</AllowDiscount>
      <itemStatus>1</itemStatus>
      <LastUpdateDate />
      <LastUpdateTime />
    </Product>
    <Product>
      <PriceUpdateDate>2015/12/02 11:05</PriceUpdateDate>
      <ItemCode>7290010931330</ItemCode>
      <ItemType>1</ItemType>
      <ItemName>מטבוחה אחלה (500 גרם)</ItemName>
      <ManufactureName>שטראוס גרופ בעמ/מצונן</ManufactureName>
      <ManufactureCountry />
      <ManufactureItemDescription />
      <UnitQty>יח`</UnitQty>
      <Quantity>500</Quantity>
      <UnitMeasure>גרם</UnitMeasure>
      <BisWeighted>0</BisWeighted>
      <QtyInPackage>1</QtyInPackage>
      <ItemPrice>14.90</ItemPrice>
      <UnitOfMeasurePrice>2.98</UnitOfMeasurePrice>
      <AllowDiscount>0</AllowDiscount>
      <itemStatus>1</itemStatus>
      <LastUpdateDate />
      <LastUpdateTime />
    </Product>
    <Product>
      <PriceUpdateDate>2017/06/13 08:06</PriceUpdateDate>
      <ItemCode>7290010945146</ItemCode>
      <ItemType>1</ItemType>
      <ItemName>קוטג` 3% מועשר 250 גר`</ItemName>
      <ManufactureName>החב` המרכזית - טרה</ManufactureName>
      <ManufactureCountry />
      <ManufactureItemDescription />
      <UnitQty>יח`</UnitQty>
      <Quantity>250</Quantity>
      <UnitMeasure>גרם</UnitMeasure>
      <BisWeighted>0</BisWeighted>
      <QtyInPackage>1</QtyInPackage>
      <ItemPrice>5.30</ItemPrice>
      <UnitOfMeasurePrice>2.12</UnitOfMeasurePrice>
      <AllowDiscount>0</AllowDiscount>
      <itemStatus>1</itemStatus>
      <LastUpdateDate />
      <LastUpdateTime />
    </Product>
    <Product>
      <PriceUpdateDate>2019/06/17 12:24</PriceUpdateDate>
      <ItemCode>7290010945450</ItemCode>
      <ItemType>1</ItemType>
      <ItemName>גבינה לבנה 3% 250 גר` פיקוח</ItemName>
      <ManufactureName>החב` המרכזית - טרה</ManufactureName>
      <ManufactureCountry />
      <ManufactureItemDescription />
      <UnitQty>יח`</UnitQty>
      <Quantity>250</Quantity>
      <UnitMeasure>גרם</UnitMeasure>
      <BisWeighted>0</BisWeighted>
      <QtyInPackage>1</QtyInPackage>
      <ItemPrice>4.75</ItemPrice>
      <UnitOfMeasurePrice>1.90</UnitOfMeasurePrice>
      <AllowDiscount>1</AllowDiscount>
      <itemStatus>1</itemStatus>
      <LastUpdateDate />
      <LastUpdateTime />
    </Product>
    <Product>
      <PriceUpdateDate>2014/04/10 09:41</PriceUpdateDate>
      <ItemCode>7290011017866</ItemCode>
      <ItemType>1</ItemType>
      <ItemName>פחית קולה סליק קוקה-קולה (330 מל)</ItemName>
      <ManufactureName>החברה המרכזית להפצת משקאות בעמ</ManufactureName>
      <ManufactureCountry />
      <ManufactureItemDescription />
      <UnitQty>יח`</UnitQty>
      <Quantity>330</Quantity>
      <UnitMeasure>מ"ל</UnitMeasure>
      <BisWeighted>0</BisWeighted>
      <QtyInPackage>1</QtyInPackage>
      <ItemPrice>4.50</ItemPrice>
      <UnitOfMeasurePrice>1.27</UnitOfMeasurePrice>
      <AllowDiscount>1</AllowDiscount>
      <itemStatus>1</itemStatus>
      <LastUpdateDate />
      <LastUpdateTime />
    </Product>
    <Product>
      <PriceUpdateDate>2014/04/10 09:41</PriceUpdateDate>
      <ItemCode>7290011017873</ItemCode>
      <ItemType>1</ItemType>
      <ItemName>פחית זירו סליק קוקה-קולה (330 מל)</ItemName>
      <ManufactureName>החברה המרכזית להפצת משקאות בעמ</ManufactureName>
      <ManufactureCountry />
      <ManufactureItemDescription />
      <UnitQty>יח`</UnitQty>
      <Quantity>330</Quantity>
      <UnitMeasure>מ"ל</UnitMeasure>
      <BisWeighted>0</BisWeighted>
      <QtyInPackage>1</QtyInPackage>
      <ItemPrice>4.50</ItemPrice>
      <UnitOfMeasurePrice>1.27</UnitOfMeasurePrice>
      <AllowDiscount>1</AllowDiscount>
      <itemStatus>1</itemStatus>
      <LastUpdateDate />
      <LastUpdateTime />
    </Product>
    <Product>
      <PriceUpdateDate>2014/04/10 09:41</PriceUpdateDate>
      <ItemCode>7290011017880</ItemCode>
      <ItemType>1</ItemType>
      <ItemName>פחית דיאט קולה סליק קוקה-קולה (330 מל)</ItemName>
      <ManufactureName>החברה המרכזית להפצת משקאות בעמ</ManufactureName>
      <ManufactureCountry />
      <ManufactureItemDescription />
      <UnitQty>יח`</UnitQty>
      <Quantity>330</Quantity>
      <UnitMeasure>מ"ל</UnitMeasure>
      <BisWeighted>0</BisWeighted>
      <QtyInPackage>1</QtyInPackage>
      <ItemPrice>4.50</ItemPrice>
      <UnitOfMeasurePrice>1.27</UnitOfMeasurePrice>
      <AllowDiscount>1</AllowDiscount>
      <itemStatus>1</itemStatus>
      <LastUpdateDate />
      <LastUpdateTime />
    </Product>
    <Product>
      <PriceUpdateDate>2018/11/16 11:32</PriceUpdateDate>
      <ItemCode>7290011018252</ItemCode>
      <ItemType>1</ItemType>
      <ItemName>תה קר בטעם מנגו אננס פיוז-טי (1.5 ליטר)</ItemName>
      <ManufactureName>החברה המרכזית להפצת משקאות בעמ</ManufactureName>
      <ManufactureCountry />
      <ManufactureItemDescription />
      <UnitQty>יח`</UnitQty>
      <Quantity>1.50</Quantity>
      <UnitMeasure>1 ליטר</UnitMeasure>
      <BisWeighted>0</BisWeighted>
      <QtyInPackage>1</QtyInPackage>
      <ItemPrice>7.20</ItemPrice>
      <UnitOfMeasurePrice>4.80</UnitOfMeasurePrice>
      <AllowDiscount>0</AllowDiscount>
      <itemStatus>1</itemStatus>
      <LastUpdateDate />
      <LastUpdateTime />
    </Product>
    <Product>
      <PriceUpdateDate>2018/11/16 11:32</PriceUpdateDate>
      <ItemCode>7290011018283</ItemCode>
      <ItemType>1</ItemType>
      <ItemName>תה קר בטעם אפרסק פיוז-טי (1.5 ליטר)</ItemName>
      <ManufactureName>החברה המרכזית להפצת משקאות בעמ</ManufactureName>
      <ManufactureCountry />
      <ManufactureItemDescription />
      <UnitQty>יח`</UnitQty>
      <Quantity>1500</Quantity>
      <UnitMeasure>מ"ל</UnitMeasure>
      <BisWeighted>0</BisWeighted>
      <QtyInPackage>1</QtyInPackage>
      <ItemPrice>7.20</ItemPrice>
      <UnitOfMeasurePrice>0.48</UnitOfMeasurePrice>
      <AllowDiscount>0</AllowDiscount>
      <itemStatus>1</itemStatus>
      <LastUpdateDate />
      <LastUpdateTime />
    </Product>
    <Product>
      <PriceUpdateDate>2018/11/16 11:32</PriceUpdateDate>
      <ItemCode>7290011018306</ItemCode>
      <ItemType>1</ItemType>
      <ItemName>תה קר דיאט בטעם אפרסק פיוז-טי (1.5 ליטר)</ItemName>
      <ManufactureName>החברה המרכזית להפצת משקאות בעמ</ManufactureName>
      <ManufactureCountry />
      <ManufactureItemDescription />
      <UnitQty>יח`</UnitQty>
      <Quantity>1500</Quantity>
      <UnitMeasure>מ"ל</UnitMeasure>
      <BisWeighted>0</BisWeighted>
      <QtyInPackage>1</QtyInPackage>
      <ItemPrice>7.20</ItemPrice>
      <UnitOfMeasurePrice>0.48</UnitOfMeasurePrice>
      <AllowDiscount>0</AllowDiscount>
      <itemStatus>1</itemStatus>
      <LastUpdateDate />
      <LastUpdateTime />
    </Product>
    <Product>
      <PriceUpdateDate>2018/11/16 11:32</PriceUpdateDate>
      <ItemCode>7290011018313</ItemCode>
      <ItemType>1</ItemType>
      <ItemName>פיוז תה אפרסק רביעיה</ItemName>
      <ManufactureName>החברה המרכזית להפצת משקאות בעמ</ManufactureName>
      <ManufactureCountry />
      <ManufactureItemDescription />
      <UnitQty>יח`</UnitQty>
      <Quantity>1</Quantity>
      <UnitMeasure />
      <BisWeighted>0</BisWeighted>
      <QtyInPackage>1</QtyInPackage>
      <ItemPrice>27.90</ItemPrice>
      <UnitOfMeasurePrice>27.90</UnitOfMeasurePrice>
      <AllowDiscount>1</AllowDiscount>
      <itemStatus>1</itemStatus>
      <LastUpdateDate />
      <LastUpdateTime />
    </Product>
    <Product>
      <PriceUpdateDate>2014/04/10 09:41</PriceUpdateDate>
      <ItemCode>7290011018443</ItemCode>
      <ItemType>1</ItemType>
      <ItemName>משקה מוגז אורנג` פאנטה (330 מל)</ItemName>
      <ManufactureName>החברה המרכזית להפצת משקאות בעמ</ManufactureName>
      <ManufactureCountry />
      <ManufactureItemDescription />
      <UnitQty>יח`</UnitQty>
      <Quantity>330</Quantity>
      <UnitMeasure>מ"ל</UnitMeasure>
      <BisWeighted>0</BisWeighted>
      <QtyInPackage>1</QtyInPackage>
      <ItemPrice>4.50</ItemPrice>
      <UnitOfMeasurePrice>1.27</UnitOfMeasurePrice>
      <AllowDiscount>1</AllowDiscount>
      <itemStatus>1</itemStatus>
      <LastUpdateDate />
      <LastUpdateTime />
    </Product>
    <Product>
      <PriceUpdateDate>2018/11/16 11:32</PriceUpdateDate>
      <ItemCode>7290011018580</ItemCode>
      <ItemType>1</ItemType>
      <ItemName>תה קר בטעם ענבים פיוז-טי (1.5 ליטר)</ItemName>
      <ManufactureName>החברה המרכזית להפצת משקאות בעמ</ManufactureName>
      <ManufactureCountry />
      <ManufactureItemDescription />
      <UnitQty>יח`</UnitQty>
      <Quantity>1.50</Quantity>
      <UnitMeasure>1 ליטר</UnitMeasure>
      <BisWeighted>0</BisWeighted>
      <QtyInPackage>1</QtyInPackage>
      <ItemPrice>7.20</ItemPrice>
      <UnitOfMeasurePrice>4.80</UnitOfMeasurePrice>
      <AllowDiscount>0</AllowDiscount>
      <itemStatus>1</itemStatus>
      <LastUpdateDate />
      <LastUpdateTime />
    </Product>
    <Product>
      <PriceUpdateDate>2015/04/30 10:16</PriceUpdateDate>
      <ItemCode>7290011026530</ItemCode>
      <ItemType>1</ItemType>
      <ItemName>קמיל בלו סנסיטיב 500 מל</ItemName>
      <ManufactureName>פישר תעשיות פרמצבטיות בעמ</ManufactureName>
      <ManufactureCountry />
      <ManufactureItemDescription />
      <UnitQty>יח`</UnitQty>
      <Quantity>500</Quantity>
      <UnitMeasure>מ"ל</UnitMeasure>
      <BisWeighted>0</BisWeighted>
      <QtyInPackage>1</QtyInPackage>
      <ItemPrice>20.90</ItemPrice>
      <UnitOfMeasurePrice>4.18</UnitOfMeasurePrice>
      <AllowDiscount>0</AllowDiscount>
      <itemStatus>1</itemStatus>
      <LastUpdateDate />
      <LastUpdateTime />
    </Product>
    <Product>
      <PriceUpdateDate>2013/10/27 11:57</PriceUpdateDate>
      <ItemCode>7290011051327</ItemCode>
      <ItemType>1</ItemType>
      <ItemName>קריסטל 2 ליטר אשכוליות מוגז</ItemName>
      <ManufactureName>יפאורה</ManufactureName>
      <ManufactureCountry />
      <ManufactureItemDescription />
      <UnitQty>יח`</UnitQty>
      <Quantity>2</Quantity>
      <UnitMeasure>1 ליטר</UnitMeasure>
      <BisWeighted>0</BisWeighted>
      <QtyInPackage>1</QtyInPackage>
      <ItemPrice>3.80</ItemPrice>
      <UnitOfMeasurePrice>1.90</UnitOfMeasurePrice>
      <AllowDiscount>0</AllowDiscount>
      <itemStatus>1</itemStatus>
      <LastUpdateDate />
      <LastUpdateTime />
    </Product>
    <Product>
      <PriceUpdateDate>2013/10/28 09:53</PriceUpdateDate>
      <ItemCode>7290011051365</ItemCode>
      <ItemType>1</ItemType>
      <ItemName>מי סודה בטעם לימון שוופס (1.5x4 ליטר)</ItemName>
      <ManufactureName>יפאורה</ManufactureName>
      <ManufactureCountry />
      <ManufactureItemDescription />
      <UnitQty>יח`</UnitQty>
      <Quantity>6</Quantity>
      <UnitMeasure>1 ליטר</UnitMeasure>
      <BisWeighted>0</BisWeighted>
      <QtyInPackage>1</QtyInPackage>
      <ItemPrice>11</ItemPrice>
      <UnitOfMeasurePrice>1.83</UnitOfMeasurePrice>
      <AllowDiscount>0</AllowDiscount>
      <itemStatus>1</itemStatus>
      <LastUpdateDate />
      <LastUpdateTime />
    </Product>
    <Product>
      <PriceUpdateDate>2019/01/15 08:38</PriceUpdateDate>
      <ItemCode>7290011051372</ItemCode>
      <ItemType>1</ItemType>
      <ItemName>שוופס מוגז עדין 1.5 ליטר תפוח ליים</ItemName>
      <ManufactureName>יפאורה</ManufactureName>
      <ManufactureCountry />
      <ManufactureItemDescription />
      <UnitQty>יח`</UnitQty>
      <Quantity>1500</Quantity>
      <UnitMeasure>מ"ל</UnitMeasure>
      <BisWeighted>0</BisWeighted>
      <QtyInPackage>1</QtyInPackage>
      <ItemPrice>6.90</ItemPrice>
      <UnitOfMeasurePrice>0.46</UnitOfMeasurePrice>
      <AllowDiscount>1</AllowDiscount>
      <itemStatus>1</itemStatus>
      <LastUpdateDate />
      <LastUpdateTime />
    </Product>
    <Product>
      <PriceUpdateDate>2019/01/15 08:38</PriceUpdateDate>
      <ItemCode>7290011051389</ItemCode>
      <ItemType>1</ItemType>
      <ItemName>שוופס מוגז עדין 1.5 ליטר פירות יער</ItemName>
      <ManufactureName>יפאורה</ManufactureName>
      <ManufactureCountry />
      <ManufactureItemDescription />
      <UnitQty>יח`</UnitQty>
      <Quantity>1500</Quantity>
      <UnitMeasure>מ"ל</UnitMeasure>
      <BisWeighted>0</BisWeighted>
      <QtyInPackage>1</QtyInPackage>
      <ItemPrice>6.90</ItemPrice>
      <UnitOfMeasurePrice>0.46</UnitOfMeasurePrice>
      <AllowDiscount>1</AllowDiscount>
      <itemStatus>1</itemStatus>
      <LastUpdateDate />
      <LastUpdateTime />
    </Product>
    <Product>
      <PriceUpdateDate>2019/01/15 08:38</PriceUpdateDate>
      <ItemCode>7290011051396</ItemCode>
      <ItemType>1</ItemType>
      <ItemName>משקה מוגז עדין אפרסק שוופס (1.5 ליטר)</ItemName>
      <ManufactureName>יפאורה</ManufactureName>
      <ManufactureCountry />
      <ManufactureItemDescription />
      <UnitQty>יח`</UnitQty>
      <Quantity>1500</Quantity>
      <UnitMeasure>מ"ל</UnitMeasure>
      <BisWeighted>0</BisWeighted>
      <QtyInPackage>1</QtyInPackage>
      <ItemPrice>6.90</ItemPrice>
      <UnitOfMeasurePrice>0.46</UnitOfMeasurePrice>
      <AllowDiscount>1</AllowDiscount>
      <itemStatus>1</itemStatus>
      <LastUpdateDate />
      <LastUpdateTime />
    </Product>
    <Product>
      <PriceUpdateDate>2019/01/15 08:38</PriceUpdateDate>
      <ItemCode>7290011051488</ItemCode>
      <ItemType>1</ItemType>
      <ItemName>תה קר אפרסק ספרינג (1.5 ליטר)</ItemName>
      <ManufactureName>יפאורה</ManufactureName>
      <ManufactureCountry />
      <ManufactureItemDescription />
      <UnitQty>יח`</UnitQty>
      <Quantity>1.50</Quantity>
      <UnitMeasure>1 ליטר</UnitMeasure>
      <BisWeighted>0</BisWeighted>
      <QtyInPackage>1</QtyInPackage>
      <ItemPrice>6.40</ItemPrice>
      <UnitOfMeasurePrice>4.27</UnitOfMeasurePrice>
      <AllowDiscount>1</AllowDiscount>
      <itemStatus>1</itemStatus>
      <LastUpdateDate />
      <LastUpdateTime />
    </Product>
    <Product>
      <PriceUpdateDate>2019/01/15 08:38</PriceUpdateDate>
      <ItemCode>7290011051518</ItemCode>
      <ItemType>1</ItemType>
      <ItemName>תה קר דיאט אפרסק ספרינג (1.5 ליטר)</ItemName>
      <ManufactureName>יפאורה</ManufactureName>
      <ManufactureCountry />
      <ManufactureItemDescription />
      <UnitQty>יח`</UnitQty>
      <Quantity>1.50</Quantity>
      <UnitMeasure>1 ליטר</UnitMeasure>
      <BisWeighted>0</BisWeighted>
      <QtyInPackage>1</QtyInPackage>
      <ItemPrice>6.40</ItemPrice>
      <UnitOfMeasurePrice>4.27</UnitOfMeasurePrice>
      <AllowDiscount>1</AllowDiscount>
      <itemStatus>1</itemStatus>
      <LastUpdateDate />
      <LastUpdateTime />
    </Product>
    <Product>
      <PriceUpdateDate>2019/01/15 08:38</PriceUpdateDate>
      <ItemCode>7290011051655</ItemCode>
      <ItemType>1</ItemType>
      <ItemName>שוופס מוגז עדין 1.5 ליטר ענבים ריזלינג</ItemName>
      <ManufactureName>יפאורה</ManufactureName>
      <ManufactureCountry />
      <ManufactureItemDescription />
      <UnitQty>יח`</UnitQty>
      <Quantity>1500</Quantity>
      <UnitMeasure>מ"ל</UnitMeasure>
      <BisWeighted>0</BisWeighted>
      <QtyInPackage>1</QtyInPackage>
      <ItemPrice>6.90</ItemPrice>
      <UnitOfMeasurePrice>0.46</UnitOfMeasurePrice>
      <AllowDiscount>1</AllowDiscount>
      <itemStatus>1</itemStatus>
      <LastUpdateDate />
      <LastUpdateTime />
    </Product>
    <Product>
      <PriceUpdateDate>2019/03/24 12:39</PriceUpdateDate>
      <ItemCode>7290011051938</ItemCode>
      <ItemType>1</ItemType>
      <ItemName>משקה קל תפוחים תפוזינה (1.5 ליטר)</ItemName>
      <ManufactureName>יפאורה</ManufactureName>
      <ManufactureCountry />
      <ManufactureItemDescription />
      <UnitQty>יח`</UnitQty>
      <Quantity>1500</Quantity>
      <UnitMeasure>מ"ל</UnitMeasure>
      <BisWeighted>0</BisWeighted>
      <QtyInPackage>1</QtyInPackage>
      <ItemPrice>6.50</ItemPrice>
      <UnitOfMeasurePrice>0.43</UnitOfMeasurePrice>
      <AllowDiscount>1</AllowDiscount>
      <itemStatus>1</itemStatus>
      <LastUpdateDate />
      <LastUpdateTime />
    </Product>
    <Product>
      <PriceUpdateDate>2019/01/15 08:38</PriceUpdateDate>
      <ItemCode>7290011051945</ItemCode>
      <ItemType>1</ItemType>
      <ItemName>תפוזינה תפוח 500מל</ItemName>
      <ManufactureName>יפאורה</ManufactureName>
      <ManufactureCountry />
      <ManufactureItemDescription />
      <UnitQty>יח`</UnitQty>
      <Quantity>500</Quantity>
      <UnitMeasure>מ"ל</UnitMeasure>
      <BisWeighted>0</BisWeighted>
      <QtyInPackage>1</QtyInPackage>
      <ItemPrice>4.50</ItemPrice>
      <UnitOfMeasurePrice>0.84</UnitOfMeasurePrice>
      <AllowDiscount>1</AllowDiscount>
      <itemStatus>1</itemStatus>
      <LastUpdateDate />
      <LastUpdateTime />
    </Product>
    <Product>
      <PriceUpdateDate>2015/07/05 15:28</PriceUpdateDate>
      <ItemCode>7290011081492</ItemCode>
      <ItemType>1</ItemType>
      <ItemName>שטראוס קרמיסימו בטעמי 3 שוקלד</ItemName>
      <ManufactureName>גלידות שטראוס בעמ</ManufactureName>
      <ManufactureCountry />
      <ManufactureItemDescription />
      <UnitQty>יח`</UnitQty>
      <Quantity>1.33</Quantity>
      <UnitMeasure>1 ליטר</UnitMeasure>
      <BisWeighted>0</BisWeighted>
      <QtyInPackage>1</QtyInPackage>
      <ItemPrice>18.90</ItemPrice>
      <UnitOfMeasurePrice>14.21</UnitOfMeasurePrice>
      <AllowDiscount>1</AllowDiscount>
      <itemStatus>1</itemStatus>
      <LastUpdateDate />
      <LastUpdateTime />
    </Product>
    <Product>
      <PriceUpdateDate>2015/07/05 15:28</PriceUpdateDate>
      <ItemCode>7290011081690</ItemCode>
      <ItemType>1</ItemType>
      <ItemName>שטראוס קרמיסימו</ItemName>
      <ManufactureName>גלידות שטראוס בעמ</ManufactureName>
      <ManufactureCountry />
      <ManufactureItemDescription />
      <UnitQty>יח`</UnitQty>
      <Quantity>1.33</Quantity>
      <UnitMeasure>1 ליטר</UnitMeasure>
      <BisWeighted>0</BisWeighted>
      <QtyInPackage>1</QtyInPackage>
      <ItemPrice>18.90</ItemPrice>
      <UnitOfMeasurePrice>14.21</UnitOfMeasurePrice>
      <AllowDiscount>1</AllowDiscount>
      <itemStatus>1</itemStatus>
      <LastUpdateDate />
      <LastUpdateTime />
    </Product>
    <Product>
      <PriceUpdateDate>2013/12/15 08:24</PriceUpdateDate>
      <ItemCode>7290011103088</ItemCode>
      <ItemType>1</ItemType>
      <ItemName>זיקוקים 6 יח בשקית 15 סמ</ItemName>
      <ManufactureName>שמחה זה אנחנו בעמ</ManufactureName>
      <ManufactureCountry />
      <ManufactureItemDescription />
      <UnitQty>יח`</UnitQty>
      <Quantity>1</Quantity>
      <UnitMeasure />
      <BisWeighted>0</BisWeighted>
      <QtyInPackage>1</QtyInPackage>
      <ItemPrice>14.90</ItemPrice>
      <UnitOfMeasurePrice>14.90</UnitOfMeasurePrice>
      <AllowDiscount>0</AllowDiscount>
      <itemStatus>1</itemStatus>
      <LastUpdateDate />
      <LastUpdateTime />
    </Product>
    <Product>
      <PriceUpdateDate>2018/01/10 11:24</PriceUpdateDate>
      <ItemCode>7290011115159</ItemCode>
      <ItemType>1</ItemType>
      <ItemName>סבון מוצק לחות נקה 7 רביעייה</ItemName>
      <ManufactureName>החברה הדרומית לשיווק בעמ</ManufactureName>
      <ManufactureCountry />
      <ManufactureItemDescription />
      <UnitQty>יח`</UnitQty>
      <Quantity>400</Quantity>
      <UnitMeasure>גרם</UnitMeasure>
      <BisWeighted>0</BisWeighted>
      <QtyInPackage>1</QtyInPackage>
      <ItemPrice>11.90</ItemPrice>
      <UnitOfMeasurePrice>2.98</UnitOfMeasurePrice>
      <AllowDiscount>1</AllowDiscount>
      <itemStatus>1</itemStatus>
      <LastUpdateDate />
      <LastUpdateTime />
    </Product>
    <Product>
      <PriceUpdateDate>2018/01/10 11:24</PriceUpdateDate>
      <ItemCode>7290011115166</ItemCode>
      <ItemType>1</ItemType>
      <ItemName>תחליב רחצה לבנדר נקה  (17 ליטר)</ItemName>
      <ManufactureName>החברה הדרומית לשיווק בעמ</ManufactureName>
      <ManufactureCountry />
      <ManufactureItemDescription />
      <UnitQty>יח`</UnitQty>
      <Quantity>1</Quantity>
      <UnitMeasure>1 ליטר</UnitMeasure>
      <BisWeighted>0</BisWeighted>
      <QtyInPackage>1</QtyInPackage>
      <ItemPrice>12.90</ItemPrice>
      <UnitOfMeasurePrice>12.90</UnitOfMeasurePrice>
      <AllowDiscount>0</AllowDiscount>
      <itemStatus>1</itemStatus>
      <LastUpdateDate />
      <LastUpdateTime />
    </Product>
    <Product>
      <PriceUpdateDate>2018/01/10 11:24</PriceUpdateDate>
      <ItemCode>7290011115203</ItemCode>
      <ItemType>1</ItemType>
      <ItemName>סבון מוצק נקה 7 רביעייה</ItemName>
      <ManufactureName>החברה הדרומית לשיווק בעמ</ManufactureName>
      <ManufactureCountry />
      <ManufactureItemDescription />
      <UnitQty>יח`</UnitQty>
      <Quantity>400</Quantity>
      <UnitMeasure>גרם</UnitMeasure>
      <BisWeighted>0</BisWeighted>
      <QtyInPackage>1</QtyInPackage>
      <ItemPrice>11.90</ItemPrice>
      <UnitOfMeasurePrice>2.98</UnitOfMeasurePrice>
      <AllowDiscount>1</AllowDiscount>
      <itemStatus>1</itemStatus>
      <LastUpdateDate />
      <LastUpdateTime />
    </Product>
    <Product>
      <PriceUpdateDate>2018/01/10 11:24</PriceUpdateDate>
      <ItemCode>7290011115258</ItemCode>
      <ItemType>1</ItemType>
      <ItemName>סבון מוצק נקה 7 רביעייה</ItemName>
      <ManufactureName>החברה הדרומית לשיווק בעמ</ManufactureName>
      <ManufactureCountry />
      <ManufactureItemDescription />
      <UnitQty>יח`</UnitQty>
      <Quantity>400</Quantity>
      <UnitMeasure>גרם</UnitMeasure>
      <BisWeighted>0</BisWeighted>
      <QtyInPackage>1</QtyInPackage>
      <ItemPrice>11.90</ItemPrice>
      <UnitOfMeasurePrice>2.98</UnitOfMeasurePrice>
      <AllowDiscount>1</AllowDiscount>
      <itemStatus>1</itemStatus>
      <LastUpdateDate />
      <LastUpdateTime />
    </Product>
    <Product>
      <PriceUpdateDate>2018/01/10 11:24</PriceUpdateDate>
      <ItemCode>7290011115265</ItemCode>
      <ItemType>1</ItemType>
      <ItemName>סבון מוצק ארומה נקה 7 רביעייה</ItemName>
      <ManufactureName>החברה הדרומית לשיווק בעמ</ManufactureName>
      <ManufactureCountry />
      <ManufactureItemDescription />
      <UnitQty>יח`</UnitQty>
      <Quantity>400</Quantity>
      <UnitMeasure>גרם</UnitMeasure>
      <BisWeighted>0</BisWeighted>
      <QtyInPackage>1</QtyInPackage>
      <ItemPrice>11.90</ItemPrice>
      <UnitOfMeasurePrice>2.98</UnitOfMeasurePrice>
      <AllowDiscount>1</AllowDiscount>
      <itemStatus>1</itemStatus>
      <LastUpdateDate />
      <LastUpdateTime />
    </Product>
    <Product>
      <PriceUpdateDate>2018/01/10 11:24</PriceUpdateDate>
      <ItemCode>7290011115272</ItemCode>
      <ItemType>1</ItemType>
      <ItemName>סבון מוצק לחות נקה 7 רביעייה</ItemName>
      <ManufactureName>החברה הדרומית לשיווק בעמ</ManufactureName>
      <ManufactureCountry />
      <ManufactureItemDescription />
      <UnitQty>יח`</UnitQty>
      <Quantity>400</Quantity>
      <UnitMeasure>גרם</UnitMeasure>
      <BisWeighted>0</BisWeighted>
      <QtyInPackage>1</QtyInPackage>
      <ItemPrice>11.90</ItemPrice>
      <UnitOfMeasurePrice>2.98</UnitOfMeasurePrice>
      <AllowDiscount>1</AllowDiscount>
      <itemStatus>1</itemStatus>
      <LastUpdateDate />
      <LastUpdateTime />
    </Product>
    <Product>
      <PriceUpdateDate>2018/01/10 11:24</PriceUpdateDate>
      <ItemCode>7290011115289</ItemCode>
      <ItemType>1</ItemType>
      <ItemName>סבון מוצק נקה 7 רביעייה</ItemName>
      <ManufactureName>החברה הדרומית לשיווק בעמ</ManufactureName>
      <ManufactureCountry />
      <ManufactureItemDescription />
      <UnitQty>יח`</UnitQty>
      <Quantity>400</Quantity>
      <UnitMeasure>גרם</UnitMeasure>
      <BisWeighted>0</BisWeighted>
      <QtyInPackage>1</QtyInPackage>
      <ItemPrice>11.90</ItemPrice>
      <UnitOfMeasurePrice>2.98</UnitOfMeasurePrice>
      <AllowDiscount>1</AllowDiscount>
      <itemStatus>1</itemStatus>
      <LastUpdateDate />
      <LastUpdateTime />
    </Product>
    <Product>
      <PriceUpdateDate>2018/01/10 11:24</PriceUpdateDate>
      <ItemCode>7290011115296</ItemCode>
      <ItemType>1</ItemType>
      <ItemName>סבון מוצק לחות נקה 7 רביעייה</ItemName>
      <ManufactureName>החברה הדרומית לשיווק בעמ</ManufactureName>
      <ManufactureCountry />
      <ManufactureItemDescription />
      <UnitQty>יח`</UnitQty>
      <Quantity>400</Quantity>
      <UnitMeasure>גרם</UnitMeasure>
      <BisWeighted>0</BisWeighted>
      <QtyInPackage>1</QtyInPackage>
      <ItemPrice>11.90</ItemPrice>
      <UnitOfMeasurePrice>2.98</UnitOfMeasurePrice>
      <AllowDiscount>1</AllowDiscount>
      <itemStatus>1</itemStatus>
      <LastUpdateDate />
      <LastUpdateTime />
    </Product>
    <Product>
      <PriceUpdateDate>2018/10/11 19:19</PriceUpdateDate>
      <ItemCode>7290011126346</ItemCode>
      <ItemType>1</ItemType>
      <ItemName>תה ירוק לימונית לאויזה מריסה 25 שקיקים</ItemName>
      <ManufactureName>תה ויסוצקי (ישראל) בעמ</ManufactureName>
      <ManufactureCountry />
      <ManufactureItemDescription />
      <UnitQty>יח`</UnitQty>
      <Quantity>55</Quantity>
      <UnitMeasure>גרם</UnitMeasure>
      <BisWeighted>0</BisWeighted>
      <QtyInPackage>1</QtyInPackage>
      <ItemPrice>17.50</ItemPrice>
      <UnitOfMeasurePrice>31.82</UnitOfMeasurePrice>
      <AllowDiscount>0</AllowDiscount>
      <itemStatus>1</itemStatus>
      <LastUpdateDate />
      <LastUpdateTime />
    </Product>
    <Product>
      <PriceUpdateDate>2018/10/11 19:19</PriceUpdateDate>
      <ItemCode>7290011126452</ItemCode>
      <ItemType>1</ItemType>
      <ItemName>תה קמומיל ונענע ויסוצקי הגן הקסום) (25</ItemName>
      <ManufactureName>תה ויסוצקי (ישראל) בעמ</ManufactureName>
      <ManufactureCountry />
      <ManufactureItemDescription />
      <UnitQty>יח`</UnitQty>
      <Quantity>37.50</Quantity>
      <UnitMeasure>גרם</UnitMeasure>
      <BisWeighted>0</BisWeighted>
      <QtyInPackage>1</QtyInPackage>
      <ItemPrice>17.50</ItemPrice>
      <UnitOfMeasurePrice>46.67</UnitOfMeasurePrice>
      <AllowDiscount>0</AllowDiscount>
      <itemStatus>1</itemStatus>
      <LastUpdateDate />
      <LastUpdateTime />
    </Product>
    <Product>
      <PriceUpdateDate>2018/10/11 19:19</PriceUpdateDate>
      <ItemCode>7290011126469</ItemCode>
      <ItemType>1</ItemType>
      <ItemName>תה קמומיל ודבש ויסוצקי הגן הקסום) (25</ItemName>
      <ManufactureName>תה ויסוצקי (ישראל) בעמ</ManufactureName>
      <ManufactureCountry />
      <ManufactureItemDescription />
      <UnitQty>יח`</UnitQty>
      <Quantity>37.50</Quantity>
      <UnitMeasure>גרם</UnitMeasure>
      <BisWeighted>0</BisWeighted>
      <QtyInPackage>1</QtyInPackage>
      <ItemPrice>17.50</ItemPrice>
      <UnitOfMeasurePrice>46.67</UnitOfMeasurePrice>
      <AllowDiscount>0</AllowDiscount>
      <itemStatus>1</itemStatus>
      <LastUpdateDate />
      <LastUpdateTime />
    </Product>
    <Product>
      <PriceUpdateDate>2016/03/09 20:45</PriceUpdateDate>
      <ItemCode>7290011131371</ItemCode>
      <ItemType>1</ItemType>
      <ItemName>מוזלי קראנצ`י שקדים ואגוזים גרין (1 קג)</ItemName>
      <ManufactureName>משה סידס ובנו בעמ</ManufactureName>
      <ManufactureCountry />
      <ManufactureItemDescription />
      <UnitQty>יח`</UnitQty>
      <Quantity>1</Quantity>
      <UnitMeasure>ק"ג</UnitMeasure>
      <BisWeighted>0</BisWeighted>
      <QtyInPackage>1</QtyInPackage>
      <ItemPrice>25.90</ItemPrice>
      <UnitOfMeasurePrice>25.90</UnitOfMeasurePrice>
      <AllowDiscount>1</AllowDiscount>
      <itemStatus>1</itemStatus>
      <LastUpdateDate />
      <LastUpdateTime />
    </Product>
    <Product>
      <PriceUpdateDate>2016/03/09 20:45</PriceUpdateDate>
      <ItemCode>7290011131609</ItemCode>
      <ItemType>1</ItemType>
      <ItemName>גרין מוזלי 30% פירות מופחת שומן 1 קג</ItemName>
      <ManufactureName>משה סידס ובנו בעמ</ManufactureName>
      <ManufactureCountry />
      <ManufactureItemDescription />
      <UnitQty>יח`</UnitQty>
      <Quantity>1000</Quantity>
      <UnitMeasure>גרם</UnitMeasure>
      <BisWeighted>0</BisWeighted>
      <QtyInPackage>1</QtyInPackage>
      <ItemPrice>25.90</ItemPrice>
      <UnitOfMeasurePrice>2.59</UnitOfMeasurePrice>
      <AllowDiscount>1</AllowDiscount>
      <itemStatus>1</itemStatus>
      <LastUpdateDate />
      <LastUpdateTime />
    </Product>
    <Product>
      <PriceUpdateDate>2016/03/09 20:45</PriceUpdateDate>
      <ItemCode>7290011131616</ItemCode>
      <ItemType>1</ItemType>
      <ItemName>גרין מוזלי אגוזים ושקדים מופחת שומן 1 ק</ItemName>
      <ManufactureName>משה סידס ובנו בעמ</ManufactureName>
      <ManufactureCountry />
      <ManufactureItemDescription />
      <UnitQty>יח`</UnitQty>
      <Quantity>1000</Quantity>
      <UnitMeasure>גרם</UnitMeasure>
      <BisWeighted>0</BisWeighted>
      <QtyInPackage>1</QtyInPackage>
      <ItemPrice>25.90</ItemPrice>
      <UnitOfMeasurePrice>2.59</UnitOfMeasurePrice>
      <AllowDiscount>1</AllowDiscount>
      <itemStatus>1</itemStatus>
      <LastUpdateDate />
      <LastUpdateTime />
    </Product>
    <Product>
      <PriceUpdateDate>2017/08/06 09:56</PriceUpdateDate>
      <ItemCode>7290011131654</ItemCode>
      <ItemType>1</ItemType>
      <ItemName>מוזלי קראנצ`י ביג מיקס גרין (1 קג)</ItemName>
      <ManufactureName>משה סידס ובנו בעמ</ManufactureName>
      <ManufactureCountry />
      <ManufactureItemDescription />
      <UnitQty>יח`</UnitQty>
      <Quantity>10000</Quantity>
      <UnitMeasure>גרם</UnitMeasure>
      <BisWeighted>0</BisWeighted>
      <QtyInPackage>1</QtyInPackage>
      <ItemPrice>25.90</ItemPrice>
      <UnitOfMeasurePrice>0.26</UnitOfMeasurePrice>
      <AllowDiscount>1</AllowDiscount>
      <itemStatus>1</itemStatus>
      <LastUpdateDate />
      <LastUpdateTime />
    </Product>
    <Product>
      <PriceUpdateDate>2015/07/16 10:26</PriceUpdateDate>
      <ItemCode>7290011133252</ItemCode>
      <ItemType>1</ItemType>
      <ItemName>סודה לימון ליים 1.5 רביעייה</ItemName>
      <ManufactureName>טמפו משקאות בעמ</ManufactureName>
      <ManufactureCountry />
      <ManufactureItemDescription />
      <UnitQty>יח`</UnitQty>
      <Quantity>6</Quantity>
      <UnitMeasure>1 ליטר</UnitMeasure>
      <BisWeighted>0</BisWeighted>
      <QtyInPackage>1</QtyInPackage>
      <ItemPrice>10.90</ItemPrice>
      <UnitOfMeasurePrice>1.82</UnitOfMeasurePrice>
      <AllowDiscount>1</AllowDiscount>
      <itemStatus>1</itemStatus>
      <LastUpdateDate />
      <LastUpdateTime />
    </Product>
    <Product>
      <PriceUpdateDate>2019/02/28 08:40</PriceUpdateDate>
      <ItemCode>7290011133368</ItemCode>
      <ItemType>1</ItemType>
      <ItemName>בירה שנדי תפוח מכבי (330x6 מל)</ItemName>
      <ManufactureName>טמפו משקאות בעמ</ManufactureName>
      <ManufactureCountry />
      <ManufactureItemDescription />
      <UnitQty>יח`</UnitQty>
      <Quantity>1980</Quantity>
      <UnitMeasure>מ"ל</UnitMeasure>
      <BisWeighted>0</BisWeighted>
      <QtyInPackage>1</QtyInPackage>
      <ItemPrice>36.90</ItemPrice>
      <UnitOfMeasurePrice>1.77</UnitOfMeasurePrice>
      <AllowDiscount>1</AllowDiscount>
      <itemStatus>1</itemStatus>
      <LastUpdateDate />
      <LastUpdateTime />
    </Product>
    <Product>
      <PriceUpdateDate>2019/02/28 08:40</PriceUpdateDate>
      <ItemCode>7290011133375</ItemCode>
      <ItemType>1</ItemType>
      <ItemName>בירה שנדי אפרסק מכבי (330x6 מל)</ItemName>
      <ManufactureName>טמפו משקאות בעמ</ManufactureName>
      <ManufactureCountry />
      <ManufactureItemDescription />
      <UnitQty>יח`</UnitQty>
      <Quantity>1980</Quantity>
      <UnitMeasure>מ"ל</UnitMeasure>
      <BisWeighted>0</BisWeighted>
      <QtyInPackage>1</QtyInPackage>
      <ItemPrice>36.90</ItemPrice>
      <UnitOfMeasurePrice>1.77</UnitOfMeasurePrice>
      <AllowDiscount>1</AllowDiscount>
      <itemStatus>1</itemStatus>
      <LastUpdateDate />
      <LastUpdateTime />
    </Product>
    <Product>
      <PriceUpdateDate>2015/01/25 08:09</PriceUpdateDate>
      <ItemCode>7290011153885</ItemCode>
      <ItemType>1</ItemType>
      <ItemName>נייר אכיל בוב ספוג</ItemName>
      <ManufactureName>שמחה זה אנחנו בעמ</ManufactureName>
      <ManufactureCountry />
      <ManufactureItemDescription />
      <UnitQty>יח`</UnitQty>
      <Quantity>13</Quantity>
      <UnitMeasure>גרם</UnitMeasure>
      <BisWeighted>0</BisWeighted>
      <QtyInPackage>1</QtyInPackage>
      <ItemPrice>17.90</ItemPrice>
      <UnitOfMeasurePrice>137.69</UnitOfMeasurePrice>
      <AllowDiscount>0</AllowDiscount>
      <itemStatus>1</itemStatus>
      <LastUpdateDate />
      <LastUpdateTime />
    </Product>
    <Product>
      <PriceUpdateDate>2019/05/02 16:30</PriceUpdateDate>
      <ItemCode>7290011174323</ItemCode>
      <ItemType>1</ItemType>
      <ItemName>צ`יפס אמריקאי 1.5  קג`פרי גליל</ItemName>
      <ManufactureName>ויטה -פרי גליל (החדשה) בעמ</ManufactureName>
      <ManufactureCountry />
      <ManufactureItemDescription />
      <UnitQty>יח`</UnitQty>
      <Quantity>1500</Quantity>
      <UnitMeasure>גרם</UnitMeasure>
      <BisWeighted>0</BisWeighted>
      <QtyInPackage>1</QtyInPackage>
      <ItemPrice>14.90</ItemPrice>
      <UnitOfMeasurePrice>0.99</UnitOfMeasurePrice>
      <AllowDiscount>0</AllowDiscount>
      <itemStatus>1</itemStatus>
      <LastUpdateDate />
      <LastUpdateTime />
    </Product>
    <Product>
      <PriceUpdateDate>2018/08/19 10:47</PriceUpdateDate>
      <ItemCode>7290011174866</ItemCode>
      <ItemType>1</ItemType>
      <ItemName>צ`יפס בטטה 700 גר` פרי גליל</ItemName>
      <ManufactureName>ויטה -פרי גליל (החדשה) בעמ</ManufactureName>
      <ManufactureCountry />
      <ManufactureItemDescription />
      <UnitQty>יח`</UnitQty>
      <Quantity>700</Quantity>
      <UnitMeasure>גרם</UnitMeasure>
      <BisWeighted>0</BisWeighted>
      <QtyInPackage>1</QtyInPackage>
      <ItemPrice>16.90</ItemPrice>
      <UnitOfMeasurePrice>2.41</UnitOfMeasurePrice>
      <AllowDiscount>1</AllowDiscount>
      <itemStatus>1</itemStatus>
      <LastUpdateDate />
      <LastUpdateTime />
    </Product>
    <Product>
      <PriceUpdateDate>2014/01/01 16:40</PriceUpdateDate>
      <ItemCode>7290011194215</ItemCode>
      <ItemType>1</ItemType>
      <ItemName>דניאלה מעדן בטעם בננה שטראוס (88 גרם)</ItemName>
      <ManufactureName>שטראוס גרופ בעמ/מצונן</ManufactureName>
      <ManufactureCountry />
      <ManufactureItemDescription />
      <UnitQty>יח`</UnitQty>
      <Quantity>150</Quantity>
      <UnitMeasure>מ"ל</UnitMeasure>
      <BisWeighted>0</BisWeighted>
      <QtyInPackage>1</QtyInPackage>
      <ItemPrice>4</ItemPrice>
      <UnitOfMeasurePrice>2.67</UnitOfMeasurePrice>
      <AllowDiscount>0</AllowDiscount>
      <itemStatus>1</itemStatus>
      <LastUpdateDate />
      <LastUpdateTime />
    </Product>
    <Product>
      <PriceUpdateDate>2014/04/23 10:58</PriceUpdateDate>
      <ItemCode>7290011194246</ItemCode>
      <ItemType>1</ItemType>
      <ItemName>גבינת  קוטג`5% שטראוס (250 גרם)</ItemName>
      <ManufactureName>שטראוס גרופ בעמ/מצונן</ManufactureName>
      <ManufactureCountry />
      <ManufactureItemDescription />
      <UnitQty>יח`</UnitQty>
      <Quantity>250</Quantity>
      <UnitMeasure>גרם</UnitMeasure>
      <BisWeighted>0</BisWeighted>
      <QtyInPackage>1</QtyInPackage>
      <ItemPrice>5.90</ItemPrice>
      <UnitOfMeasurePrice>2.36</UnitOfMeasurePrice>
      <AllowDiscount>0</AllowDiscount>
      <itemStatus>1</itemStatus>
      <LastUpdateDate />
      <LastUpdateTime />
    </Product>
    <Product>
      <PriceUpdateDate>2015/12/01 15:22</PriceUpdateDate>
      <ItemCode>7290011223038</ItemCode>
      <ItemType>1</ItemType>
      <ItemName>עלים לקרמשניט 300 גר`</ItemName>
      <ManufactureName>דנשר (1963) בעמ</ManufactureName>
      <ManufactureCountry />
      <ManufactureItemDescription />
      <UnitQty>יח`</UnitQty>
      <Quantity>300</Quantity>
      <UnitMeasure>גרם</UnitMeasure>
      <BisWeighted>0</BisWeighted>
      <QtyInPackage>1</QtyInPackage>
      <ItemPrice>17.90</ItemPrice>
      <UnitOfMeasurePrice>5.97</UnitOfMeasurePrice>
      <AllowDiscount>1</AllowDiscount>
      <itemStatus>1</itemStatus>
      <LastUpdateDate />
      <LastUpdateTime />
    </Product>
    <Product>
      <PriceUpdateDate>2015/12/14 13:16</PriceUpdateDate>
      <ItemCode>7290011223045</ItemCode>
      <ItemType>1</ItemType>
      <ItemName>בישקוטים ליידיפינגרז בונומי (200 גרם)</ItemName>
      <ManufactureName>דנשר (1963) בעמ</ManufactureName>
      <ManufactureCountry />
      <ManufactureItemDescription />
      <UnitQty>יח`</UnitQty>
      <Quantity>200</Quantity>
      <UnitMeasure>גרם</UnitMeasure>
      <BisWeighted>0</BisWeighted>
      <QtyInPackage>1</QtyInPackage>
      <ItemPrice>7.90</ItemPrice>
      <UnitOfMeasurePrice>3.95</UnitOfMeasurePrice>
      <AllowDiscount>1</AllowDiscount>
      <itemStatus>1</itemStatus>
      <LastUpdateDate />
      <LastUpdateTime />
    </Product>
    <Product>
      <PriceUpdateDate>2015/05/27 15:30</PriceUpdateDate>
      <ItemCode>7290011223069</ItemCode>
      <ItemType>1</ItemType>
      <ItemName>מגע המשי רצועות שעווה קמומיל 16יח</ItemName>
      <ManufactureName>דנשר (1963) בעמ</ManufactureName>
      <ManufactureCountry />
      <ManufactureItemDescription />
      <UnitQty>יח`</UnitQty>
      <Quantity>16</Quantity>
      <UnitMeasure>יח`</UnitMeasure>
      <BisWeighted>0</BisWeighted>
      <QtyInPackage>1</QtyInPackage>
      <ItemPrice>27.90</ItemPrice>
      <UnitOfMeasurePrice>1.74</UnitOfMeasurePrice>
      <AllowDiscount>0</AllowDiscount>
      <itemStatus>1</itemStatus>
      <LastUpdateDate />
      <LastUpdateTime />
    </Product>
    <Product>
      <PriceUpdateDate>2015/12/01 15:22</PriceUpdateDate>
      <ItemCode>7290011223205</ItemCode>
      <ItemType>1</ItemType>
      <ItemName>ריבת חלב דולכור (454 גרם)</ItemName>
      <ManufactureName>דנשר (1963) בעמ</ManufactureName>
      <ManufactureCountry />
      <ManufactureItemDescription />
      <UnitQty>יח`</UnitQty>
      <Quantity>454</Quantity>
      <UnitMeasure>גרם</UnitMeasure>
      <BisWeighted>0</BisWeighted>
      <QtyInPackage>1</QtyInPackage>
      <ItemPrice>17.90</ItemPrice>
      <UnitOfMeasurePrice>3.94</UnitOfMeasurePrice>
      <AllowDiscount>0</AllowDiscount>
      <itemStatus>1</itemStatus>
      <LastUpdateDate />
      <LastUpdateTime />
    </Product>
    <Product>
      <PriceUpdateDate>2019/06/30 12:20</PriceUpdateDate>
      <ItemCode>7290011223786</ItemCode>
      <ItemType>1</ItemType>
      <ItemName>אל סבון פמילי שלישייה מעורב פירות</ItemName>
      <ManufactureName>דנשר (1963) בעמ</ManufactureName>
      <ManufactureCountry />
      <ManufactureItemDescription />
      <UnitQty>יח`</UnitQty>
      <Quantity>1</Quantity>
      <UnitMeasure />
      <BisWeighted>0</BisWeighted>
      <QtyInPackage>1</QtyInPackage>
      <ItemPrice>15.90</ItemPrice>
      <UnitOfMeasurePrice>15.90</UnitOfMeasurePrice>
      <AllowDiscount>0</AllowDiscount>
      <itemStatus>1</itemStatus>
      <LastUpdateDate />
      <LastUpdateTime />
    </Product>
    <Product>
      <PriceUpdateDate>2019/04/14 14:41</PriceUpdateDate>
      <ItemCode>7290011249748</ItemCode>
      <ItemType>1</ItemType>
      <ItemName>רולים 100 גר` בטעם שוקולד עלמה</ItemName>
      <ManufactureName>רזיט שיווק בעמ</ManufactureName>
      <ManufactureCountry />
      <ManufactureItemDescription />
      <UnitQty>יח`</UnitQty>
      <Quantity>100</Quantity>
      <UnitMeasure>גרם</UnitMeasure>
      <BisWeighted>0</BisWeighted>
      <QtyInPackage>1</QtyInPackage>
      <ItemPrice>3.90</ItemPrice>
      <UnitOfMeasurePrice>3.90</UnitOfMeasurePrice>
      <AllowDiscount>1</AllowDiscount>
      <itemStatus>1</itemStatus>
      <LastUpdateDate />
      <LastUpdateTime />
    </Product>
    <Product>
      <PriceUpdateDate>2019/04/14 14:41</PriceUpdateDate>
      <ItemCode>7290011249755</ItemCode>
      <ItemType>1</ItemType>
      <ItemName>רולים 100 גר` בטעם אגוז עלמה</ItemName>
      <ManufactureName>רזיט שיווק בעמ</ManufactureName>
      <ManufactureCountry />
      <ManufactureItemDescription />
      <UnitQty>יח`</UnitQty>
      <Quantity>100</Quantity>
      <UnitMeasure>גרם</UnitMeasure>
      <BisWeighted>0</BisWeighted>
      <QtyInPackage>1</QtyInPackage>
      <ItemPrice>3.90</ItemPrice>
      <UnitOfMeasurePrice>3.90</UnitOfMeasurePrice>
      <AllowDiscount>1</AllowDiscount>
      <itemStatus>1</itemStatus>
      <LastUpdateDate />
      <LastUpdateTime />
    </Product>
    <Product>
      <PriceUpdateDate>2015/11/04 11:42</PriceUpdateDate>
      <ItemCode>7290011254032</ItemCode>
      <ItemType>1</ItemType>
      <ItemName>קינואה מיה (500 גרם)</ItemName>
      <ManufactureName>מיה תעשיות מזון מ.ת.מ. בעמ</ManufactureName>
      <ManufactureCountry />
      <ManufactureItemDescription />
      <UnitQty>יח`</UnitQty>
      <Quantity>500</Quantity>
      <UnitMeasure>גרם</UnitMeasure>
      <BisWeighted>0</BisWeighted>
      <QtyInPackage>1</QtyInPackage>
      <ItemPrice>19.90</ItemPrice>
      <UnitOfMeasurePrice>3.98</UnitOfMeasurePrice>
      <AllowDiscount>0</AllowDiscount>
      <itemStatus>1</itemStatus>
      <LastUpdateDate />
      <LastUpdateTime />
    </Product>
    <Product>
      <PriceUpdateDate>2015/03/02 14:33</PriceUpdateDate>
      <ItemCode>7290011254346</ItemCode>
      <ItemType>1</ItemType>
      <ItemName>קינואה מיה (1 קג)</ItemName>
      <ManufactureName>מיה תעשיות מזון מ.ת.מ. בעמ</ManufactureName>
      <ManufactureCountry />
      <ManufactureItemDescription />
      <UnitQty>יח`</UnitQty>
      <Quantity>1000</Quantity>
      <UnitMeasure>גרם</UnitMeasure>
      <BisWeighted>0</BisWeighted>
      <QtyInPackage>1</QtyInPackage>
      <ItemPrice>29.90</ItemPrice>
      <UnitOfMeasurePrice>2.99</UnitOfMeasurePrice>
      <AllowDiscount>0</AllowDiscount>
      <itemStatus>1</itemStatus>
      <LastUpdateDate />
      <LastUpdateTime />
    </Product>
    <Product>
      <PriceUpdateDate>2015/05/28 10:57</PriceUpdateDate>
      <ItemCode>7290011254728</ItemCode>
      <ItemType>1</ItemType>
      <ItemName>ג`לטין טהור 25 גר`</ItemName>
      <ManufactureName>מיה תעשיות מזון מ.ת.מ. בעמ</ManufactureName>
      <ManufactureCountry />
      <ManufactureItemDescription />
      <UnitQty>יח`</UnitQty>
      <Quantity>25</Quantity>
      <UnitMeasure>גרם</UnitMeasure>
      <BisWeighted>0</BisWeighted>
      <QtyInPackage>1</QtyInPackage>
      <ItemPrice>11.90</ItemPrice>
      <UnitOfMeasurePrice>47.60</UnitOfMeasurePrice>
      <AllowDiscount>1</AllowDiscount>
      <itemStatus>1</itemStatus>
      <LastUpdateDate />
      <LastUpdateTime />
    </Product>
    <Product>
      <PriceUpdateDate>2015/12/02 13:36</PriceUpdateDate>
      <ItemCode>7290011254766</ItemCode>
      <ItemType>1</ItemType>
      <ItemName>שעועית לוביה 400 גר`</ItemName>
      <ManufactureName>מיה תעשיות מזון מ.ת.מ. בעמ</ManufactureName>
      <ManufactureCountry />
      <ManufactureItemDescription />
      <UnitQty>יח`</UnitQty>
      <Quantity>400</Quantity>
      <UnitMeasure>גרם</UnitMeasure>
      <BisWeighted>0</BisWeighted>
      <QtyInPackage>1</QtyInPackage>
      <ItemPrice>11.90</ItemPrice>
      <UnitOfMeasurePrice>2.98</UnitOfMeasurePrice>
      <AllowDiscount>0</AllowDiscount>
      <itemStatus>1</itemStatus>
      <LastUpdateDate />
      <LastUpdateTime />
    </Product>
    <Product>
      <PriceUpdateDate>2019/09/04 08:10</PriceUpdateDate>
      <ItemCode>7290011254780</ItemCode>
      <ItemType>1</ItemType>
      <ItemName>שעועית ארגנטינאית 1 קג</ItemName>
      <ManufactureName>מיה תעשיות מזון מ.ת.מ. בעמ</ManufactureName>
      <ManufactureCountry />
      <ManufactureItemDescription />
      <UnitQty>יח`</UnitQty>
      <Quantity>1</Quantity>
      <UnitMeasure>ק"ג</UnitMeasure>
      <BisWeighted>0</BisWeighted>
      <QtyInPackage>1</QtyInPackage>
      <ItemPrice>19.90</ItemPrice>
      <UnitOfMeasurePrice>19.90</UnitOfMeasurePrice>
      <AllowDiscount>0</AllowDiscount>
      <itemStatus>1</itemStatus>
      <LastUpdateDate />
      <LastUpdateTime />
    </Product>
    <Product>
      <PriceUpdateDate>2015/05/27 14:41</PriceUpdateDate>
      <ItemCode>7290011308179</ItemCode>
      <ItemType>1</ItemType>
      <ItemName>קרקר חיטה מלאה 270 גר` עם פשתן</ItemName>
      <ManufactureName>יוניליוור ישראל שיווק בעמ</ManufactureName>
      <ManufactureCountry />
      <ManufactureItemDescription />
      <UnitQty>יח`</UnitQty>
      <Quantity>270</Quantity>
      <UnitMeasure>גרם</UnitMeasure>
      <BisWeighted>0</BisWeighted>
      <QtyInPackage>1</QtyInPackage>
      <ItemPrice>9.90</ItemPrice>
      <UnitOfMeasurePrice>3.67</UnitOfMeasurePrice>
      <AllowDiscount>1</AllowDiscount>
      <itemStatus>1</itemStatus>
      <LastUpdateDate />
      <LastUpdateTime />
    </Product>
    <Product>
      <PriceUpdateDate>2015/05/27 14:41</PriceUpdateDate>
      <ItemCode>7290011308681</ItemCode>
      <ItemType>1</ItemType>
      <ItemName>קרקר שום ועישבי תיבול 285 גרם</ItemName>
      <ManufactureName>יוניליוור ישראל שיווק בעמ</ManufactureName>
      <ManufactureCountry />
      <ManufactureItemDescription />
      <UnitQty>יח`</UnitQty>
      <Quantity>285</Quantity>
      <UnitMeasure>גרם</UnitMeasure>
      <BisWeighted>0</BisWeighted>
      <QtyInPackage>1</QtyInPackage>
      <ItemPrice>9.90</ItemPrice>
      <UnitOfMeasurePrice>3.47</UnitOfMeasurePrice>
      <AllowDiscount>1</AllowDiscount>
      <itemStatus>1</itemStatus>
      <LastUpdateDate />
      <LastUpdateTime />
    </Product>
    <Product>
      <PriceUpdateDate>2015/12/23 17:29</PriceUpdateDate>
      <ItemCode>7290011378028</ItemCode>
      <ItemType>1</ItemType>
      <ItemName>חלבה בארכה ללא סוכר 350 גר`</ItemName>
      <ManufactureName>קבוצת אסם סחר שות. מוגבלת</ManufactureName>
      <ManufactureCountry />
      <ManufactureItemDescription />
      <UnitQty>יח`</UnitQty>
      <Quantity>350</Quantity>
      <UnitMeasure>גרם</UnitMeasure>
      <BisWeighted>0</BisWeighted>
      <QtyInPackage>1</QtyInPackage>
      <ItemPrice>14.90</ItemPrice>
      <UnitOfMeasurePrice>4.26</UnitOfMeasurePrice>
      <AllowDiscount>0</AllowDiscount>
      <itemStatus>1</itemStatus>
      <LastUpdateDate />
      <LastUpdateTime />
    </Product>
    <Product>
      <PriceUpdateDate>2015/12/23 17:29</PriceUpdateDate>
      <ItemCode>7290011378677</ItemCode>
      <ItemType>1</ItemType>
      <ItemName>חלבה קלאסית שוקו וניל</ItemName>
      <ManufactureName>קבוצת אסם סחר שות. מוגבלת</ManufactureName>
      <ManufactureCountry />
      <ManufactureItemDescription />
      <UnitQty>יח`</UnitQty>
      <Quantity>350</Quantity>
      <UnitMeasure>גרם</UnitMeasure>
      <BisWeighted>0</BisWeighted>
      <QtyInPackage>1</QtyInPackage>
      <ItemPrice>13.90</ItemPrice>
      <UnitOfMeasurePrice>3.97</UnitOfMeasurePrice>
      <AllowDiscount>0</AllowDiscount>
      <itemStatus>1</itemStatus>
      <LastUpdateDate />
      <LastUpdateTime />
    </Product>
    <Product>
      <PriceUpdateDate>2015/12/20 10:39</PriceUpdateDate>
      <ItemCode>7290011378776</ItemCode>
      <ItemType>1</ItemType>
      <ItemName>מאגדת חלבה פיסטוק</ItemName>
      <ManufactureName>קבוצת אסם סחר שות. מוגבלת</ManufactureName>
      <ManufactureCountry />
      <ManufactureItemDescription />
      <UnitQty>יח`</UnitQty>
      <Quantity>1</Quantity>
      <UnitMeasure />
      <BisWeighted>0</BisWeighted>
      <QtyInPackage>1</QtyInPackage>
      <ItemPrice>11.90</ItemPrice>
      <UnitOfMeasurePrice>11.90</UnitOfMeasurePrice>
      <AllowDiscount>0</AllowDiscount>
      <itemStatus>1</itemStatus>
      <LastUpdateDate />
      <LastUpdateTime />
    </Product>
    <Product>
      <PriceUpdateDate>2019/02/03 12:22</PriceUpdateDate>
      <ItemCode>7290011435226</ItemCode>
      <ItemType>1</ItemType>
      <ItemName>דבש מפרחי בר בלחיץ 650 גר`</ItemName>
      <ManufactureName>שטראוס גרופ בעמ</ManufactureName>
      <ManufactureCountry />
      <ManufactureItemDescription />
      <UnitQty>יח`</UnitQty>
      <Quantity>650</Quantity>
      <UnitMeasure>גרם</UnitMeasure>
      <BisWeighted>0</BisWeighted>
      <QtyInPackage>1</QtyInPackage>
      <ItemPrice>34.90</ItemPrice>
      <UnitOfMeasurePrice>5.37</UnitOfMeasurePrice>
      <AllowDiscount>0</AllowDiscount>
      <itemStatus>1</itemStatus>
      <LastUpdateDate />
      <LastUpdateTime />
    </Product>
    <Product>
      <PriceUpdateDate>2013/06/09 16:59</PriceUpdateDate>
      <ItemCode>7290011438142</ItemCode>
      <ItemType>1</ItemType>
      <ItemName>משקה בטעם קפה בקבוק 350</ItemName>
      <ManufactureName>שטראוס גרופ בעמ/מצונן</ManufactureName>
      <ManufactureCountry />
      <ManufactureItemDescription />
      <UnitQty>יח`</UnitQty>
      <Quantity>350</Quantity>
      <UnitMeasure>מ"ל</UnitMeasure>
      <BisWeighted>0</BisWeighted>
      <QtyInPackage>1</QtyInPackage>
      <ItemPrice>6.30</ItemPrice>
      <UnitOfMeasurePrice>1.80</UnitOfMeasurePrice>
      <AllowDiscount>0</AllowDiscount>
      <itemStatus>1</itemStatus>
      <LastUpdateDate />
      <LastUpdateTime />
    </Product>
    <Product>
      <PriceUpdateDate>2015/12/06 11:26</PriceUpdateDate>
      <ItemCode>7290011447120</ItemCode>
      <ItemType>1</ItemType>
      <ItemName>תחליף חלב מהדרין מטרנה (700 גרם)</ItemName>
      <ManufactureName>קבוצת אסם סחר שות. מוגבלת</ManufactureName>
      <ManufactureCountry />
      <ManufactureItemDescription />
      <UnitQty>יח`</UnitQty>
      <Quantity>700</Quantity>
      <UnitMeasure>גרם</UnitMeasure>
      <BisWeighted>0</BisWeighted>
      <QtyInPackage>1</QtyInPackage>
      <ItemPrice>47.90</ItemPrice>
      <UnitOfMeasurePrice>6.84</UnitOfMeasurePrice>
      <AllowDiscount>0</AllowDiscount>
      <itemStatus>1</itemStatus>
      <LastUpdateDate />
      <LastUpdateTime />
    </Product>
    <Product>
      <PriceUpdateDate>2019/05/07 16:23</PriceUpdateDate>
      <ItemCode>7290011447267</ItemCode>
      <ItemType>1</ItemType>
      <ItemName>תחליף חלב שלב 1 חלבי מטרנה (700 גרם)</ItemName>
      <ManufactureName>קבוצת אסם סחר שות. מוגבלת</ManufactureName>
      <ManufactureCountry />
      <ManufactureItemDescription />
      <UnitQty>יח`</UnitQty>
      <Quantity>700</Quantity>
      <UnitMeasure>גרם</UnitMeasure>
      <BisWeighted>0</BisWeighted>
      <QtyInPackage>1</QtyInPackage>
      <ItemPrice>49.90</ItemPrice>
      <UnitOfMeasurePrice>7.13</UnitOfMeasurePrice>
      <AllowDiscount>1</AllowDiscount>
      <itemStatus>1</itemStatus>
      <LastUpdateDate />
      <LastUpdateTime />
    </Product>
    <Product>
      <PriceUpdateDate>2019/05/07 16:23</PriceUpdateDate>
      <ItemCode>7290011447281</ItemCode>
      <ItemType>1</ItemType>
      <ItemName>תחליף חלב שלב 2 חלבי מטרנה (700 גרם)</ItemName>
      <ManufactureName>קבוצת אסם סחר שות. מוגבלת</ManufactureName>
      <ManufactureCountry />
      <ManufactureItemDescription />
      <UnitQty>יח`</UnitQty>
      <Quantity>700</Quantity>
      <UnitMeasure>גרם</UnitMeasure>
      <BisWeighted>0</BisWeighted>
      <QtyInPackage>1</QtyInPackage>
      <ItemPrice>49.90</ItemPrice>
      <UnitOfMeasurePrice>7.13</UnitOfMeasurePrice>
      <AllowDiscount>1</AllowDiscount>
      <itemStatus>1</itemStatus>
      <LastUpdateDate />
      <LastUpdateTime />
    </Product>
    <Product>
      <PriceUpdateDate>2019/05/07 16:23</PriceUpdateDate>
      <ItemCode>7290011447304</ItemCode>
      <ItemType>1</ItemType>
      <ItemName>תחליף חלב שלב 3 חלבי מטרנה (700 גרם)</ItemName>
      <ManufactureName>קבוצת אסם סחר שות. מוגבלת</ManufactureName>
      <ManufactureCountry />
      <ManufactureItemDescription />
      <UnitQty>יח`</UnitQty>
      <Quantity>700</Quantity>
      <UnitMeasure>גרם</UnitMeasure>
      <BisWeighted>0</BisWeighted>
      <QtyInPackage>1</QtyInPackage>
      <ItemPrice>49.90</ItemPrice>
      <UnitOfMeasurePrice>7.13</UnitOfMeasurePrice>
      <AllowDiscount>1</AllowDiscount>
      <itemStatus>1</itemStatus>
      <LastUpdateDate />
      <LastUpdateTime />
    </Product>
    <Product>
      <PriceUpdateDate>2019/05/07 16:23</PriceUpdateDate>
      <ItemCode>7290011447359</ItemCode>
      <ItemType>1</ItemType>
      <ItemName>תחליף חלב שלב 1 מהדרין מטרנה (700 גרם)</ItemName>
      <ManufactureName>קבוצת אסם סחר שות. מוגבלת</ManufactureName>
      <ManufactureCountry />
      <ManufactureItemDescription />
      <UnitQty>יח`</UnitQty>
      <Quantity>700</Quantity>
      <UnitMeasure>גרם</UnitMeasure>
      <BisWeighted>0</BisWeighted>
      <QtyInPackage>1</QtyInPackage>
      <ItemPrice>49.90</ItemPrice>
      <UnitOfMeasurePrice>7.13</UnitOfMeasurePrice>
      <AllowDiscount>1</AllowDiscount>
      <itemStatus>1</itemStatus>
      <LastUpdateDate />
      <LastUpdateTime />
    </Product>
    <Product>
      <PriceUpdateDate>2019/05/07 16:23</PriceUpdateDate>
      <ItemCode>7290011447373</ItemCode>
      <ItemType>1</ItemType>
      <ItemName>תחליף חלב שלב 2 מהדרין מטרנה (700 גרם)</ItemName>
      <ManufactureName>קבוצת אסם סחר שות. מוגבלת</ManufactureName>
      <ManufactureCountry />
      <ManufactureItemDescription />
      <UnitQty>יח`</UnitQty>
      <Quantity>700</Quantity>
      <UnitMeasure>גרם</UnitMeasure>
      <BisWeighted>0</BisWeighted>
      <QtyInPackage>1</QtyInPackage>
      <ItemPrice>49.90</ItemPrice>
      <UnitOfMeasurePrice>7.13</UnitOfMeasurePrice>
      <AllowDiscount>1</AllowDiscount>
      <itemStatus>1</itemStatus>
      <LastUpdateDate />
      <LastUpdateTime />
    </Product>
    <Product>
      <PriceUpdateDate>2015/12/03 19:43</PriceUpdateDate>
      <ItemCode>7290011447748</ItemCode>
      <ItemType>1</ItemType>
      <ItemName>סופרקט דגי ים וירקות 3 קג</ItemName>
      <ManufactureName>דיפלומט היינץ</ManufactureName>
      <ManufactureCountry />
      <ManufactureItemDescription />
      <UnitQty>יח`</UnitQty>
      <Quantity>3</Quantity>
      <UnitMeasure>גרם</UnitMeasure>
      <BisWeighted>0</BisWeighted>
      <QtyInPackage>1</QtyInPackage>
      <ItemPrice>44.90</ItemPrice>
      <UnitOfMeasurePrice>1496.67</UnitOfMeasurePrice>
      <AllowDiscount>1</AllowDiscount>
      <itemStatus>1</itemStatus>
      <LastUpdateDate />
      <LastUpdateTime />
    </Product>
    <Product>
      <PriceUpdateDate>2013/11/13 07:48</PriceUpdateDate>
      <ItemCode>7290011461058</ItemCode>
      <ItemType>1</ItemType>
      <ItemName>דפיוזר מלבני 100ML</ItemName>
      <ManufactureName>מוסקו בעמ</ManufactureName>
      <ManufactureCountry />
      <ManufactureItemDescription />
      <UnitQty>יח`</UnitQty>
      <Quantity>1</Quantity>
      <UnitMeasure />
      <BisWeighted>0</BisWeighted>
      <QtyInPackage>1</QtyInPackage>
      <ItemPrice>19.90</ItemPrice>
      <UnitOfMeasurePrice>19.90</UnitOfMeasurePrice>
      <AllowDiscount>0</AllowDiscount>
      <itemStatus>1</itemStatus>
      <LastUpdateDate />
      <LastUpdateTime />
    </Product>
    <Product>
      <PriceUpdateDate>2018/10/10 11:10</PriceUpdateDate>
      <ItemCode>7290011499105</ItemCode>
      <ItemType>1</ItemType>
      <ItemName>גבינה בולגרית 5% גד (250 גרם)</ItemName>
      <ManufactureName>מחלבות גד שיווק 1992 בעמ</ManufactureName>
      <ManufactureCountry />
      <ManufactureItemDescription />
      <UnitQty>יח`</UnitQty>
      <Quantity>250</Quantity>
      <UnitMeasure>גרם</UnitMeasure>
      <BisWeighted>0</BisWeighted>
      <QtyInPackage>1</QtyInPackage>
      <ItemPrice>23.90</ItemPrice>
      <UnitOfMeasurePrice>9.56</UnitOfMeasurePrice>
      <AllowDiscount>0</AllowDiscount>
      <itemStatus>1</itemStatus>
      <LastUpdateDate />
      <LastUpdateTime />
    </Product>
    <Product>
      <PriceUpdateDate>2018/10/10 11:10</PriceUpdateDate>
      <ItemCode>7290011499112</ItemCode>
      <ItemType>1</ItemType>
      <ItemName>גבינה בולגרית 16% גד (250 גרם)</ItemName>
      <ManufactureName>מחלבות גד שיווק 1992 בעמ</ManufactureName>
      <ManufactureCountry />
      <ManufactureItemDescription />
      <UnitQty>יח`</UnitQty>
      <Quantity>250</Quantity>
      <UnitMeasure>גרם</UnitMeasure>
      <BisWeighted>0</BisWeighted>
      <QtyInPackage>1</QtyInPackage>
      <ItemPrice>23.90</ItemPrice>
      <UnitOfMeasurePrice>9.56</UnitOfMeasurePrice>
      <AllowDiscount>0</AllowDiscount>
      <itemStatus>1</itemStatus>
      <LastUpdateDate />
      <LastUpdateTime />
    </Product>
    <Product>
      <PriceUpdateDate>2018/10/10 11:10</PriceUpdateDate>
      <ItemCode>7290011499129</ItemCode>
      <ItemType>1</ItemType>
      <ItemName>בולגרית לסלט 5% 200 גר`</ItemName>
      <ManufactureName>מחלבות גד שיווק 1992 בעמ</ManufactureName>
      <ManufactureCountry />
      <ManufactureItemDescription />
      <UnitQty>יח`</UnitQty>
      <Quantity>200</Quantity>
      <UnitMeasure>גרם</UnitMeasure>
      <BisWeighted>0</BisWeighted>
      <QtyInPackage>1</QtyInPackage>
      <ItemPrice>21.90</ItemPrice>
      <UnitOfMeasurePrice>10.95</UnitOfMeasurePrice>
      <AllowDiscount>0</AllowDiscount>
      <itemStatus>1</itemStatus>
      <LastUpdateDate />
      <LastUpdateTime />
    </Product>
    <Product>
      <PriceUpdateDate>2018/10/10 11:10</PriceUpdateDate>
      <ItemCode>7290011499327</ItemCode>
      <ItemType>1</ItemType>
      <ItemName>גבינה בולגרית מעודנת 5% גד (250 גרם)</ItemName>
      <ManufactureName>מחלבות גד שיווק 1992 בעמ</ManufactureName>
      <ManufactureCountry />
      <ManufactureItemDescription />
      <UnitQty>יח`</UnitQty>
      <Quantity>250</Quantity>
      <UnitMeasure>גרם</UnitMeasure>
      <BisWeighted>0</BisWeighted>
      <QtyInPackage>1</QtyInPackage>
      <ItemPrice>23.90</ItemPrice>
      <UnitOfMeasurePrice>9.56</UnitOfMeasurePrice>
      <AllowDiscount>1</AllowDiscount>
      <itemStatus>1</itemStatus>
      <LastUpdateDate />
      <LastUpdateTime />
    </Product>
    <Product>
      <PriceUpdateDate>2018/10/10 11:10</PriceUpdateDate>
      <ItemCode>7290011499358</ItemCode>
      <ItemType>1</ItemType>
      <ItemName>גבינה פטה עיזים 20% גד (200 גרם)</ItemName>
      <ManufactureName>מחלבות גד שיווק 1992 בעמ</ManufactureName>
      <ManufactureCountry />
      <ManufactureItemDescription />
      <UnitQty>יח`</UnitQty>
      <Quantity>200</Quantity>
      <UnitMeasure>גרם</UnitMeasure>
      <BisWeighted>0</BisWeighted>
      <QtyInPackage>1</QtyInPackage>
      <ItemPrice>26.90</ItemPrice>
      <UnitOfMeasurePrice>13.45</UnitOfMeasurePrice>
      <AllowDiscount>0</AllowDiscount>
      <itemStatus>1</itemStatus>
      <LastUpdateDate />
      <LastUpdateTime />
    </Product>
    <Product>
      <PriceUpdateDate>2018/10/10 11:10</PriceUpdateDate>
      <ItemCode>7290011499365</ItemCode>
      <ItemType>1</ItemType>
      <ItemName>גבינת חלומי 24% מחלב בקר גד (200 גרם)</ItemName>
      <ManufactureName>מחלבות גד שיווק 1992 בעמ</ManufactureName>
      <ManufactureCountry />
      <ManufactureItemDescription />
      <UnitQty>יח`</UnitQty>
      <Quantity>200</Quantity>
      <UnitMeasure>גרם</UnitMeasure>
      <BisWeighted>0</BisWeighted>
      <QtyInPackage>1</QtyInPackage>
      <ItemPrice>21.90</ItemPrice>
      <UnitOfMeasurePrice>10.95</UnitOfMeasurePrice>
      <AllowDiscount>0</AllowDiscount>
      <itemStatus>1</itemStatus>
      <LastUpdateDate />
      <LastUpdateTime />
    </Product>
    <Product>
      <PriceUpdateDate>2018/10/10 11:10</PriceUpdateDate>
      <ItemCode>7290011499525</ItemCode>
      <ItemType>1</ItemType>
      <ItemName>לאבנה דרוזית 9% גד (500 גרם)</ItemName>
      <ManufactureName>מחלבות גד שיווק 1992 בעמ</ManufactureName>
      <ManufactureCountry />
      <ManufactureItemDescription />
      <UnitQty>יח`</UnitQty>
      <Quantity>500</Quantity>
      <UnitMeasure>גרם</UnitMeasure>
      <BisWeighted>0</BisWeighted>
      <QtyInPackage>1</QtyInPackage>
      <ItemPrice>19.90</ItemPrice>
      <UnitOfMeasurePrice>3.98</UnitOfMeasurePrice>
      <AllowDiscount>0</AllowDiscount>
      <itemStatus>1</itemStatus>
      <LastUpdateDate />
      <LastUpdateTime />
    </Product>
    <Product>
      <PriceUpdateDate>2015/04/30 11:15</PriceUpdateDate>
      <ItemCode>7290011499624</ItemCode>
      <ItemType>1</ItemType>
      <ItemName>גבינת שמנת 30% 200 גר` גד</ItemName>
      <ManufactureName>מחלבות גד שיווק 1992 בעמ</ManufactureName>
      <ManufactureCountry />
      <ManufactureItemDescription />
      <UnitQty>יח`</UnitQty>
      <Quantity>200</Quantity>
      <UnitMeasure>גרם</UnitMeasure>
      <BisWeighted>0</BisWeighted>
      <QtyInPackage>1</QtyInPackage>
      <ItemPrice>12.90</ItemPrice>
      <UnitOfMeasurePrice>6.45</UnitOfMeasurePrice>
      <AllowDiscount>0</AllowDiscount>
      <itemStatus>1</itemStatus>
      <LastUpdateDate />
      <LastUpdateTime />
    </Product>
    <Product>
      <PriceUpdateDate>2015/04/30 11:15</PriceUpdateDate>
      <ItemCode>7290011499631</ItemCode>
      <ItemType>1</ItemType>
      <ItemName>גבינת ניו יורק 30% שום שמיר גד</ItemName>
      <ManufactureName>מחלבות גד שיווק 1992 בעמ</ManufactureName>
      <ManufactureCountry />
      <ManufactureItemDescription />
      <UnitQty>יח`</UnitQty>
      <Quantity>200</Quantity>
      <UnitMeasure>גרם</UnitMeasure>
      <BisWeighted>0</BisWeighted>
      <QtyInPackage>1</QtyInPackage>
      <ItemPrice>12.90</ItemPrice>
      <UnitOfMeasurePrice>6.45</UnitOfMeasurePrice>
      <AllowDiscount>0</AllowDiscount>
      <itemStatus>1</itemStatus>
      <LastUpdateDate />
      <LastUpdateTime />
    </Product>
    <Product>
      <PriceUpdateDate>2018/10/10 11:10</PriceUpdateDate>
      <ItemCode>7290011499686</ItemCode>
      <ItemType>1</ItemType>
      <ItemName>צפתית מיני 350 גר`</ItemName>
      <ManufactureName>מחלבות גד שיווק 1992 בעמ</ManufactureName>
      <ManufactureCountry />
      <ManufactureItemDescription />
      <UnitQty>יח`</UnitQty>
      <Quantity>350</Quantity>
      <UnitMeasure>גרם</UnitMeasure>
      <BisWeighted>0</BisWeighted>
      <QtyInPackage>1</QtyInPackage>
      <ItemPrice>21.90</ItemPrice>
      <UnitOfMeasurePrice>6.26</UnitOfMeasurePrice>
      <AllowDiscount>0</AllowDiscount>
      <itemStatus>1</itemStatus>
      <LastUpdateDate />
      <LastUpdateTime />
    </Product>
    <Product>
      <PriceUpdateDate>2018/10/10 11:10</PriceUpdateDate>
      <ItemCode>7290011499846</ItemCode>
      <ItemType>1</ItemType>
      <ItemName>גבינת ריקוטה פרסקה 9% גד (300 גרם)</ItemName>
      <ManufactureName>מחלבות גד שיווק 1992 בעמ</ManufactureName>
      <ManufactureCountry />
      <ManufactureItemDescription />
      <UnitQty>יח`</UnitQty>
      <Quantity>300</Quantity>
      <UnitMeasure>גרם</UnitMeasure>
      <BisWeighted>0</BisWeighted>
      <QtyInPackage>1</QtyInPackage>
      <ItemPrice>17.90</ItemPrice>
      <UnitOfMeasurePrice>5.97</UnitOfMeasurePrice>
      <AllowDiscount>1</AllowDiscount>
      <itemStatus>1</itemStatus>
      <LastUpdateDate />
      <LastUpdateTime />
    </Product>
    <Product>
      <PriceUpdateDate>2016/10/30 11:20</PriceUpdateDate>
      <ItemCode>7290011501228</ItemCode>
      <ItemType>1</ItemType>
      <ItemName>אגוזים קלופים המותג (200 גרם)</ItemName>
      <ManufactureName>דין שיווק - המותג</ManufactureName>
      <ManufactureCountry />
      <ManufactureItemDescription />
      <UnitQty>יח`</UnitQty>
      <Quantity>200</Quantity>
      <UnitMeasure>גרם</UnitMeasure>
      <BisWeighted>0</BisWeighted>
      <QtyInPackage>1</QtyInPackage>
      <ItemPrice>19.90</ItemPrice>
      <UnitOfMeasurePrice>9.95</UnitOfMeasurePrice>
      <AllowDiscount>0</AllowDiscount>
      <itemStatus>1</itemStatus>
      <LastUpdateDate />
      <LastUpdateTime />
    </Product>
    <Product>
      <PriceUpdateDate>2018/02/05 11:52</PriceUpdateDate>
      <ItemCode>7290011501396</ItemCode>
      <ItemType>1</ItemType>
      <ItemName>בננה צ`יפס המותג (200 גרם)</ItemName>
      <ManufactureName>דין שיווק - המותג</ManufactureName>
      <ManufactureCountry />
      <ManufactureItemDescription />
      <UnitQty>יח`</UnitQty>
      <Quantity>200</Quantity>
      <UnitMeasure>גרם</UnitMeasure>
      <BisWeighted>0</BisWeighted>
      <QtyInPackage>1</QtyInPackage>
      <ItemPrice>6.90</ItemPrice>
      <UnitOfMeasurePrice>3.45</UnitOfMeasurePrice>
      <AllowDiscount>0</AllowDiscount>
      <itemStatus>1</itemStatus>
      <LastUpdateDate />
      <LastUpdateTime />
    </Product>
    <Product>
      <PriceUpdateDate>2019/12/23 12:16</PriceUpdateDate>
      <ItemCode>7290011501617</ItemCode>
      <ItemType>1</ItemType>
      <ItemName>חמוציות דל סוכר שקדיה (250 גרם)</ItemName>
      <ManufactureName>דין שיווק וקליה בעמ</ManufactureName>
      <ManufactureCountry />
      <ManufactureItemDescription />
      <UnitQty>יח`</UnitQty>
      <Quantity>250</Quantity>
      <UnitMeasure>גרם</UnitMeasure>
      <BisWeighted>0</BisWeighted>
      <QtyInPackage>1</QtyInPackage>
      <ItemPrice>14.90</ItemPrice>
      <UnitOfMeasurePrice>5.96</UnitOfMeasurePrice>
      <AllowDiscount>0</AllowDiscount>
      <itemStatus>1</itemStatus>
      <LastUpdateDate />
      <LastUpdateTime />
    </Product>
    <Product>
      <PriceUpdateDate>2019/02/03 12:24</PriceUpdateDate>
      <ItemCode>7290011518561</ItemCode>
      <ItemType>1</ItemType>
      <ItemName>אקטימל בטעם תות דנונה (100x14 מל)</ItemName>
      <ManufactureName>שטראוס גרופ בעמ/מצונן</ManufactureName>
      <ManufactureCountry />
      <ManufactureItemDescription />
      <UnitQty>יח`</UnitQty>
      <Quantity>1.40</Quantity>
      <UnitMeasure>1 ליטר</UnitMeasure>
      <BisWeighted>0</BisWeighted>
      <QtyInPackage>1</QtyInPackage>
      <ItemPrice>29.90</ItemPrice>
      <UnitOfMeasurePrice>21.36</UnitOfMeasurePrice>
      <AllowDiscount>0</AllowDiscount>
      <itemStatus>1</itemStatus>
      <LastUpdateDate />
      <LastUpdateTime />
    </Product>
    <Product>
      <PriceUpdateDate>2019/02/26 10:03</PriceUpdateDate>
      <ItemCode>7290011524548</ItemCode>
      <ItemType>1</ItemType>
      <ItemName>גרגרי חומוס מוקפאים 800 גר` פרי גליל</ItemName>
      <ManufactureName>ויטה -פרי גליל (החדשה) בעמ</ManufactureName>
      <ManufactureCountry />
      <ManufactureItemDescription />
      <UnitQty>יח`</UnitQty>
      <Quantity>800</Quantity>
      <UnitMeasure>גרם</UnitMeasure>
      <BisWeighted>0</BisWeighted>
      <QtyInPackage>1</QtyInPackage>
      <ItemPrice>9.90</ItemPrice>
      <UnitOfMeasurePrice>1.24</UnitOfMeasurePrice>
      <AllowDiscount>0</AllowDiscount>
      <itemStatus>1</itemStatus>
      <LastUpdateDate />
      <LastUpdateTime />
    </Product>
    <Product>
      <PriceUpdateDate>2019/02/26 10:03</PriceUpdateDate>
      <ItemCode>7290011524555</ItemCode>
      <ItemType>1</ItemType>
      <ItemName>שעועית לבנה מבושלת קפוא 800 גר` פרי גליל</ItemName>
      <ManufactureName>ויטה -פרי גליל (החדשה) בעמ</ManufactureName>
      <ManufactureCountry />
      <ManufactureItemDescription />
      <UnitQty>יח`</UnitQty>
      <Quantity>800</Quantity>
      <UnitMeasure>גרם</UnitMeasure>
      <BisWeighted>0</BisWeighted>
      <QtyInPackage>1</QtyInPackage>
      <ItemPrice>9.90</ItemPrice>
      <UnitOfMeasurePrice>1.24</UnitOfMeasurePrice>
      <AllowDiscount>0</AllowDiscount>
      <itemStatus>1</itemStatus>
      <LastUpdateDate />
      <LastUpdateTime />
    </Product>
    <Product>
      <PriceUpdateDate>2019/02/17 11:37</PriceUpdateDate>
      <ItemCode>7290011525323</ItemCode>
      <ItemType>1</ItemType>
      <ItemName>קמיל בלו סנסיטיב אל סבון שיבולית שועל 50</ItemName>
      <ManufactureName>פישר תעשיות פרמצבטיות בעמ</ManufactureName>
      <ManufactureCountry />
      <ManufactureItemDescription />
      <UnitQty>יח`</UnitQty>
      <Quantity>1</Quantity>
      <UnitMeasure />
      <BisWeighted>0</BisWeighted>
      <QtyInPackage>1</QtyInPackage>
      <ItemPrice>21.90</ItemPrice>
      <UnitOfMeasurePrice>21.90</UnitOfMeasurePrice>
      <AllowDiscount>0</AllowDiscount>
      <itemStatus>1</itemStatus>
      <LastUpdateDate />
      <LastUpdateTime />
    </Product>
    <Product>
      <PriceUpdateDate>2014/10/21 08:31</PriceUpdateDate>
      <ItemCode>7290011570132</ItemCode>
      <ItemType>1</ItemType>
      <ItemName>קמח ללא גלוטן גלעם (1 קג)</ItemName>
      <ManufactureName>תומר יבוא ושיווק מוצרי מזון (1</ManufactureName>
      <ManufactureCountry />
      <ManufactureItemDescription />
      <UnitQty>יח`</UnitQty>
      <Quantity>1000</Quantity>
      <UnitMeasure>גרם</UnitMeasure>
      <BisWeighted>0</BisWeighted>
      <QtyInPackage>1</QtyInPackage>
      <ItemPrice>4.90</ItemPrice>
      <UnitOfMeasurePrice>0.49</UnitOfMeasurePrice>
      <AllowDiscount>0</AllowDiscount>
      <itemStatus>1</itemStatus>
      <LastUpdateDate />
      <LastUpdateTime />
    </Product>
    <Product>
      <PriceUpdateDate>2014/10/29 08:27</PriceUpdateDate>
      <ItemCode>7290011570507</ItemCode>
      <ItemType>1</ItemType>
      <ItemName>קמח נטול גלוטן-כרגיל  קונדיטור</ItemName>
      <ManufactureName>תומר יבוא ושיווק מוצרי מזון (1</ManufactureName>
      <ManufactureCountry />
      <ManufactureItemDescription />
      <UnitQty>יח`</UnitQty>
      <Quantity>450</Quantity>
      <UnitMeasure>גרם</UnitMeasure>
      <BisWeighted>0</BisWeighted>
      <QtyInPackage>1</QtyInPackage>
      <ItemPrice>15.90</ItemPrice>
      <UnitOfMeasurePrice>3.53</UnitOfMeasurePrice>
      <AllowDiscount>0</AllowDiscount>
      <itemStatus>1</itemStatus>
      <LastUpdateDate />
      <LastUpdateTime />
    </Product>
    <Product>
      <PriceUpdateDate>2015/07/19 09:04</PriceUpdateDate>
      <ItemCode>7290011570644</ItemCode>
      <ItemType>1</ItemType>
      <ItemName>קמח כרגיל  ללחם- ללא גלוטן</ItemName>
      <ManufactureName>תומר יבוא ושיווק מוצרי מזון (1</ManufactureName>
      <ManufactureCountry />
      <ManufactureItemDescription />
      <UnitQty>יח`</UnitQty>
      <Quantity>500</Quantity>
      <UnitMeasure>גרם</UnitMeasure>
      <BisWeighted>0</BisWeighted>
      <QtyInPackage>1</QtyInPackage>
      <ItemPrice>15.90</ItemPrice>
      <UnitOfMeasurePrice>3.18</UnitOfMeasurePrice>
      <AllowDiscount>0</AllowDiscount>
      <itemStatus>1</itemStatus>
      <LastUpdateDate />
      <LastUpdateTime />
    </Product>
    <Product>
      <PriceUpdateDate>2016/11/13 12:37</PriceUpdateDate>
      <ItemCode>7290011570781</ItemCode>
      <ItemType>1</ItemType>
      <ItemName>קמח נטול גלוטן-כרגיל  עוגה בטעם וניל 450</ItemName>
      <ManufactureName>תומר יבוא ושיווק מוצרי מזון (1</ManufactureName>
      <ManufactureCountry />
      <ManufactureItemDescription />
      <UnitQty>יח`</UnitQty>
      <Quantity>450</Quantity>
      <UnitMeasure>גרם</UnitMeasure>
      <BisWeighted>0</BisWeighted>
      <QtyInPackage>1</QtyInPackage>
      <ItemPrice>15.90</ItemPrice>
      <UnitOfMeasurePrice>3.53</UnitOfMeasurePrice>
      <AllowDiscount>0</AllowDiscount>
      <itemStatus>1</itemStatus>
      <LastUpdateDate />
      <LastUpdateTime />
    </Product>
    <Product>
      <PriceUpdateDate>2018/07/25 17:26</PriceUpdateDate>
      <ItemCode>7290011570934</ItemCode>
      <ItemType>1</ItemType>
      <ItemName>קמח נטול גלוטן-כרגיל  פנקייק 450 גר</ItemName>
      <ManufactureName>תומר יבוא ושיווק מוצרי מזון (1</ManufactureName>
      <ManufactureCountry />
      <ManufactureItemDescription />
      <UnitQty>יח`</UnitQty>
      <Quantity>450</Quantity>
      <UnitMeasure>גרם</UnitMeasure>
      <BisWeighted>0</BisWeighted>
      <QtyInPackage>1</QtyInPackage>
      <ItemPrice>15.90</ItemPrice>
      <UnitOfMeasurePrice>3.53</UnitOfMeasurePrice>
      <AllowDiscount>0</AllowDiscount>
      <itemStatus>1</itemStatus>
      <LastUpdateDate />
      <LastUpdateTime />
    </Product>
    <Product>
      <PriceUpdateDate>2020/01/14 17:55</PriceUpdateDate>
      <ItemCode>7290011587093</ItemCode>
      <ItemType>1</ItemType>
      <ItemName>תירס גמדי תומר (420 גרם)</ItemName>
      <ManufactureName>תומר יבוא ושיווק מוצרי מזון (1</ManufactureName>
      <ManufactureCountry />
      <ManufactureItemDescription />
      <UnitQty>יח`</UnitQty>
      <Quantity>400</Quantity>
      <UnitMeasure>גרם</UnitMeasure>
      <BisWeighted>0</BisWeighted>
      <QtyInPackage>1</QtyInPackage>
      <ItemPrice>3.90</ItemPrice>
      <UnitOfMeasurePrice>0.98</UnitOfMeasurePrice>
      <AllowDiscount>0</AllowDiscount>
      <itemStatus>1</itemStatus>
      <LastUpdateDate />
      <LastUpdateTime />
    </Product>
    <Product>
      <PriceUpdateDate>2015/12/01 15:29</PriceUpdateDate>
      <ItemCode>7290011587598</ItemCode>
      <ItemType>1</ItemType>
      <ItemName>פילה אנשובי בשמן תומר (45 גרם)</ItemName>
      <ManufactureName>תומר יבוא ושיווק מוצרי מזון (1</ManufactureName>
      <ManufactureCountry />
      <ManufactureItemDescription />
      <UnitQty>יח`</UnitQty>
      <Quantity>45</Quantity>
      <UnitMeasure>גרם</UnitMeasure>
      <BisWeighted>0</BisWeighted>
      <QtyInPackage>1</QtyInPackage>
      <ItemPrice>5.90</ItemPrice>
      <UnitOfMeasurePrice>13.11</UnitOfMeasurePrice>
      <AllowDiscount>0</AllowDiscount>
      <itemStatus>1</itemStatus>
      <LastUpdateDate />
      <LastUpdateTime />
    </Product>
    <Product>
      <PriceUpdateDate>2020/01/14 17:55</PriceUpdateDate>
      <ItemCode>7290011587611</ItemCode>
      <ItemType>1</ItemType>
      <ItemName>מקרל מרוקאי בשמן</ItemName>
      <ManufactureName>תומר יבוא ושיווק מוצרי מזון (1</ManufactureName>
      <ManufactureCountry />
      <ManufactureItemDescription />
      <UnitQty>יח`</UnitQty>
      <Quantity>125</Quantity>
      <UnitMeasure>גרם</UnitMeasure>
      <BisWeighted>0</BisWeighted>
      <QtyInPackage>1</QtyInPackage>
      <ItemPrice>3.90</ItemPrice>
      <UnitOfMeasurePrice>3.12</UnitOfMeasurePrice>
      <AllowDiscount>0</AllowDiscount>
      <itemStatus>1</itemStatus>
      <LastUpdateDate />
      <LastUpdateTime />
    </Product>
    <Product>
      <PriceUpdateDate>2020/01/12 12:34</PriceUpdateDate>
      <ItemCode>7290011593117</ItemCode>
      <ItemType>1</ItemType>
      <ItemName>זיתים סורי ירוק מבוקע 800 גר` סבא חביב</ItemName>
      <ManufactureName>אבאל יזמות בעמ</ManufactureName>
      <ManufactureCountry />
      <ManufactureItemDescription />
      <UnitQty>יח`</UnitQty>
      <Quantity>800</Quantity>
      <UnitMeasure>גרם</UnitMeasure>
      <BisWeighted>0</BisWeighted>
      <QtyInPackage>1</QtyInPackage>
      <ItemPrice>19.90</ItemPrice>
      <UnitOfMeasurePrice>2.49</UnitOfMeasurePrice>
      <AllowDiscount>1</AllowDiscount>
      <itemStatus>1</itemStatus>
      <LastUpdateDate />
      <LastUpdateTime />
    </Product>
    <Product>
      <PriceUpdateDate>2018/01/10 11:24</PriceUpdateDate>
      <ItemCode>7290011598211</ItemCode>
      <ItemType>1</ItemType>
      <ItemName>סנו אנטי קאלק 4ב1 700 מל</ItemName>
      <ManufactureName>החברה הדרומית לשיווק בעמ</ManufactureName>
      <ManufactureCountry />
      <ManufactureItemDescription />
      <UnitQty>יח`</UnitQty>
      <Quantity>700</Quantity>
      <UnitMeasure>מ"ל</UnitMeasure>
      <BisWeighted>0</BisWeighted>
      <QtyInPackage>1</QtyInPackage>
      <ItemPrice>19.90</ItemPrice>
      <UnitOfMeasurePrice>2.84</UnitOfMeasurePrice>
      <AllowDiscount>1</AllowDiscount>
      <itemStatus>1</itemStatus>
      <LastUpdateDate />
      <LastUpdateTime />
    </Product>
    <Product>
      <PriceUpdateDate>2018/01/10 11:24</PriceUpdateDate>
      <ItemCode>7290011598372</ItemCode>
      <ItemType>1</ItemType>
      <ItemName>מטלית רצפה מיקרופייבר סנו סושי</ItemName>
      <ManufactureName>החברה הדרומית לשיווק בעמ</ManufactureName>
      <ManufactureCountry />
      <ManufactureItemDescription />
      <UnitQty>יח`</UnitQty>
      <Quantity>1</Quantity>
      <UnitMeasure>יח`</UnitMeasure>
      <BisWeighted>0</BisWeighted>
      <QtyInPackage>1</QtyInPackage>
      <ItemPrice>11.90</ItemPrice>
      <UnitOfMeasurePrice>11.90</UnitOfMeasurePrice>
      <AllowDiscount>0</AllowDiscount>
      <itemStatus>1</itemStatus>
      <LastUpdateDate />
      <LastUpdateTime />
    </Product>
    <Product>
      <PriceUpdateDate>2019/02/03 12:17</PriceUpdateDate>
      <ItemCode>7290011598402</ItemCode>
      <ItemType>1</ItemType>
      <ItemName>סנו מקסימה 4 ליטר ורוד</ItemName>
      <ManufactureName>החברה הדרומית לשיווק בעמ</ManufactureName>
      <ManufactureCountry />
      <ManufactureItemDescription />
      <UnitQty>יח`</UnitQty>
      <Quantity>4</Quantity>
      <UnitMeasure>1 ליטר</UnitMeasure>
      <BisWeighted>0</BisWeighted>
      <QtyInPackage>1</QtyInPackage>
      <ItemPrice>19.90</ItemPrice>
      <UnitOfMeasurePrice>4.98</UnitOfMeasurePrice>
      <AllowDiscount>0</AllowDiscount>
      <itemStatus>1</itemStatus>
      <LastUpdateDate />
      <LastUpdateTime />
    </Product>
    <Product>
      <PriceUpdateDate>2015/12/02 13:35</PriceUpdateDate>
      <ItemCode>7290011607180</ItemCode>
      <ItemType>1</ItemType>
      <ItemName>קולון 1.25 קג 101 כתמים</ItemName>
      <ManufactureName>רקיט בנקיזר (ניר איסט) בעמ</ManufactureName>
      <ManufactureCountry />
      <ManufactureItemDescription />
      <UnitQty>יח`</UnitQty>
      <Quantity>1.25</Quantity>
      <UnitMeasure>ק"ג</UnitMeasure>
      <BisWeighted>0</BisWeighted>
      <QtyInPackage>1</QtyInPackage>
      <ItemPrice>19.90</ItemPrice>
      <UnitOfMeasurePrice>15.92</UnitOfMeasurePrice>
      <AllowDiscount>1</AllowDiscount>
      <itemStatus>1</itemStatus>
      <LastUpdateDate />
      <LastUpdateTime />
    </Product>
    <Product>
      <PriceUpdateDate>2018/02/05 11:52</PriceUpdateDate>
      <ItemCode>7290011618124</ItemCode>
      <ItemType>1</ItemType>
      <ItemName>בייבי ביס בטעם ירקות</ItemName>
      <ManufactureName>דנשר (1963) בעמ</ManufactureName>
      <ManufactureCountry />
      <ManufactureItemDescription />
      <UnitQty>יח`</UnitQty>
      <Quantity>50</Quantity>
      <UnitMeasure>גרם</UnitMeasure>
      <BisWeighted>0</BisWeighted>
      <QtyInPackage>1</QtyInPackage>
      <ItemPrice>13.90</ItemPrice>
      <UnitOfMeasurePrice>27.80</UnitOfMeasurePrice>
      <AllowDiscount>0</AllowDiscount>
      <itemStatus>1</itemStatus>
      <LastUpdateDate />
      <LastUpdateTime />
    </Product>
    <Product>
      <PriceUpdateDate>2015/12/01 15:22</PriceUpdateDate>
      <ItemCode>7290011618162</ItemCode>
      <ItemType>1</ItemType>
      <ItemName>שכבות ביסקויט ושוקולד במילוי MOOI מואי</ItemName>
      <ManufactureName>דנשר (1963) בעמ</ManufactureName>
      <ManufactureCountry />
      <ManufactureItemDescription />
      <UnitQty>יח`</UnitQty>
      <Quantity>180</Quantity>
      <UnitMeasure>גרם</UnitMeasure>
      <BisWeighted>0</BisWeighted>
      <QtyInPackage>1</QtyInPackage>
      <ItemPrice>17.90</ItemPrice>
      <UnitOfMeasurePrice>9.94</UnitOfMeasurePrice>
      <AllowDiscount>1</AllowDiscount>
      <itemStatus>1</itemStatus>
      <LastUpdateDate />
      <LastUpdateTime />
    </Product>
    <Product>
      <PriceUpdateDate>2015/12/01 15:22</PriceUpdateDate>
      <ItemCode>7290011618216</ItemCode>
      <ItemType>1</ItemType>
      <ItemName>נגיסי אורז לתינוק בטעם בננה</ItemName>
      <ManufactureName>דנשר (1963) בעמ</ManufactureName>
      <ManufactureCountry />
      <ManufactureItemDescription />
      <UnitQty>יח`</UnitQty>
      <Quantity>50</Quantity>
      <UnitMeasure>גרם</UnitMeasure>
      <BisWeighted>0</BisWeighted>
      <QtyInPackage>1</QtyInPackage>
      <ItemPrice>13.90</ItemPrice>
      <UnitOfMeasurePrice>27.80</UnitOfMeasurePrice>
      <AllowDiscount>0</AllowDiscount>
      <itemStatus>1</itemStatus>
      <LastUpdateDate />
      <LastUpdateTime />
    </Product>
    <Product>
      <PriceUpdateDate>2016/01/08 08:20</PriceUpdateDate>
      <ItemCode>7290011668570</ItemCode>
      <ItemType>1</ItemType>
      <ItemName>גרנולה פירות יבשים 500 גר פנינה רוזנבלום</ItemName>
      <ManufactureName>פנינה רוזנבלום בעמ</ManufactureName>
      <ManufactureCountry />
      <ManufactureItemDescription />
      <UnitQty>יח`</UnitQty>
      <Quantity>500</Quantity>
      <UnitMeasure>גרם</UnitMeasure>
      <BisWeighted>0</BisWeighted>
      <QtyInPackage>1</QtyInPackage>
      <ItemPrice>29.90</ItemPrice>
      <UnitOfMeasurePrice>5.98</UnitOfMeasurePrice>
      <AllowDiscount>1</AllowDiscount>
      <itemStatus>1</itemStatus>
      <LastUpdateDate />
      <LastUpdateTime />
    </Product>
    <Product>
      <PriceUpdateDate>2016/01/08 08:20</PriceUpdateDate>
      <ItemCode>7290011668587</ItemCode>
      <ItemType>1</ItemType>
      <ItemName>גרנולה טעם עשיר 500 גר` פנינה רוזנבלום</ItemName>
      <ManufactureName>פנינה רוזנבלום בעמ</ManufactureName>
      <ManufactureCountry />
      <ManufactureItemDescription />
      <UnitQty>יח`</UnitQty>
      <Quantity>500</Quantity>
      <UnitMeasure>גרם</UnitMeasure>
      <BisWeighted>0</BisWeighted>
      <QtyInPackage>1</QtyInPackage>
      <ItemPrice>29.90</ItemPrice>
      <UnitOfMeasurePrice>5.98</UnitOfMeasurePrice>
      <AllowDiscount>1</AllowDiscount>
      <itemStatus>1</itemStatus>
      <LastUpdateDate />
      <LastUpdateTime />
    </Product>
    <Product>
      <PriceUpdateDate>2015/05/27 14:08</PriceUpdateDate>
      <ItemCode>7290011743833</ItemCode>
      <ItemType>1</ItemType>
      <ItemName>משחת שיניים פרונאמל סנסודיין (75 מל)</ItemName>
      <ManufactureName>גורי ע.ע.ע בעמ</ManufactureName>
      <ManufactureCountry />
      <ManufactureItemDescription />
      <UnitQty>יח`</UnitQty>
      <Quantity>75</Quantity>
      <UnitMeasure>גרם</UnitMeasure>
      <BisWeighted>0</BisWeighted>
      <QtyInPackage>1</QtyInPackage>
      <ItemPrice>19.90</ItemPrice>
      <UnitOfMeasurePrice>26.53</UnitOfMeasurePrice>
      <AllowDiscount>0</AllowDiscount>
      <itemStatus>1</itemStatus>
      <LastUpdateDate />
      <LastUpdateTime />
    </Product>
    <Product>
      <PriceUpdateDate>2019/04/07 15:48</PriceUpdateDate>
      <ItemCode>7290011765316</ItemCode>
      <ItemType>1</ItemType>
      <ItemName>מברשת פלוס שעון לילדים 4-8 אורביטול</ItemName>
      <ManufactureName>החברה הדרומית לשיווק בעמ</ManufactureName>
      <ManufactureCountry />
      <ManufactureItemDescription />
      <UnitQty>יח`</UnitQty>
      <Quantity>1</Quantity>
      <UnitMeasure />
      <BisWeighted>0</BisWeighted>
      <QtyInPackage>1</QtyInPackage>
      <ItemPrice>9.90</ItemPrice>
      <UnitOfMeasurePrice>9.90</UnitOfMeasurePrice>
      <AllowDiscount>0</AllowDiscount>
      <itemStatus>1</itemStatus>
      <LastUpdateDate />
      <LastUpdateTime />
    </Product>
    <Product>
      <PriceUpdateDate>2015/06/16 15:37</PriceUpdateDate>
      <ItemCode>7290011800642</ItemCode>
      <ItemType>1</ItemType>
      <ItemName>מטבוחה מרוקאית רפי כהן צבר (400 גרם)</ItemName>
      <ManufactureName>קבוצת אסם סחר שות. מוגבלת</ManufactureName>
      <ManufactureCountry />
      <ManufactureItemDescription />
      <UnitQty>יח`</UnitQty>
      <Quantity>400</Quantity>
      <UnitMeasure>גרם</UnitMeasure>
      <BisWeighted>0</BisWeighted>
      <QtyInPackage>1</QtyInPackage>
      <ItemPrice>15.90</ItemPrice>
      <UnitOfMeasurePrice>3.98</UnitOfMeasurePrice>
      <AllowDiscount>1</AllowDiscount>
      <itemStatus>1</itemStatus>
      <LastUpdateDate />
      <LastUpdateTime />
    </Product>
    <Product>
      <PriceUpdateDate>2015/06/16 15:37</PriceUpdateDate>
      <ItemCode>7290011800840</ItemCode>
      <ItemType>1</ItemType>
      <ItemName>טחינה בלאדי רפי כהן צבר (400 גרם)</ItemName>
      <ManufactureName>קבוצת אסם סחר שות. מוגבלת</ManufactureName>
      <ManufactureCountry />
      <ManufactureItemDescription />
      <UnitQty>יח`</UnitQty>
      <Quantity>400</Quantity>
      <UnitMeasure>גרם</UnitMeasure>
      <BisWeighted>0</BisWeighted>
      <QtyInPackage>1</QtyInPackage>
      <ItemPrice>15.90</ItemPrice>
      <UnitOfMeasurePrice>3.98</UnitOfMeasurePrice>
      <AllowDiscount>1</AllowDiscount>
      <itemStatus>1</itemStatus>
      <LastUpdateDate />
      <LastUpdateTime />
    </Product>
    <Product>
      <PriceUpdateDate>2019/11/24 11:22</PriceUpdateDate>
      <ItemCode>7290011860271</ItemCode>
      <ItemType>1</ItemType>
      <ItemName>ביסבול כדורי פירה תפוגן (700 גרם)</ItemName>
      <ManufactureName>קבוצת אסם סחר שות. מוגבלת</ManufactureName>
      <ManufactureCountry />
      <ManufactureItemDescription />
      <UnitQty>יח`</UnitQty>
      <Quantity>700</Quantity>
      <UnitMeasure>גרם</UnitMeasure>
      <BisWeighted>0</BisWeighted>
      <QtyInPackage>1</QtyInPackage>
      <ItemPrice>12.90</ItemPrice>
      <UnitOfMeasurePrice>1.84</UnitOfMeasurePrice>
      <AllowDiscount>0</AllowDiscount>
      <itemStatus>1</itemStatus>
      <LastUpdateDate />
      <LastUpdateTime />
    </Product>
    <Product>
      <PriceUpdateDate>2019/11/24 11:22</PriceUpdateDate>
      <ItemCode>7290011860325</ItemCode>
      <ItemType>1</ItemType>
      <ItemName>תפוגן ביסבול בצל 700 גר`</ItemName>
      <ManufactureName>קבוצת אסם סחר שות. מוגבלת</ManufactureName>
      <ManufactureCountry />
      <ManufactureItemDescription />
      <UnitQty>יח`</UnitQty>
      <Quantity>700</Quantity>
      <UnitMeasure>גרם</UnitMeasure>
      <BisWeighted>0</BisWeighted>
      <QtyInPackage>1</QtyInPackage>
      <ItemPrice>12.90</ItemPrice>
      <UnitOfMeasurePrice>1.84</UnitOfMeasurePrice>
      <AllowDiscount>0</AllowDiscount>
      <itemStatus>1</itemStatus>
      <LastUpdateDate />
      <LastUpdateTime />
    </Product>
    <Product>
      <PriceUpdateDate>2015/05/27 12:39</PriceUpdateDate>
      <ItemCode>7290011876388</ItemCode>
      <ItemType>1</ItemType>
      <ItemName>קציצות עוף ובקר מאמא עוף (600 גרם)</ItemName>
      <ManufactureName>תנובה קפואים</ManufactureName>
      <ManufactureCountry />
      <ManufactureItemDescription />
      <UnitQty>יח`</UnitQty>
      <Quantity>600</Quantity>
      <UnitMeasure>גרם</UnitMeasure>
      <BisWeighted>0</BisWeighted>
      <QtyInPackage>1</QtyInPackage>
      <ItemPrice>32</ItemPrice>
      <UnitOfMeasurePrice>5.33</UnitOfMeasurePrice>
      <AllowDiscount>0</AllowDiscount>
      <itemStatus>1</itemStatus>
      <LastUpdateDate />
      <LastUpdateTime />
    </Product>
    <Product>
      <PriceUpdateDate>2015/01/28 13:42</PriceUpdateDate>
      <ItemCode>7290011876494</ItemCode>
      <ItemType>1</ItemType>
      <ItemName>שניצל עוף ותירס מאמא עוף (750 גרם)</ItemName>
      <ManufactureName>תנובה קפואים</ManufactureName>
      <ManufactureCountry />
      <ManufactureItemDescription />
      <UnitQty>יח`</UnitQty>
      <Quantity>750</Quantity>
      <UnitMeasure>גרם</UnitMeasure>
      <BisWeighted>0</BisWeighted>
      <QtyInPackage>1</QtyInPackage>
      <ItemPrice>36</ItemPrice>
      <UnitOfMeasurePrice>4.80</UnitOfMeasurePrice>
      <AllowDiscount>0</AllowDiscount>
      <itemStatus>1</itemStatus>
      <LastUpdateDate />
      <LastUpdateTime />
    </Product>
    <Product>
      <PriceUpdateDate>2015/12/01 20:58</PriceUpdateDate>
      <ItemCode>7290011877859</ItemCode>
      <ItemType>1</ItemType>
      <ItemName>אינסטלטור פותח סתימות סנו (200 גרם)</ItemName>
      <ManufactureName>החברה הדרומית לשיווק בעמ</ManufactureName>
      <ManufactureCountry />
      <ManufactureItemDescription />
      <UnitQty>יח`</UnitQty>
      <Quantity>200</Quantity>
      <UnitMeasure>מ"ל</UnitMeasure>
      <BisWeighted>0</BisWeighted>
      <QtyInPackage>1</QtyInPackage>
      <ItemPrice>15.90</ItemPrice>
      <UnitOfMeasurePrice>7.95</UnitOfMeasurePrice>
      <AllowDiscount>1</AllowDiscount>
      <itemStatus>1</itemStatus>
      <LastUpdateDate />
      <LastUpdateTime />
    </Product>
    <Product>
      <PriceUpdateDate>2013/11/26 12:03</PriceUpdateDate>
      <ItemCode>7290011877866</ItemCode>
      <ItemType>1</ItemType>
      <ItemName>סנו מקסימה 6 קג מאסק</ItemName>
      <ManufactureName>החברה הדרומית לשיווק בעמ</ManufactureName>
      <ManufactureCountry />
      <ManufactureItemDescription />
      <UnitQty>יח`</UnitQty>
      <Quantity>6000</Quantity>
      <UnitMeasure>גרם</UnitMeasure>
      <BisWeighted>0</BisWeighted>
      <QtyInPackage>1</QtyInPackage>
      <ItemPrice>49.90</ItemPrice>
      <UnitOfMeasurePrice>0.83</UnitOfMeasurePrice>
      <AllowDiscount>0</AllowDiscount>
      <itemStatus>1</itemStatus>
      <LastUpdateDate />
      <LastUpdateTime />
    </Product>
    <Product>
      <PriceUpdateDate>2019/04/02 13:35</PriceUpdateDate>
      <ItemCode>7290011912635</ItemCode>
      <ItemType>1</ItemType>
      <ItemName>ליסטרין טאגד פלוריד 250 מל</ItemName>
      <ManufactureName>שקד תבל בעמ</ManufactureName>
      <ManufactureCountry />
      <ManufactureItemDescription />
      <UnitQty>יח`</UnitQty>
      <Quantity>1</Quantity>
      <UnitMeasure />
      <BisWeighted>0</BisWeighted>
      <QtyInPackage>1</QtyInPackage>
      <ItemPrice>9.90</ItemPrice>
      <UnitOfMeasurePrice>9.90</UnitOfMeasurePrice>
      <AllowDiscount>0</AllowDiscount>
      <itemStatus>1</itemStatus>
      <LastUpdateDate />
      <LastUpdateTime />
    </Product>
    <Product>
      <PriceUpdateDate>2015/06/28 15:41</PriceUpdateDate>
      <ItemCode>7290011923303</ItemCode>
      <ItemType>1</ItemType>
      <ItemName>טופו טבעי ליב (300 גרם)</ItemName>
      <ManufactureName>ל.י.ב. (לחיות יותר בטבע) בעמ</ManufactureName>
      <ManufactureCountry />
      <ManufactureItemDescription />
      <UnitQty>יח`</UnitQty>
      <Quantity>300</Quantity>
      <UnitMeasure>גרם</UnitMeasure>
      <BisWeighted>0</BisWeighted>
      <QtyInPackage>1</QtyInPackage>
      <ItemPrice>9.90</ItemPrice>
      <UnitOfMeasurePrice>3.30</UnitOfMeasurePrice>
      <AllowDiscount>0</AllowDiscount>
      <itemStatus>1</itemStatus>
      <LastUpdateDate />
      <LastUpdateTime />
    </Product>
    <Product>
      <PriceUpdateDate>2019/11/24 11:22</PriceUpdateDate>
      <ItemCode>7290011947262</ItemCode>
      <ItemType>1</ItemType>
      <ItemName>זית ירוק בתיבול גלילי זיתא (215 גרם)</ItemName>
      <ManufactureName>תה ויסוצקי (ישראל) בעמ</ManufactureName>
      <ManufactureCountry />
      <ManufactureItemDescription />
      <UnitQty>יח`</UnitQty>
      <Quantity>217</Quantity>
      <UnitMeasure>גרם</UnitMeasure>
      <BisWeighted>0</BisWeighted>
      <QtyInPackage>1</QtyInPackage>
      <ItemPrice>12.90</ItemPrice>
      <UnitOfMeasurePrice>5.94</UnitOfMeasurePrice>
      <AllowDiscount>0</AllowDiscount>
      <itemStatus>1</itemStatus>
      <LastUpdateDate />
      <LastUpdateTime />
    </Product>
    <Product>
      <PriceUpdateDate>2019/11/24 11:22</PriceUpdateDate>
      <ItemCode>7290011947279</ItemCode>
      <ItemType>1</ItemType>
      <ItemName>זית ירוק בתיבול איטלקי זיתא (215 גרם)</ItemName>
      <ManufactureName>תה ויסוצקי (ישראל) בעמ</ManufactureName>
      <ManufactureCountry />
      <ManufactureItemDescription />
      <UnitQty>יח`</UnitQty>
      <Quantity>217</Quantity>
      <UnitMeasure>גרם</UnitMeasure>
      <BisWeighted>0</BisWeighted>
      <QtyInPackage>1</QtyInPackage>
      <ItemPrice>12.90</ItemPrice>
      <UnitOfMeasurePrice>5.94</UnitOfMeasurePrice>
      <AllowDiscount>0</AllowDiscount>
      <itemStatus>1</itemStatus>
      <LastUpdateDate />
      <LastUpdateTime />
    </Product>
    <Product>
      <PriceUpdateDate>2019/11/24 11:22</PriceUpdateDate>
      <ItemCode>7290011947309</ItemCode>
      <ItemType>1</ItemType>
      <ItemName>זית סורי עם לימון כבוש זיתא (230 גרם)</ItemName>
      <ManufactureName>תה ויסוצקי (ישראל) בעמ</ManufactureName>
      <ManufactureCountry />
      <ManufactureItemDescription />
      <UnitQty>יח`</UnitQty>
      <Quantity>230</Quantity>
      <UnitMeasure>גרם</UnitMeasure>
      <BisWeighted>0</BisWeighted>
      <QtyInPackage>1</QtyInPackage>
      <ItemPrice>12.90</ItemPrice>
      <UnitOfMeasurePrice>5.61</UnitOfMeasurePrice>
      <AllowDiscount>0</AllowDiscount>
      <itemStatus>1</itemStatus>
      <LastUpdateDate />
      <LastUpdateTime />
    </Product>
    <Product>
      <PriceUpdateDate>2019/11/24 11:22</PriceUpdateDate>
      <ItemCode>7290011947316</ItemCode>
      <ItemType>1</ItemType>
      <ItemName>זיתי קלמטה 215 גר</ItemName>
      <ManufactureName>תה ויסוצקי (ישראל) בעמ</ManufactureName>
      <ManufactureCountry />
      <ManufactureItemDescription />
      <UnitQty>יח`</UnitQty>
      <Quantity>215</Quantity>
      <UnitMeasure>גרם</UnitMeasure>
      <BisWeighted>0</BisWeighted>
      <QtyInPackage>1</QtyInPackage>
      <ItemPrice>12.90</ItemPrice>
      <UnitOfMeasurePrice>6</UnitOfMeasurePrice>
      <AllowDiscount>0</AllowDiscount>
      <itemStatus>1</itemStatus>
      <LastUpdateDate />
      <LastUpdateTime />
    </Product>
    <Product>
      <PriceUpdateDate>2019/11/24 11:22</PriceUpdateDate>
      <ItemCode>7290011947729</ItemCode>
      <ItemType>1</ItemType>
      <ItemName>זית גראנדה 215 גר` זיתא</ItemName>
      <ManufactureName>תה ויסוצקי (ישראל) בעמ</ManufactureName>
      <ManufactureCountry />
      <ManufactureItemDescription />
      <UnitQty>יח`</UnitQty>
      <Quantity>215</Quantity>
      <UnitMeasure>גרם</UnitMeasure>
      <BisWeighted>0</BisWeighted>
      <QtyInPackage>1</QtyInPackage>
      <ItemPrice>12.90</ItemPrice>
      <UnitOfMeasurePrice>6</UnitOfMeasurePrice>
      <AllowDiscount>0</AllowDiscount>
      <itemStatus>1</itemStatus>
      <LastUpdateDate />
      <LastUpdateTime />
    </Product>
    <Product>
      <PriceUpdateDate>2019/12/12 22:22</PriceUpdateDate>
      <ItemCode>7290011947743</ItemCode>
      <ItemType>1</ItemType>
      <ItemName>זית ירוק מיקס זית ירוק וזית קלמטה זיתא (</ItemName>
      <ManufactureName>תה ויסוצקי (ישראל) בעמ</ManufactureName>
      <ManufactureCountry />
      <ManufactureItemDescription />
      <UnitQty>יח`</UnitQty>
      <Quantity>217</Quantity>
      <UnitMeasure>גרם</UnitMeasure>
      <BisWeighted>0</BisWeighted>
      <QtyInPackage>1</QtyInPackage>
      <ItemPrice>12.90</ItemPrice>
      <UnitOfMeasurePrice>5.94</UnitOfMeasurePrice>
      <AllowDiscount>0</AllowDiscount>
      <itemStatus>1</itemStatus>
      <LastUpdateDate />
      <LastUpdateTime />
    </Product>
    <Product>
      <PriceUpdateDate>2018/02/15 13:21</PriceUpdateDate>
      <ItemCode>7290011964344</ItemCode>
      <ItemType>1</ItemType>
      <ItemName>שום גבישי 120 גר`</ItemName>
      <ManufactureName>תבליני טעם וריח בעמ</ManufactureName>
      <ManufactureCountry />
      <ManufactureItemDescription />
      <UnitQty>יח`</UnitQty>
      <Quantity>120</Quantity>
      <UnitMeasure>גרם</UnitMeasure>
      <BisWeighted>0</BisWeighted>
      <QtyInPackage>1</QtyInPackage>
      <ItemPrice>8.90</ItemPrice>
      <UnitOfMeasurePrice>7.42</UnitOfMeasurePrice>
      <AllowDiscount>0</AllowDiscount>
      <itemStatus>1</itemStatus>
      <LastUpdateDate />
      <LastUpdateTime />
    </Product>
    <Product>
      <PriceUpdateDate>2018/02/14 14:08</PriceUpdateDate>
      <ItemCode>7290011964542</ItemCode>
      <ItemType>1</ItemType>
      <ItemName>פפריקה מתוקה 400 גר`</ItemName>
      <ManufactureName>תבליני טעם וריח בעמ</ManufactureName>
      <ManufactureCountry />
      <ManufactureItemDescription />
      <UnitQty>יח`</UnitQty>
      <Quantity>400</Quantity>
      <UnitMeasure>גרם</UnitMeasure>
      <BisWeighted>0</BisWeighted>
      <QtyInPackage>1</QtyInPackage>
      <ItemPrice>19.90</ItemPrice>
      <UnitOfMeasurePrice>4.98</UnitOfMeasurePrice>
      <AllowDiscount>0</AllowDiscount>
      <itemStatus>1</itemStatus>
      <LastUpdateDate />
      <LastUpdateTime />
    </Product>
    <Product>
      <PriceUpdateDate>2018/02/14 14:08</PriceUpdateDate>
      <ItemCode>7290011964610</ItemCode>
      <ItemType>1</ItemType>
      <ItemName>מלח לימון 700 גר`</ItemName>
      <ManufactureName>תבליני טעם וריח בעמ</ManufactureName>
      <ManufactureCountry />
      <ManufactureItemDescription />
      <UnitQty>יח`</UnitQty>
      <Quantity>700</Quantity>
      <UnitMeasure>גרם</UnitMeasure>
      <BisWeighted>0</BisWeighted>
      <QtyInPackage>1</QtyInPackage>
      <ItemPrice>19.90</ItemPrice>
      <UnitOfMeasurePrice>2.84</UnitOfMeasurePrice>
      <AllowDiscount>0</AllowDiscount>
      <itemStatus>1</itemStatus>
      <LastUpdateDate />
      <LastUpdateTime />
    </Product>
    <Product>
      <PriceUpdateDate>2018/02/14 14:08</PriceUpdateDate>
      <ItemCode>7290011964627</ItemCode>
      <ItemType>1</ItemType>
      <ItemName>פפריקה מתוקה בשמן 400 גר`</ItemName>
      <ManufactureName>תבליני טעם וריח בעמ</ManufactureName>
      <ManufactureCountry />
      <ManufactureItemDescription />
      <UnitQty>יח`</UnitQty>
      <Quantity>400</Quantity>
      <UnitMeasure>גרם</UnitMeasure>
      <BisWeighted>0</BisWeighted>
      <QtyInPackage>1</QtyInPackage>
      <ItemPrice>19.90</ItemPrice>
      <UnitOfMeasurePrice>4.98</UnitOfMeasurePrice>
      <AllowDiscount>0</AllowDiscount>
      <itemStatus>1</itemStatus>
      <LastUpdateDate />
      <LastUpdateTime />
    </Product>
    <Product>
      <PriceUpdateDate>2018/02/15 13:21</PriceUpdateDate>
      <ItemCode>7290011964689</ItemCode>
      <ItemType>1</ItemType>
      <ItemName>תיבול על האש 100 גר`</ItemName>
      <ManufactureName>תבליני טעם וריח בעמ</ManufactureName>
      <ManufactureCountry />
      <ManufactureItemDescription />
      <UnitQty>יח`</UnitQty>
      <Quantity>100</Quantity>
      <UnitMeasure>גרם</UnitMeasure>
      <BisWeighted>0</BisWeighted>
      <QtyInPackage>1</QtyInPackage>
      <ItemPrice>8.90</ItemPrice>
      <UnitOfMeasurePrice>8.90</UnitOfMeasurePrice>
      <AllowDiscount>0</AllowDiscount>
      <itemStatus>1</itemStatus>
      <LastUpdateDate />
      <LastUpdateTime />
    </Product>
    <Product>
      <PriceUpdateDate>2018/02/15 13:21</PriceUpdateDate>
      <ItemCode>7290011964702</ItemCode>
      <ItemType>1</ItemType>
      <ItemName>תיבול לשווארמה 100 גר`</ItemName>
      <ManufactureName>תבליני טעם וריח בעמ</ManufactureName>
      <ManufactureCountry />
      <ManufactureItemDescription />
      <UnitQty>יח`</UnitQty>
      <Quantity>100</Quantity>
      <UnitMeasure>גרם</UnitMeasure>
      <BisWeighted>0</BisWeighted>
      <QtyInPackage>1</QtyInPackage>
      <ItemPrice>8.90</ItemPrice>
      <UnitOfMeasurePrice>8.90</UnitOfMeasurePrice>
      <AllowDiscount>0</AllowDiscount>
      <itemStatus>1</itemStatus>
      <LastUpdateDate />
      <LastUpdateTime />
    </Product>
    <Product>
      <PriceUpdateDate>2018/08/02 15:19</PriceUpdateDate>
      <ItemCode>7290011969158</ItemCode>
      <ItemType>1</ItemType>
      <ItemName>מגבונים לחים טייגר חמישייה 72 יח</ItemName>
      <ManufactureName>פאלאס תעשיות נטו (2014) בעמ</ManufactureName>
      <ManufactureCountry />
      <ManufactureItemDescription />
      <UnitQty>יח`</UnitQty>
      <Quantity>5</Quantity>
      <UnitMeasure>יח`</UnitMeasure>
      <BisWeighted>0</BisWeighted>
      <QtyInPackage>1</QtyInPackage>
      <ItemPrice>11.90</ItemPrice>
      <UnitOfMeasurePrice>2.38</UnitOfMeasurePrice>
      <AllowDiscount>0</AllowDiscount>
      <itemStatus>1</itemStatus>
      <LastUpdateDate />
      <LastUpdateTime />
    </Product>
    <Product>
      <PriceUpdateDate>2015/11/30 14:45</PriceUpdateDate>
      <ItemCode>7290011996000</ItemCode>
      <ItemType>1</ItemType>
      <ItemName>איטריות עגבניות 454 גר`</ItemName>
      <ManufactureName>טעמי אסיה בעמ</ManufactureName>
      <ManufactureCountry />
      <ManufactureItemDescription />
      <UnitQty>יח`</UnitQty>
      <Quantity>454</Quantity>
      <UnitMeasure>גרם</UnitMeasure>
      <BisWeighted>0</BisWeighted>
      <QtyInPackage>1</QtyInPackage>
      <ItemPrice>9.90</ItemPrice>
      <UnitOfMeasurePrice>2.18</UnitOfMeasurePrice>
      <AllowDiscount>1</AllowDiscount>
      <itemStatus>1</itemStatus>
      <LastUpdateDate />
      <LastUpdateTime />
    </Product>
    <Product>
      <PriceUpdateDate>2015/11/30 14:45</PriceUpdateDate>
      <ItemCode>7290011996031</ItemCode>
      <ItemType>1</ItemType>
      <ItemName>אטריות ביצים טעמי אסיה (454 גרם)</ItemName>
      <ManufactureName>טעמי אסיה בעמ</ManufactureName>
      <ManufactureCountry />
      <ManufactureItemDescription />
      <UnitQty>יח`</UnitQty>
      <Quantity>454</Quantity>
      <UnitMeasure>גרם</UnitMeasure>
      <BisWeighted>0</BisWeighted>
      <QtyInPackage>1</QtyInPackage>
      <ItemPrice>9.90</ItemPrice>
      <UnitOfMeasurePrice>2.18</UnitOfMeasurePrice>
      <AllowDiscount>1</AllowDiscount>
      <itemStatus>1</itemStatus>
      <LastUpdateDate />
      <LastUpdateTime />
    </Product>
    <Product>
      <PriceUpdateDate>2015/05/27 17:24</PriceUpdateDate>
      <ItemCode>7290011996062</ItemCode>
      <ItemType>1</ItemType>
      <ItemName>אורז לסושי טעמי אסיה (1 קג)</ItemName>
      <ManufactureName>טעמי אסיה בעמ</ManufactureName>
      <ManufactureCountry />
      <ManufactureItemDescription />
      <UnitQty>יח`</UnitQty>
      <Quantity>1</Quantity>
      <UnitMeasure>ק"ג</UnitMeasure>
      <BisWeighted>0</BisWeighted>
      <QtyInPackage>1</QtyInPackage>
      <ItemPrice>12.90</ItemPrice>
      <UnitOfMeasurePrice>12.90</UnitOfMeasurePrice>
      <AllowDiscount>0</AllowDiscount>
      <itemStatus>1</itemStatus>
      <LastUpdateDate />
      <LastUpdateTime />
    </Product>
    <Product>
      <PriceUpdateDate>2015/02/17 12:43</PriceUpdateDate>
      <ItemCode>7290011996109</ItemCode>
      <ItemType>1</ItemType>
      <ItemName>רוטב צ`ילי מתוק טעמי אסיה (700 מל)</ItemName>
      <ManufactureName>טעמי אסיה בעמ</ManufactureName>
      <ManufactureCountry />
      <ManufactureItemDescription />
      <UnitQty>יח`</UnitQty>
      <Quantity>700</Quantity>
      <UnitMeasure>מ"ל</UnitMeasure>
      <BisWeighted>0</BisWeighted>
      <QtyInPackage>1</QtyInPackage>
      <ItemPrice>8.90</ItemPrice>
      <UnitOfMeasurePrice>1.27</UnitOfMeasurePrice>
      <AllowDiscount>0</AllowDiscount>
      <itemStatus>1</itemStatus>
      <LastUpdateDate />
      <LastUpdateTime />
    </Product>
    <Product>
      <PriceUpdateDate>2015/11/30 14:45</PriceUpdateDate>
      <ItemCode>7290011996222</ItemCode>
      <ItemType>1</ItemType>
      <ItemName>מי קוקוס טעמי אסיה (400 מל)</ItemName>
      <ManufactureName>טעמי אסיה בעמ</ManufactureName>
      <ManufactureCountry />
      <ManufactureItemDescription />
      <UnitQty>יח`</UnitQty>
      <Quantity>400</Quantity>
      <UnitMeasure>מ"ל</UnitMeasure>
      <BisWeighted>0</BisWeighted>
      <QtyInPackage>1</QtyInPackage>
      <ItemPrice>7.90</ItemPrice>
      <UnitOfMeasurePrice>1.98</UnitOfMeasurePrice>
      <AllowDiscount>1</AllowDiscount>
      <itemStatus>1</itemStatus>
      <LastUpdateDate />
      <LastUpdateTime />
    </Product>
    <Product>
      <PriceUpdateDate>2015/02/17 12:43</PriceUpdateDate>
      <ItemCode>7290011996499</ItemCode>
      <ItemType>1</ItemType>
      <ItemName>אטריות אורז דקות טעמי אסיה (400 גרם)</ItemName>
      <ManufactureName>טעמי אסיה בעמ</ManufactureName>
      <ManufactureCountry />
      <ManufactureItemDescription />
      <UnitQty>יח`</UnitQty>
      <Quantity>400</Quantity>
      <UnitMeasure>גרם</UnitMeasure>
      <BisWeighted>0</BisWeighted>
      <QtyInPackage>1</QtyInPackage>
      <ItemPrice>9.90</ItemPrice>
      <UnitOfMeasurePrice>2.48</UnitOfMeasurePrice>
      <AllowDiscount>0</AllowDiscount>
      <itemStatus>1</itemStatus>
      <LastUpdateDate />
      <LastUpdateTime />
    </Product>
    <Product>
      <PriceUpdateDate>2014/10/10 12:18</PriceUpdateDate>
      <ItemCode>7290011996512</ItemCode>
      <ItemType>1</ItemType>
      <ItemName>אטריות אורז 3 סמ טעמי אסיה (400 גרם)</ItemName>
      <ManufactureName>טעמי אסיה בעמ</ManufactureName>
      <ManufactureCountry />
      <ManufactureItemDescription />
      <UnitQty>יח`</UnitQty>
      <Quantity>400</Quantity>
      <UnitMeasure>גרם</UnitMeasure>
      <BisWeighted>0</BisWeighted>
      <QtyInPackage>1</QtyInPackage>
      <ItemPrice>9.90</ItemPrice>
      <UnitOfMeasurePrice>2.48</UnitOfMeasurePrice>
      <AllowDiscount>0</AllowDiscount>
      <itemStatus>1</itemStatus>
      <LastUpdateDate />
      <LastUpdateTime />
    </Product>
    <Product>
      <PriceUpdateDate>2015/02/17 12:43</PriceUpdateDate>
      <ItemCode>7290011996604</ItemCode>
      <ItemType>1</ItemType>
      <ItemName>רוטב פאד תאי טעמי אסיה (300 מל)</ItemName>
      <ManufactureName>טעמי אסיה בעמ</ManufactureName>
      <ManufactureCountry />
      <ManufactureItemDescription />
      <UnitQty>יח`</UnitQty>
      <Quantity>366</Quantity>
      <UnitMeasure>גרם</UnitMeasure>
      <BisWeighted>0</BisWeighted>
      <QtyInPackage>1</QtyInPackage>
      <ItemPrice>16.90</ItemPrice>
      <UnitOfMeasurePrice>4.62</UnitOfMeasurePrice>
      <AllowDiscount>0</AllowDiscount>
      <itemStatus>1</itemStatus>
      <LastUpdateDate />
      <LastUpdateTime />
    </Product>
    <Product>
      <PriceUpdateDate>2019/01/07 16:06</PriceUpdateDate>
      <ItemCode>7290011996703</ItemCode>
      <ItemType>1</ItemType>
      <ItemName>טעם אסיה אצות וקאמה 100גר</ItemName>
      <ManufactureName>טעמי אסיה בעמ</ManufactureName>
      <ManufactureCountry />
      <ManufactureItemDescription />
      <UnitQty>יח`</UnitQty>
      <Quantity>100</Quantity>
      <UnitMeasure>גרם</UnitMeasure>
      <BisWeighted>0</BisWeighted>
      <QtyInPackage>1</QtyInPackage>
      <ItemPrice>11.90</ItemPrice>
      <UnitOfMeasurePrice>11.90</UnitOfMeasurePrice>
      <AllowDiscount>0</AllowDiscount>
      <itemStatus>1</itemStatus>
      <LastUpdateDate />
      <LastUpdateTime />
    </Product>
    <Product>
      <PriceUpdateDate>2015/02/17 12:43</PriceUpdateDate>
      <ItemCode>7290011996765</ItemCode>
      <ItemType>1</ItemType>
      <ItemName>ווסאבי משחה 43</ItemName>
      <ManufactureName>טעמי אסיה בעמ</ManufactureName>
      <ManufactureCountry />
      <ManufactureItemDescription />
      <UnitQty>יח`</UnitQty>
      <Quantity>43</Quantity>
      <UnitMeasure>גרם</UnitMeasure>
      <BisWeighted>0</BisWeighted>
      <QtyInPackage>1</QtyInPackage>
      <ItemPrice>10.90</ItemPrice>
      <UnitOfMeasurePrice>25.35</UnitOfMeasurePrice>
      <AllowDiscount>0</AllowDiscount>
      <itemStatus>1</itemStatus>
      <LastUpdateDate />
      <LastUpdateTime />
    </Product>
    <Product>
      <PriceUpdateDate>2015/02/17 12:43</PriceUpdateDate>
      <ItemCode>7290011996819</ItemCode>
      <ItemType>1</ItemType>
      <ItemName>מקלוני שעועית טעמי אסיה (250 גרם)</ItemName>
      <ManufactureName>טעמי אסיה בעמ</ManufactureName>
      <ManufactureCountry />
      <ManufactureItemDescription />
      <UnitQty>יח`</UnitQty>
      <Quantity>250</Quantity>
      <UnitMeasure>גרם</UnitMeasure>
      <BisWeighted>0</BisWeighted>
      <QtyInPackage>1</QtyInPackage>
      <ItemPrice>5.90</ItemPrice>
      <UnitOfMeasurePrice>2.36</UnitOfMeasurePrice>
      <AllowDiscount>0</AllowDiscount>
      <itemStatus>1</itemStatus>
      <LastUpdateDate />
      <LastUpdateTime />
    </Product>
    <Product>
      <PriceUpdateDate>2015/02/17 12:43</PriceUpdateDate>
      <ItemCode>7290011996888</ItemCode>
      <ItemType>1</ItemType>
      <ItemName>רוטב טריאקי טעמי אסיה (300 מל)</ItemName>
      <ManufactureName>טעמי אסיה בעמ</ManufactureName>
      <ManufactureCountry />
      <ManufactureItemDescription />
      <UnitQty>יח`</UnitQty>
      <Quantity>300</Quantity>
      <UnitMeasure>מ"ל</UnitMeasure>
      <BisWeighted>0</BisWeighted>
      <QtyInPackage>1</QtyInPackage>
      <ItemPrice>10.90</ItemPrice>
      <UnitOfMeasurePrice>3.63</UnitOfMeasurePrice>
      <AllowDiscount>0</AllowDiscount>
      <itemStatus>1</itemStatus>
      <LastUpdateDate />
      <LastUpdateTime />
    </Product>
    <Product>
      <PriceUpdateDate>2015/05/03 12:13</PriceUpdateDate>
      <ItemCode>7290012001994</ItemCode>
      <ItemType>1</ItemType>
      <ItemName>חרדל דיגון גרעינים 350 גרם</ItemName>
      <ManufactureName>דיפלומט היינץ</ManufactureName>
      <ManufactureCountry />
      <ManufactureItemDescription />
      <UnitQty>יח`</UnitQty>
      <Quantity>340</Quantity>
      <UnitMeasure>גרם</UnitMeasure>
      <BisWeighted>0</BisWeighted>
      <QtyInPackage>1</QtyInPackage>
      <ItemPrice>12.90</ItemPrice>
      <UnitOfMeasurePrice>3.79</UnitOfMeasurePrice>
      <AllowDiscount>0</AllowDiscount>
      <itemStatus>1</itemStatus>
      <LastUpdateDate />
      <LastUpdateTime />
    </Product>
    <Product>
      <PriceUpdateDate>2020/01/14 17:55</PriceUpdateDate>
      <ItemCode>7290012019258</ItemCode>
      <ItemType>1</ItemType>
      <ItemName>רסק תפוע רביעייה תומר</ItemName>
      <ManufactureName>תומר יבוא ושיווק מוצרי מזון (1</ManufactureName>
      <ManufactureCountry />
      <ManufactureItemDescription />
      <UnitQty>יח`</UnitQty>
      <Quantity>452</Quantity>
      <UnitMeasure>גרם</UnitMeasure>
      <BisWeighted>0</BisWeighted>
      <QtyInPackage>1</QtyInPackage>
      <ItemPrice>9.90</ItemPrice>
      <UnitOfMeasurePrice>2.19</UnitOfMeasurePrice>
      <AllowDiscount>0</AllowDiscount>
      <itemStatus>1</itemStatus>
      <LastUpdateDate />
      <LastUpdateTime />
    </Product>
    <Product>
      <PriceUpdateDate>2020/01/14 17:55</PriceUpdateDate>
      <ItemCode>7290012019265</ItemCode>
      <ItemType>1</ItemType>
      <ItemName>רסק תפוע רביעייה תומר</ItemName>
      <ManufactureName>תומר יבוא ושיווק מוצרי מזון (1</ManufactureName>
      <ManufactureCountry />
      <ManufactureItemDescription />
      <UnitQty>יח`</UnitQty>
      <Quantity>452</Quantity>
      <UnitMeasure>גרם</UnitMeasure>
      <BisWeighted>0</BisWeighted>
      <QtyInPackage>1</QtyInPackage>
      <ItemPrice>9.90</ItemPrice>
      <UnitOfMeasurePrice>2.19</UnitOfMeasurePrice>
      <AllowDiscount>0</AllowDiscount>
      <itemStatus>1</itemStatus>
      <LastUpdateDate />
      <LastUpdateTime />
    </Product>
    <Product>
      <PriceUpdateDate>2020/01/14 17:55</PriceUpdateDate>
      <ItemCode>7290012019272</ItemCode>
      <ItemType>1</ItemType>
      <ItemName>רסק תפוע רביעייה קינמון תומר</ItemName>
      <ManufactureName>תומר יבוא ושיווק מוצרי מזון (1</ManufactureName>
      <ManufactureCountry />
      <ManufactureItemDescription />
      <UnitQty>יח`</UnitQty>
      <Quantity>452</Quantity>
      <UnitMeasure>גרם</UnitMeasure>
      <BisWeighted>0</BisWeighted>
      <QtyInPackage>1</QtyInPackage>
      <ItemPrice>9.90</ItemPrice>
      <UnitOfMeasurePrice>2.19</UnitOfMeasurePrice>
      <AllowDiscount>0</AllowDiscount>
      <itemStatus>1</itemStatus>
      <LastUpdateDate />
      <LastUpdateTime />
    </Product>
    <Product>
      <PriceUpdateDate>2015/01/05 09:47</PriceUpdateDate>
      <ItemCode>7290012019388</ItemCode>
      <ItemType>1</ItemType>
      <ItemName>סלמון תומר 213 גר</ItemName>
      <ManufactureName>תומר יבוא ושיווק מוצרי מזון (1</ManufactureName>
      <ManufactureCountry />
      <ManufactureItemDescription />
      <UnitQty>יח`</UnitQty>
      <Quantity>213</Quantity>
      <UnitMeasure>גרם</UnitMeasure>
      <BisWeighted>0</BisWeighted>
      <QtyInPackage>1</QtyInPackage>
      <ItemPrice>12.90</ItemPrice>
      <UnitOfMeasurePrice>6.06</UnitOfMeasurePrice>
      <AllowDiscount>0</AllowDiscount>
      <itemStatus>1</itemStatus>
      <LastUpdateDate />
      <LastUpdateTime />
    </Product>
    <Product>
      <PriceUpdateDate>2018/02/05 11:53</PriceUpdateDate>
      <ItemCode>7290012022005</ItemCode>
      <ItemType>1</ItemType>
      <ItemName>קריספיות</ItemName>
      <ManufactureName>דילייט 2005 בעמ</ManufactureName>
      <ManufactureCountry />
      <ManufactureItemDescription />
      <UnitQty>יח`</UnitQty>
      <Quantity>60</Quantity>
      <UnitMeasure>גרם</UnitMeasure>
      <BisWeighted>0</BisWeighted>
      <QtyInPackage>1</QtyInPackage>
      <ItemPrice>11.90</ItemPrice>
      <UnitOfMeasurePrice>19.83</UnitOfMeasurePrice>
      <AllowDiscount>0</AllowDiscount>
      <itemStatus>1</itemStatus>
      <LastUpdateDate />
      <LastUpdateTime />
    </Product>
    <Product>
      <PriceUpdateDate>2018/02/05 11:53</PriceUpdateDate>
      <ItemCode>7290012022050</ItemCode>
      <ItemType>1</ItemType>
      <ItemName>קריספיות חיטה מלאה</ItemName>
      <ManufactureName>דילייט 2005 בעמ</ManufactureName>
      <ManufactureCountry />
      <ManufactureItemDescription />
      <UnitQty>יח`</UnitQty>
      <Quantity>75</Quantity>
      <UnitMeasure>גרם</UnitMeasure>
      <BisWeighted>0</BisWeighted>
      <QtyInPackage>1</QtyInPackage>
      <ItemPrice>13.90</ItemPrice>
      <UnitOfMeasurePrice>18.53</UnitOfMeasurePrice>
      <AllowDiscount>0</AllowDiscount>
      <itemStatus>1</itemStatus>
      <LastUpdateDate />
      <LastUpdateTime />
    </Product>
    <Product>
      <PriceUpdateDate>2016/02/11 11:44</PriceUpdateDate>
      <ItemCode>7290012022067</ItemCode>
      <ItemType>1</ItemType>
      <ItemName>קריספיות קידס 30 גרם</ItemName>
      <ManufactureName>דילייט 2005 בעמ</ManufactureName>
      <ManufactureCountry />
      <ManufactureItemDescription />
      <UnitQty>יח`</UnitQty>
      <Quantity>30</Quantity>
      <UnitMeasure>גרם</UnitMeasure>
      <BisWeighted>0</BisWeighted>
      <QtyInPackage>1</QtyInPackage>
      <ItemPrice>10.90</ItemPrice>
      <UnitOfMeasurePrice>36.33</UnitOfMeasurePrice>
      <AllowDiscount>0</AllowDiscount>
      <itemStatus>1</itemStatus>
      <LastUpdateDate />
      <LastUpdateTime />
    </Product>
    <Product>
      <PriceUpdateDate>2019/02/24 13:10</PriceUpdateDate>
      <ItemCode>7290012028441</ItemCode>
      <ItemType>1</ItemType>
      <ItemName>טבק לגלגול מרלבורו גולד</ItemName>
      <ManufactureName>פיליפ מוריס בעמ</ManufactureName>
      <ManufactureCountry />
      <ManufactureItemDescription />
      <UnitQty>יח`</UnitQty>
      <Quantity>1</Quantity>
      <UnitMeasure />
      <BisWeighted>0</BisWeighted>
      <QtyInPackage>1</QtyInPackage>
      <ItemPrice>74</ItemPrice>
      <UnitOfMeasurePrice>74</UnitOfMeasurePrice>
      <AllowDiscount>0</AllowDiscount>
      <itemStatus>1</itemStatus>
      <LastUpdateDate />
      <LastUpdateTime />
    </Product>
    <Product>
      <PriceUpdateDate>2019/07/29 15:13</PriceUpdateDate>
      <ItemCode>7290012030499</ItemCode>
      <ItemType>1</ItemType>
      <ItemName>אל.אמ בלו לייבל קצר חפיסה) (20</ItemName>
      <ManufactureName>פיליפ מוריס בעמ</ManufactureName>
      <ManufactureCountry />
      <ManufactureItemDescription />
      <UnitQty>יח`</UnitQty>
      <Quantity>1</Quantity>
      <UnitMeasure />
      <BisWeighted>0</BisWeighted>
      <QtyInPackage>1</QtyInPackage>
      <ItemPrice>28</ItemPrice>
      <UnitOfMeasurePrice>28</UnitOfMeasurePrice>
      <AllowDiscount>0</AllowDiscount>
      <itemStatus>1</itemStatus>
      <LastUpdateDate />
      <LastUpdateTime />
    </Product>
    <Product>
      <PriceUpdateDate>2019/07/29 15:13</PriceUpdateDate>
      <ItemCode>7290012030512</ItemCode>
      <ItemType>1</ItemType>
      <ItemName>ל.מ. בלו לייבל ארוך בודד</ItemName>
      <ManufactureName>פיליפ מוריס בעמ</ManufactureName>
      <ManufactureCountry />
      <ManufactureItemDescription />
      <UnitQty>יח`</UnitQty>
      <Quantity>1</Quantity>
      <UnitMeasure />
      <BisWeighted>0</BisWeighted>
      <QtyInPackage>1</QtyInPackage>
      <ItemPrice>28</ItemPrice>
      <UnitOfMeasurePrice>28</UnitOfMeasurePrice>
      <AllowDiscount>0</AllowDiscount>
      <itemStatus>1</itemStatus>
      <LastUpdateDate />
      <LastUpdateTime />
    </Product>
    <Product>
      <PriceUpdateDate>2019/11/21 15:32</PriceUpdateDate>
      <ItemCode>7290012040009</ItemCode>
      <ItemType>1</ItemType>
      <ItemName>ל.מ בלו פאקט) (10 חדש</ItemName>
      <ManufactureName>פיליפ מוריס בעמ</ManufactureName>
      <ManufactureCountry />
      <ManufactureItemDescription />
      <UnitQty>יח`</UnitQty>
      <Quantity>1</Quantity>
      <UnitMeasure />
      <BisWeighted>0</BisWeighted>
      <QtyInPackage>1</QtyInPackage>
      <ItemPrice>280</ItemPrice>
      <UnitOfMeasurePrice>280</UnitOfMeasurePrice>
      <AllowDiscount>0</AllowDiscount>
      <itemStatus>1</itemStatus>
      <LastUpdateDate />
      <LastUpdateTime />
    </Product>
    <Product>
      <PriceUpdateDate>2019/11/21 15:32</PriceUpdateDate>
      <ItemCode>7290012040054</ItemCode>
      <ItemType>1</ItemType>
      <ItemName>ל.מ וויב פאקט) (10 חד</ItemName>
      <ManufactureName>פיליפ מוריס בעמ</ManufactureName>
      <ManufactureCountry />
      <ManufactureItemDescription />
      <UnitQty>יח`</UnitQty>
      <Quantity>1</Quantity>
      <UnitMeasure />
      <BisWeighted>0</BisWeighted>
      <QtyInPackage>1</QtyInPackage>
      <ItemPrice>280</ItemPrice>
      <UnitOfMeasurePrice>280</UnitOfMeasurePrice>
      <AllowDiscount>0</AllowDiscount>
      <itemStatus>1</itemStatus>
      <LastUpdateDate />
      <LastUpdateTime />
    </Product>
    <Product>
      <PriceUpdateDate>2019/11/21 15:32</PriceUpdateDate>
      <ItemCode>7290012040191</ItemCode>
      <ItemType>1</ItemType>
      <ItemName>נקסט ריסט קצר פאקט) (10 ח</ItemName>
      <ManufactureName>פיליפ מוריס בעמ</ManufactureName>
      <ManufactureCountry />
      <ManufactureItemDescription />
      <UnitQty>יח`</UnitQty>
      <Quantity>1</Quantity>
      <UnitMeasure />
      <BisWeighted>0</BisWeighted>
      <QtyInPackage>1</QtyInPackage>
      <ItemPrice>270</ItemPrice>
      <UnitOfMeasurePrice>270</UnitOfMeasurePrice>
      <AllowDiscount>0</AllowDiscount>
      <itemStatus>1</itemStatus>
      <LastUpdateDate />
      <LastUpdateTime />
    </Product>
    <Product>
      <PriceUpdateDate>2019/11/21 15:32</PriceUpdateDate>
      <ItemCode>7290012040207</ItemCode>
      <ItemType>1</ItemType>
      <ItemName>נקסט ריסט ארוך פאקט) (10</ItemName>
      <ManufactureName>פיליפ מוריס בעמ</ManufactureName>
      <ManufactureCountry />
      <ManufactureItemDescription />
      <UnitQty>יח`</UnitQty>
      <Quantity>1</Quantity>
      <UnitMeasure />
      <BisWeighted>0</BisWeighted>
      <QtyInPackage>1</QtyInPackage>
      <ItemPrice>270</ItemPrice>
      <UnitOfMeasurePrice>270</UnitOfMeasurePrice>
      <AllowDiscount>0</AllowDiscount>
      <itemStatus>1</itemStatus>
      <LastUpdateDate />
      <LastUpdateTime />
    </Product>
    <Product>
      <PriceUpdateDate>2019/11/18 10:22</PriceUpdateDate>
      <ItemCode>7290012040511</ItemCode>
      <ItemType>1</ItemType>
      <ItemName>טבק לגלגול נקסט פיין (40 גרם)</ItemName>
      <ManufactureName>פיליפ מוריס בעמ</ManufactureName>
      <ManufactureCountry />
      <ManufactureItemDescription />
      <UnitQty>יח`</UnitQty>
      <Quantity>1</Quantity>
      <UnitMeasure />
      <BisWeighted>0</BisWeighted>
      <QtyInPackage>1</QtyInPackage>
      <ItemPrice>70</ItemPrice>
      <UnitOfMeasurePrice>70</UnitOfMeasurePrice>
      <AllowDiscount>0</AllowDiscount>
      <itemStatus>1</itemStatus>
      <LastUpdateDate />
      <LastUpdateTime />
    </Product>
    <Product>
      <PriceUpdateDate>2019/11/18 10:22</PriceUpdateDate>
      <ItemCode>7290012040528</ItemCode>
      <ItemType>1</ItemType>
      <ItemName>טבק לגלגול אוריג`ינל</ItemName>
      <ManufactureName>פיליפ מוריס בעמ</ManufactureName>
      <ManufactureCountry />
      <ManufactureItemDescription />
      <UnitQty>יח`</UnitQty>
      <Quantity>1</Quantity>
      <UnitMeasure />
      <BisWeighted>0</BisWeighted>
      <QtyInPackage>1</QtyInPackage>
      <ItemPrice>70</ItemPrice>
      <UnitOfMeasurePrice>70</UnitOfMeasurePrice>
      <AllowDiscount>0</AllowDiscount>
      <itemStatus>1</itemStatus>
      <LastUpdateDate />
      <LastUpdateTime />
    </Product>
    <Product>
      <PriceUpdateDate>2015/01/26 08:22</PriceUpdateDate>
      <ItemCode>7290012071003</ItemCode>
      <ItemType>1</ItemType>
      <ItemName>קמיל בלו משחה לתינוק דר. פישר (200 גרם)</ItemName>
      <ManufactureName>פישר תעשיות פרמצבטיות בעמ</ManufactureName>
      <ManufactureCountry />
      <ManufactureItemDescription />
      <UnitQty>יח`</UnitQty>
      <Quantity>100</Quantity>
      <UnitMeasure>גרם</UnitMeasure>
      <BisWeighted>0</BisWeighted>
      <QtyInPackage>1</QtyInPackage>
      <ItemPrice>19.90</ItemPrice>
      <UnitOfMeasurePrice>19.90</UnitOfMeasurePrice>
      <AllowDiscount>0</AllowDiscount>
      <itemStatus>1</itemStatus>
      <LastUpdateDate />
      <LastUpdateTime />
    </Product>
    <Product>
      <PriceUpdateDate>2020/03/19 06:43</PriceUpdateDate>
      <ItemCode>7290012071690</ItemCode>
      <ItemType>1</ItemType>
      <ItemName>אלכוגל מגבונים אנטי בקטריאלים למשטחים</ItemName>
      <ManufactureName>פישר תעשיות פרמצבטיות בעמ</ManufactureName>
      <ManufactureCountry />
      <ManufactureItemDescription />
      <UnitQty>יח`</UnitQty>
      <Quantity>1</Quantity>
      <UnitMeasure />
      <BisWeighted>0</BisWeighted>
      <QtyInPackage>1</QtyInPackage>
      <ItemPrice>12.90</ItemPrice>
      <UnitOfMeasurePrice>12.90</UnitOfMeasurePrice>
      <AllowDiscount>0</AllowDiscount>
      <itemStatus>1</itemStatus>
      <LastUpdateDate />
      <LastUpdateTime />
    </Product>
    <Product>
      <PriceUpdateDate>2018/01/10 11:24</PriceUpdateDate>
      <ItemCode>7290012116025</ItemCode>
      <ItemType>1</ItemType>
      <ItemName>שמפו פיות כיף (750 מל)</ItemName>
      <ManufactureName>החברה הדרומית לשיווק בעמ</ManufactureName>
      <ManufactureCountry />
      <ManufactureItemDescription />
      <UnitQty>יח`</UnitQty>
      <Quantity>750</Quantity>
      <UnitMeasure>מ"ל</UnitMeasure>
      <BisWeighted>0</BisWeighted>
      <QtyInPackage>1</QtyInPackage>
      <ItemPrice>11.90</ItemPrice>
      <UnitOfMeasurePrice>1.59</UnitOfMeasurePrice>
      <AllowDiscount>1</AllowDiscount>
      <itemStatus>1</itemStatus>
      <LastUpdateDate />
      <LastUpdateTime />
    </Product>
    <Product>
      <PriceUpdateDate>2018/01/10 11:24</PriceUpdateDate>
      <ItemCode>7290012116032</ItemCode>
      <ItemType>1</ItemType>
      <ItemName>מרכך פיות כיף (750 מל)</ItemName>
      <ManufactureName>החברה הדרומית לשיווק בעמ</ManufactureName>
      <ManufactureCountry />
      <ManufactureItemDescription />
      <UnitQty>יח`</UnitQty>
      <Quantity>750</Quantity>
      <UnitMeasure>מ"ל</UnitMeasure>
      <BisWeighted>0</BisWeighted>
      <QtyInPackage>1</QtyInPackage>
      <ItemPrice>11.90</ItemPrice>
      <UnitOfMeasurePrice>1.59</UnitOfMeasurePrice>
      <AllowDiscount>1</AllowDiscount>
      <itemStatus>1</itemStatus>
      <LastUpdateDate />
      <LastUpdateTime />
    </Product>
    <Product>
      <PriceUpdateDate>2017/10/30 10:21</PriceUpdateDate>
      <ItemCode>7290012116537</ItemCode>
      <ItemType>1</ItemType>
      <ItemName>סנו מקסימה 2.5 קג`</ItemName>
      <ManufactureName>החברה הדרומית לשיווק בעמ</ManufactureName>
      <ManufactureCountry />
      <ManufactureItemDescription />
      <UnitQty>יח`</UnitQty>
      <Quantity>2.50</Quantity>
      <UnitMeasure>ק"ג</UnitMeasure>
      <BisWeighted>0</BisWeighted>
      <QtyInPackage>1</QtyInPackage>
      <ItemPrice>24.90</ItemPrice>
      <UnitOfMeasurePrice>9.96</UnitOfMeasurePrice>
      <AllowDiscount>0</AllowDiscount>
      <itemStatus>1</itemStatus>
      <LastUpdateDate />
      <LastUpdateTime />
    </Product>
    <Product>
      <PriceUpdateDate>2017/04/18 10:19</PriceUpdateDate>
      <ItemCode>7290012116551</ItemCode>
      <ItemType>1</ItemType>
      <ItemName>אנטי קאלק מנקה כללי סנו (2 ליטר)</ItemName>
      <ManufactureName>החברה הדרומית לשיווק בעמ</ManufactureName>
      <ManufactureCountry />
      <ManufactureItemDescription />
      <UnitQty>יח`</UnitQty>
      <Quantity>2</Quantity>
      <UnitMeasure>1 ליטר</UnitMeasure>
      <BisWeighted>0</BisWeighted>
      <QtyInPackage>1</QtyInPackage>
      <ItemPrice>19.90</ItemPrice>
      <UnitOfMeasurePrice>9.95</UnitOfMeasurePrice>
      <AllowDiscount>1</AllowDiscount>
      <itemStatus>1</itemStatus>
      <LastUpdateDate />
      <LastUpdateTime />
    </Product>
    <Product>
      <PriceUpdateDate>2018/01/10 11:24</PriceUpdateDate>
      <ItemCode>7290012116612</ItemCode>
      <ItemType>1</ItemType>
      <ItemName>מברשת שיניים אורביטול (4)</ItemName>
      <ManufactureName>החברה הדרומית לשיווק בעמ</ManufactureName>
      <ManufactureCountry />
      <ManufactureItemDescription />
      <UnitQty>יח`</UnitQty>
      <Quantity>1</Quantity>
      <UnitMeasure />
      <BisWeighted>0</BisWeighted>
      <QtyInPackage>1</QtyInPackage>
      <ItemPrice>11.90</ItemPrice>
      <UnitOfMeasurePrice>11.90</UnitOfMeasurePrice>
      <AllowDiscount>1</AllowDiscount>
      <itemStatus>1</itemStatus>
      <LastUpdateDate />
      <LastUpdateTime />
    </Product>
    <Product>
      <PriceUpdateDate>2015/12/01 20:58</PriceUpdateDate>
      <ItemCode>7290012116629</ItemCode>
      <ItemType>1</ItemType>
      <ItemName>סנו די רולאון לתינוקות וילדים</ItemName>
      <ManufactureName>החברה הדרומית לשיווק בעמ</ManufactureName>
      <ManufactureCountry />
      <ManufactureItemDescription />
      <UnitQty>יח`</UnitQty>
      <Quantity>50</Quantity>
      <UnitMeasure>מ"ל</UnitMeasure>
      <BisWeighted>0</BisWeighted>
      <QtyInPackage>1</QtyInPackage>
      <ItemPrice>22.90</ItemPrice>
      <UnitOfMeasurePrice>45.80</UnitOfMeasurePrice>
      <AllowDiscount>0</AllowDiscount>
      <itemStatus>1</itemStatus>
      <LastUpdateDate />
      <LastUpdateTime />
    </Product>
    <Product>
      <PriceUpdateDate>2013/11/26 12:03</PriceUpdateDate>
      <ItemCode>7290012117091</ItemCode>
      <ItemType>1</ItemType>
      <ItemName>סנו מקסימה 6 קג</ItemName>
      <ManufactureName>החברה הדרומית לשיווק בעמ</ManufactureName>
      <ManufactureCountry />
      <ManufactureItemDescription />
      <UnitQty>יח`</UnitQty>
      <Quantity>6000</Quantity>
      <UnitMeasure>גרם</UnitMeasure>
      <BisWeighted>0</BisWeighted>
      <QtyInPackage>1</QtyInPackage>
      <ItemPrice>49.90</ItemPrice>
      <UnitOfMeasurePrice>0.83</UnitOfMeasurePrice>
      <AllowDiscount>0</AllowDiscount>
      <itemStatus>1</itemStatus>
      <LastUpdateDate />
      <LastUpdateTime />
    </Product>
    <Product>
      <PriceUpdateDate>2017/08/28 10:13</PriceUpdateDate>
      <ItemCode>7290012117275</ItemCode>
      <ItemType>1</ItemType>
      <ItemName>סנוקליר שקית מילוי 750 מל</ItemName>
      <ManufactureName>החברה הדרומית לשיווק בעמ</ManufactureName>
      <ManufactureCountry />
      <ManufactureItemDescription />
      <UnitQty>יח`</UnitQty>
      <Quantity>750</Quantity>
      <UnitMeasure>מ"ל</UnitMeasure>
      <BisWeighted>0</BisWeighted>
      <QtyInPackage>1</QtyInPackage>
      <ItemPrice>7.90</ItemPrice>
      <UnitOfMeasurePrice>1.05</UnitOfMeasurePrice>
      <AllowDiscount>1</AllowDiscount>
      <itemStatus>1</itemStatus>
      <LastUpdateDate />
      <LastUpdateTime />
    </Product>
    <Product>
      <PriceUpdateDate>2019/04/29 10:59</PriceUpdateDate>
      <ItemCode>7290012117350</ItemCode>
      <ItemType>1</ItemType>
      <ItemName>ריצפז פרש 2 ליטר לילך</ItemName>
      <ManufactureName>החברה הדרומית לשיווק בעמ</ManufactureName>
      <ManufactureCountry />
      <ManufactureItemDescription />
      <UnitQty>יח`</UnitQty>
      <Quantity>2</Quantity>
      <UnitMeasure>1 ליטר</UnitMeasure>
      <BisWeighted>0</BisWeighted>
      <QtyInPackage>1</QtyInPackage>
      <ItemPrice>21.90</ItemPrice>
      <UnitOfMeasurePrice>10.95</UnitOfMeasurePrice>
      <AllowDiscount>1</AllowDiscount>
      <itemStatus>1</itemStatus>
      <LastUpdateDate />
      <LastUpdateTime />
    </Product>
    <Product>
      <PriceUpdateDate>2015/04/30 13:17</PriceUpdateDate>
      <ItemCode>7290012117411</ItemCode>
      <ItemType>1</ItemType>
      <ItemName>קרמה ג`ל רחצה לגבר 700 מל כתום</ItemName>
      <ManufactureName>החברה הדרומית לשיווק בעמ</ManufactureName>
      <ManufactureCountry />
      <ManufactureItemDescription />
      <UnitQty>יח`</UnitQty>
      <Quantity>700</Quantity>
      <UnitMeasure>מ"ל</UnitMeasure>
      <BisWeighted>0</BisWeighted>
      <QtyInPackage>1</QtyInPackage>
      <ItemPrice>20.90</ItemPrice>
      <UnitOfMeasurePrice>2.99</UnitOfMeasurePrice>
      <AllowDiscount>0</AllowDiscount>
      <itemStatus>1</itemStatus>
      <LastUpdateDate />
      <LastUpdateTime />
    </Product>
    <Product>
      <PriceUpdateDate>2015/04/30 13:17</PriceUpdateDate>
      <ItemCode>7290012117428</ItemCode>
      <ItemType>1</ItemType>
      <ItemName>ג`ל רחצה ושמפו מנטה לגבר קרמה (700 מל)</ItemName>
      <ManufactureName>החברה הדרומית לשיווק בעמ</ManufactureName>
      <ManufactureCountry />
      <ManufactureItemDescription />
      <UnitQty>יח`</UnitQty>
      <Quantity>700</Quantity>
      <UnitMeasure>מ"ל</UnitMeasure>
      <BisWeighted>0</BisWeighted>
      <QtyInPackage>1</QtyInPackage>
      <ItemPrice>20.90</ItemPrice>
      <UnitOfMeasurePrice>2.99</UnitOfMeasurePrice>
      <AllowDiscount>0</AllowDiscount>
      <itemStatus>1</itemStatus>
      <LastUpdateDate />
      <LastUpdateTime />
    </Product>
    <Product>
      <PriceUpdateDate>2018/01/10 11:24</PriceUpdateDate>
      <ItemCode>7290012117534</ItemCode>
      <ItemType>1</ItemType>
      <ItemName>סנו מקסימה מרכך 1 ליטר כחול</ItemName>
      <ManufactureName>החברה הדרומית לשיווק בעמ</ManufactureName>
      <ManufactureCountry />
      <ManufactureItemDescription />
      <UnitQty>יח`</UnitQty>
      <Quantity>1000</Quantity>
      <UnitMeasure>מ"ל</UnitMeasure>
      <BisWeighted>0</BisWeighted>
      <QtyInPackage>1</QtyInPackage>
      <ItemPrice>17.90</ItemPrice>
      <UnitOfMeasurePrice>1.79</UnitOfMeasurePrice>
      <AllowDiscount>1</AllowDiscount>
      <itemStatus>1</itemStatus>
      <LastUpdateDate />
      <LastUpdateTime />
    </Product>
    <Product>
      <PriceUpdateDate>2019/02/03 12:17</PriceUpdateDate>
      <ItemCode>7290012117732</ItemCode>
      <ItemType>1</ItemType>
      <ItemName>סנו מקסימה 4 ליטר</ItemName>
      <ManufactureName>החברה הדרומית לשיווק בעמ</ManufactureName>
      <ManufactureCountry />
      <ManufactureItemDescription />
      <UnitQty>יח`</UnitQty>
      <Quantity>4</Quantity>
      <UnitMeasure>1 ליטר</UnitMeasure>
      <BisWeighted>0</BisWeighted>
      <QtyInPackage>1</QtyInPackage>
      <ItemPrice>19.90</ItemPrice>
      <UnitOfMeasurePrice>4.98</UnitOfMeasurePrice>
      <AllowDiscount>0</AllowDiscount>
      <itemStatus>1</itemStatus>
      <LastUpdateDate />
      <LastUpdateTime />
    </Product>
    <Product>
      <PriceUpdateDate>2014/08/18 14:14</PriceUpdateDate>
      <ItemCode>7290012117879</ItemCode>
      <ItemType>1</ItemType>
      <ItemName>סנו קליר 750 מל לחלונות</ItemName>
      <ManufactureName>החברה הדרומית לשיווק בעמ</ManufactureName>
      <ManufactureCountry />
      <ManufactureItemDescription />
      <UnitQty>יח`</UnitQty>
      <Quantity>750</Quantity>
      <UnitMeasure>מ"ל</UnitMeasure>
      <BisWeighted>0</BisWeighted>
      <QtyInPackage>1</QtyInPackage>
      <ItemPrice>13.90</ItemPrice>
      <UnitOfMeasurePrice>1.85</UnitOfMeasurePrice>
      <AllowDiscount>1</AllowDiscount>
      <itemStatus>1</itemStatus>
      <LastUpdateDate />
      <LastUpdateTime />
    </Product>
    <Product>
      <PriceUpdateDate>2015/12/08 08:24</PriceUpdateDate>
      <ItemCode>7290012117916</ItemCode>
      <ItemType>1</ItemType>
      <ItemName>סנו אינסטלטור נוזלי 1 ליטר</ItemName>
      <ManufactureName>החברה הדרומית לשיווק בעמ</ManufactureName>
      <ManufactureCountry />
      <ManufactureItemDescription />
      <UnitQty>יח`</UnitQty>
      <Quantity>1</Quantity>
      <UnitMeasure>1 ליטר</UnitMeasure>
      <BisWeighted>0</BisWeighted>
      <QtyInPackage>1</QtyInPackage>
      <ItemPrice>30.90</ItemPrice>
      <UnitOfMeasurePrice>30.90</UnitOfMeasurePrice>
      <AllowDiscount>0</AllowDiscount>
      <itemStatus>1</itemStatus>
      <LastUpdateDate />
      <LastUpdateTime />
    </Product>
    <Product>
      <PriceUpdateDate>2015/12/01 15:22</PriceUpdateDate>
      <ItemCode>7290012193163</ItemCode>
      <ItemType>1</ItemType>
      <ItemName>אל סבון פרחי בר ורוד פמילי (1 ליטר)</ItemName>
      <ManufactureName>דנשר (1963) בעמ</ManufactureName>
      <ManufactureCountry />
      <ManufactureItemDescription />
      <UnitQty>יח`</UnitQty>
      <Quantity>1000</Quantity>
      <UnitMeasure>גרם</UnitMeasure>
      <BisWeighted>0</BisWeighted>
      <QtyInPackage>1</QtyInPackage>
      <ItemPrice>14.90</ItemPrice>
      <UnitOfMeasurePrice>1.49</UnitOfMeasurePrice>
      <AllowDiscount>1</AllowDiscount>
      <itemStatus>1</itemStatus>
      <LastUpdateDate />
      <LastUpdateTime />
    </Product>
    <Product>
      <PriceUpdateDate>2019/06/30 12:20</PriceUpdateDate>
      <ItemCode>7290012193170</ItemCode>
      <ItemType>1</ItemType>
      <ItemName>אל סבון פמילי שלישייה מעורב פרלי</ItemName>
      <ManufactureName>דנשר (1963) בעמ</ManufactureName>
      <ManufactureCountry />
      <ManufactureItemDescription />
      <UnitQty>יח`</UnitQty>
      <Quantity>1</Quantity>
      <UnitMeasure />
      <BisWeighted>0</BisWeighted>
      <QtyInPackage>1</QtyInPackage>
      <ItemPrice>15.90</ItemPrice>
      <UnitOfMeasurePrice>15.90</UnitOfMeasurePrice>
      <AllowDiscount>0</AllowDiscount>
      <itemStatus>1</itemStatus>
      <LastUpdateDate />
      <LastUpdateTime />
    </Product>
    <Product>
      <PriceUpdateDate>2015/05/01 08:13</PriceUpdateDate>
      <ItemCode>7290012226021</ItemCode>
      <ItemType>1</ItemType>
      <ItemName>נקניק סלמי מעושן פראג זוגלובק (400 גרם)</ItemName>
      <ManufactureName>זוגלובק שיווק בעמ</ManufactureName>
      <ManufactureCountry />
      <ManufactureItemDescription />
      <UnitQty>יח`</UnitQty>
      <Quantity>400</Quantity>
      <UnitMeasure>גרם</UnitMeasure>
      <BisWeighted>0</BisWeighted>
      <QtyInPackage>1</QtyInPackage>
      <ItemPrice>21.90</ItemPrice>
      <UnitOfMeasurePrice>5.48</UnitOfMeasurePrice>
      <AllowDiscount>0</AllowDiscount>
      <itemStatus>1</itemStatus>
      <LastUpdateDate />
      <LastUpdateTime />
    </Product>
    <Product>
      <PriceUpdateDate>2015/12/03 11:43</PriceUpdateDate>
      <ItemCode>7290012226120</ItemCode>
      <ItemType>1</ItemType>
      <ItemName>קבנוס זוגלובק (45x3 גרם)</ItemName>
      <ManufactureName>זוגלובק שיווק בעמ</ManufactureName>
      <ManufactureCountry />
      <ManufactureItemDescription />
      <UnitQty>יח`</UnitQty>
      <Quantity>135</Quantity>
      <UnitMeasure>גרם</UnitMeasure>
      <BisWeighted>0</BisWeighted>
      <QtyInPackage>1</QtyInPackage>
      <ItemPrice>11.90</ItemPrice>
      <UnitOfMeasurePrice>8.81</UnitOfMeasurePrice>
      <AllowDiscount>1</AllowDiscount>
      <itemStatus>1</itemStatus>
      <LastUpdateDate />
      <LastUpdateTime />
    </Product>
    <Product>
      <PriceUpdateDate>2020/04/26 10:06</PriceUpdateDate>
      <ItemCode>7290012226342</ItemCode>
      <ItemType>1</ItemType>
      <ItemName>נקניקיה מן הצומח עשירה בחלבון 460  גר`זו</ItemName>
      <ManufactureName>זוגלובק שיווק בעמ</ManufactureName>
      <ManufactureCountry />
      <ManufactureItemDescription />
      <UnitQty>יח`</UnitQty>
      <Quantity>460</Quantity>
      <UnitMeasure>גרם</UnitMeasure>
      <BisWeighted>0</BisWeighted>
      <QtyInPackage>1</QtyInPackage>
      <ItemPrice>27.90</ItemPrice>
      <UnitOfMeasurePrice>6.07</UnitOfMeasurePrice>
      <AllowDiscount>0</AllowDiscount>
      <itemStatus>1</itemStatus>
      <LastUpdateDate />
      <LastUpdateTime />
    </Product>
    <Product>
      <PriceUpdateDate>2020/04/26 10:06</PriceUpdateDate>
      <ItemCode>7290012226816</ItemCode>
      <ItemType>1</ItemType>
      <ItemName>שניצל דק דק מן הצומח עשיר 540  גר`זוגלוב</ItemName>
      <ManufactureName>זוגלובק שיווק בעמ</ManufactureName>
      <ManufactureCountry />
      <ManufactureItemDescription />
      <UnitQty>יח`</UnitQty>
      <Quantity>540</Quantity>
      <UnitMeasure>גרם</UnitMeasure>
      <BisWeighted>0</BisWeighted>
      <QtyInPackage>1</QtyInPackage>
      <ItemPrice>27.90</ItemPrice>
      <UnitOfMeasurePrice>5.17</UnitOfMeasurePrice>
      <AllowDiscount>0</AllowDiscount>
      <itemStatus>1</itemStatus>
      <LastUpdateDate />
      <LastUpdateTime />
    </Product>
    <Product>
      <PriceUpdateDate>2015/12/03 11:43</PriceUpdateDate>
      <ItemCode>7290012226939</ItemCode>
      <ItemType>1</ItemType>
      <ItemName>קבנוס 135 גר` עם צ`ילי חריף זוגלובק</ItemName>
      <ManufactureName>זוגלובק שיווק בעמ</ManufactureName>
      <ManufactureCountry />
      <ManufactureItemDescription />
      <UnitQty>יח`</UnitQty>
      <Quantity>135</Quantity>
      <UnitMeasure>גרם</UnitMeasure>
      <BisWeighted>0</BisWeighted>
      <QtyInPackage>1</QtyInPackage>
      <ItemPrice>11.90</ItemPrice>
      <UnitOfMeasurePrice>8.81</UnitOfMeasurePrice>
      <AllowDiscount>1</AllowDiscount>
      <itemStatus>1</itemStatus>
      <LastUpdateDate />
      <LastUpdateTime />
    </Product>
    <Product>
      <PriceUpdateDate>2015/12/03 11:43</PriceUpdateDate>
      <ItemCode>7290012226946</ItemCode>
      <ItemType>1</ItemType>
      <ItemName>קבנוס בטעם בצל זוגלובק (45x3 גרם)</ItemName>
      <ManufactureName>זוגלובק שיווק בעמ</ManufactureName>
      <ManufactureCountry />
      <ManufactureItemDescription />
      <UnitQty>יח`</UnitQty>
      <Quantity>135</Quantity>
      <UnitMeasure>גרם</UnitMeasure>
      <BisWeighted>0</BisWeighted>
      <QtyInPackage>1</QtyInPackage>
      <ItemPrice>11.90</ItemPrice>
      <UnitOfMeasurePrice>8.81</UnitOfMeasurePrice>
      <AllowDiscount>1</AllowDiscount>
      <itemStatus>1</itemStatus>
      <LastUpdateDate />
      <LastUpdateTime />
    </Product>
    <Product>
      <PriceUpdateDate>2018/02/12 12:04</PriceUpdateDate>
      <ItemCode>7290012227172</ItemCode>
      <ItemType>1</ItemType>
      <ItemName>חרמון כפרית 300 גר`+ברביקיו 300 גר`</ItemName>
      <ManufactureName>זוגלובק שיווק בעמ</ManufactureName>
      <ManufactureCountry />
      <ManufactureItemDescription />
      <UnitQty>יח`</UnitQty>
      <Quantity>600</Quantity>
      <UnitMeasure>גרם</UnitMeasure>
      <BisWeighted>0</BisWeighted>
      <QtyInPackage>1</QtyInPackage>
      <ItemPrice>33.90</ItemPrice>
      <UnitOfMeasurePrice>5.65</UnitOfMeasurePrice>
      <AllowDiscount>1</AllowDiscount>
      <itemStatus>1</itemStatus>
      <LastUpdateDate />
      <LastUpdateTime />
    </Product>
    <Product>
      <PriceUpdateDate>2016/01/19 08:27</PriceUpdateDate>
      <ItemCode>7290012227691</ItemCode>
      <ItemType>1</ItemType>
      <ItemName>זוגלובק סלמי פפרוני 360 ג</ItemName>
      <ManufactureName>זוגלובק שיווק בעמ</ManufactureName>
      <ManufactureCountry />
      <ManufactureItemDescription />
      <UnitQty>יח`</UnitQty>
      <Quantity>360</Quantity>
      <UnitMeasure>גרם</UnitMeasure>
      <BisWeighted>0</BisWeighted>
      <QtyInPackage>1</QtyInPackage>
      <ItemPrice>19.90</ItemPrice>
      <UnitOfMeasurePrice>5.53</UnitOfMeasurePrice>
      <AllowDiscount>0</AllowDiscount>
      <itemStatus>1</itemStatus>
      <LastUpdateDate />
      <LastUpdateTime />
    </Product>
    <Product>
      <PriceUpdateDate>2015/03/25 13:22</PriceUpdateDate>
      <ItemCode>7290012227769</ItemCode>
      <ItemType>1</ItemType>
      <ItemName>פסטרמה ברביקיו 400 גר`(מחפוד)</ItemName>
      <ManufactureName>זוגלובק שיווק בעמ</ManufactureName>
      <ManufactureCountry />
      <ManufactureItemDescription />
      <UnitQty>יח`</UnitQty>
      <Quantity>400</Quantity>
      <UnitMeasure>גרם</UnitMeasure>
      <BisWeighted>0</BisWeighted>
      <QtyInPackage>1</QtyInPackage>
      <ItemPrice>19.90</ItemPrice>
      <UnitOfMeasurePrice>4.98</UnitOfMeasurePrice>
      <AllowDiscount>0</AllowDiscount>
      <itemStatus>1</itemStatus>
      <LastUpdateDate />
      <LastUpdateTime />
    </Product>
    <Product>
      <PriceUpdateDate>2016/06/07 18:31</PriceUpdateDate>
      <ItemCode>7290012227912</ItemCode>
      <ItemType>1</ItemType>
      <ItemName>קבנוס מעודן 135 גרם</ItemName>
      <ManufactureName>זוגלובק שיווק בעמ</ManufactureName>
      <ManufactureCountry />
      <ManufactureItemDescription />
      <UnitQty>יח`</UnitQty>
      <Quantity>135</Quantity>
      <UnitMeasure>גרם</UnitMeasure>
      <BisWeighted>0</BisWeighted>
      <QtyInPackage>1</QtyInPackage>
      <ItemPrice>10.90</ItemPrice>
      <UnitOfMeasurePrice>8.07</UnitOfMeasurePrice>
      <AllowDiscount>1</AllowDiscount>
      <itemStatus>1</itemStatus>
      <LastUpdateDate />
      <LastUpdateTime />
    </Product>
    <Product>
      <PriceUpdateDate>2017/11/26 13:20</PriceUpdateDate>
      <ItemCode>7290012228124</ItemCode>
      <ItemType>1</ItemType>
      <ItemName>קבנוס סטיקס 50 גר` זוגלובק</ItemName>
      <ManufactureName>זוגלובק שיווק בעמ</ManufactureName>
      <ManufactureCountry />
      <ManufactureItemDescription />
      <UnitQty>יח`</UnitQty>
      <Quantity>50</Quantity>
      <UnitMeasure>גרם</UnitMeasure>
      <BisWeighted>0</BisWeighted>
      <QtyInPackage>1</QtyInPackage>
      <ItemPrice>9.90</ItemPrice>
      <UnitOfMeasurePrice>19.80</UnitOfMeasurePrice>
      <AllowDiscount>1</AllowDiscount>
      <itemStatus>1</itemStatus>
      <LastUpdateDate />
      <LastUpdateTime />
    </Product>
    <Product>
      <PriceUpdateDate>2017/12/11 07:51</PriceUpdateDate>
      <ItemCode>7290012228193</ItemCode>
      <ItemType>1</ItemType>
      <ItemName>בורקס מיני תפוח אדמה 400 גר` זוגלובק</ItemName>
      <ManufactureName>זוגלובק שיווק בעמ</ManufactureName>
      <ManufactureCountry />
      <ManufactureItemDescription />
      <UnitQty>יח`</UnitQty>
      <Quantity>400</Quantity>
      <UnitMeasure>גרם</UnitMeasure>
      <BisWeighted>0</BisWeighted>
      <QtyInPackage>1</QtyInPackage>
      <ItemPrice>11.90</ItemPrice>
      <UnitOfMeasurePrice>2.98</UnitOfMeasurePrice>
      <AllowDiscount>1</AllowDiscount>
      <itemStatus>1</itemStatus>
      <LastUpdateDate />
      <LastUpdateTime />
    </Product>
    <Product>
      <PriceUpdateDate>2018/06/10 18:41</PriceUpdateDate>
      <ItemCode>7290012228520</ItemCode>
      <ItemType>1</ItemType>
      <ItemName>ריבועי בצק עלים 400 גר` זוגלובק מיקי שמו</ItemName>
      <ManufactureName>זוגלובק שיווק בעמ</ManufactureName>
      <ManufactureCountry />
      <ManufactureItemDescription />
      <UnitQty>יח`</UnitQty>
      <Quantity>400</Quantity>
      <UnitMeasure>גרם</UnitMeasure>
      <BisWeighted>0</BisWeighted>
      <QtyInPackage>1</QtyInPackage>
      <ItemPrice>14.90</ItemPrice>
      <UnitOfMeasurePrice>3.73</UnitOfMeasurePrice>
      <AllowDiscount>0</AllowDiscount>
      <itemStatus>1</itemStatus>
      <LastUpdateDate />
      <LastUpdateTime />
    </Product>
    <Product>
      <PriceUpdateDate>2019/08/19 16:57</PriceUpdateDate>
      <ItemCode>7290012228711</ItemCode>
      <ItemType>1</ItemType>
      <ItemName>קבנוס סטיקס בטעם סיציליאני 50 גר` זוגלו</ItemName>
      <ManufactureName>זוגלובק שיווק בעמ</ManufactureName>
      <ManufactureCountry />
      <ManufactureItemDescription />
      <UnitQty>יח`</UnitQty>
      <Quantity>50</Quantity>
      <UnitMeasure>גרם</UnitMeasure>
      <BisWeighted>0</BisWeighted>
      <QtyInPackage>1</QtyInPackage>
      <ItemPrice>9.90</ItemPrice>
      <UnitOfMeasurePrice>19.80</UnitOfMeasurePrice>
      <AllowDiscount>1</AllowDiscount>
      <itemStatus>1</itemStatus>
      <LastUpdateDate />
      <LastUpdateTime />
    </Product>
    <Product>
      <PriceUpdateDate>2019/08/19 16:57</PriceUpdateDate>
      <ItemCode>7290012228728</ItemCode>
      <ItemType>1</ItemType>
      <ItemName>קבנוס סטיקס בטעם מקסיקני 50 גר` זוגלובק</ItemName>
      <ManufactureName>זוגלובק שיווק בעמ</ManufactureName>
      <ManufactureCountry />
      <ManufactureItemDescription />
      <UnitQty>יח`</UnitQty>
      <Quantity>50</Quantity>
      <UnitMeasure>גרם</UnitMeasure>
      <BisWeighted>0</BisWeighted>
      <QtyInPackage>1</QtyInPackage>
      <ItemPrice>9.90</ItemPrice>
      <UnitOfMeasurePrice>19.80</UnitOfMeasurePrice>
      <AllowDiscount>1</AllowDiscount>
      <itemStatus>1</itemStatus>
      <LastUpdateDate />
      <LastUpdateTime />
    </Product>
    <Product>
      <PriceUpdateDate>2019/11/26 14:05</PriceUpdateDate>
      <ItemCode>7290012228742</ItemCode>
      <ItemType>1</ItemType>
      <ItemName>נקניקיות מרגז קפואות זוגלובק (450 גרם)</ItemName>
      <ManufactureName>זוגלובק שיווק בעמ</ManufactureName>
      <ManufactureCountry />
      <ManufactureItemDescription />
      <UnitQty>יח`</UnitQty>
      <Quantity>450</Quantity>
      <UnitMeasure>גרם</UnitMeasure>
      <BisWeighted>0</BisWeighted>
      <QtyInPackage>1</QtyInPackage>
      <ItemPrice>29.90</ItemPrice>
      <UnitOfMeasurePrice>6.64</UnitOfMeasurePrice>
      <AllowDiscount>1</AllowDiscount>
      <itemStatus>1</itemStatus>
      <LastUpdateDate />
      <LastUpdateTime />
    </Product>
    <Product>
      <PriceUpdateDate>2019/12/01 11:11</PriceUpdateDate>
      <ItemCode>7290012228759</ItemCode>
      <ItemType>1</ItemType>
      <ItemName>פסטרמה בדבש גריל מופחת נתרן 330גר</ItemName>
      <ManufactureName>זוגלובק שיווק בעמ</ManufactureName>
      <ManufactureCountry />
      <ManufactureItemDescription />
      <UnitQty>יח`</UnitQty>
      <Quantity>330</Quantity>
      <UnitMeasure>גרם</UnitMeasure>
      <BisWeighted>0</BisWeighted>
      <QtyInPackage>1</QtyInPackage>
      <ItemPrice>28.90</ItemPrice>
      <UnitOfMeasurePrice>8.76</UnitOfMeasurePrice>
      <AllowDiscount>1</AllowDiscount>
      <itemStatus>1</itemStatus>
      <LastUpdateDate />
      <LastUpdateTime />
    </Product>
    <Product>
      <PriceUpdateDate>2020/01/05 11:31</PriceUpdateDate>
      <ItemCode>7290012228841</ItemCode>
      <ItemType>1</ItemType>
      <ItemName>אקטיב פסטרמה הודו בדבש 125 גר זוגלובק</ItemName>
      <ManufactureName>זוגלובק שיווק בעמ</ManufactureName>
      <ManufactureCountry />
      <ManufactureItemDescription />
      <UnitQty>יח`</UnitQty>
      <Quantity>125</Quantity>
      <UnitMeasure>גרם</UnitMeasure>
      <BisWeighted>0</BisWeighted>
      <QtyInPackage>1</QtyInPackage>
      <ItemPrice>16.90</ItemPrice>
      <UnitOfMeasurePrice>13.52</UnitOfMeasurePrice>
      <AllowDiscount>0</AllowDiscount>
      <itemStatus>1</itemStatus>
      <LastUpdateDate />
      <LastUpdateTime />
    </Product>
    <Product>
      <PriceUpdateDate>2020/01/05 11:31</PriceUpdateDate>
      <ItemCode>7290012228858</ItemCode>
      <ItemType>1</ItemType>
      <ItemName>אקטיב פסטרמה הודו ברבקין 125 גר זוגלובק</ItemName>
      <ManufactureName>זוגלובק שיווק בעמ</ManufactureName>
      <ManufactureCountry />
      <ManufactureItemDescription />
      <UnitQty>יח`</UnitQty>
      <Quantity>125</Quantity>
      <UnitMeasure>גרם</UnitMeasure>
      <BisWeighted>0</BisWeighted>
      <QtyInPackage>1</QtyInPackage>
      <ItemPrice>16.90</ItemPrice>
      <UnitOfMeasurePrice>13.52</UnitOfMeasurePrice>
      <AllowDiscount>0</AllowDiscount>
      <itemStatus>1</itemStatus>
      <LastUpdateDate />
      <LastUpdateTime />
    </Product>
    <Product>
      <PriceUpdateDate>2020/03/23 06:41</PriceUpdateDate>
      <ItemCode>7290012245312</ItemCode>
      <ItemType>1</ItemType>
      <ItemName>גולד צ`יפס אמריקאי 1.5 קג</ItemName>
      <ManufactureName>קפוא-זן תעשיות מזון בעמ - תפוג</ManufactureName>
      <ManufactureCountry />
      <ManufactureItemDescription />
      <UnitQty>יח`</UnitQty>
      <Quantity>1.50</Quantity>
      <UnitMeasure>גרם</UnitMeasure>
      <BisWeighted>0</BisWeighted>
      <QtyInPackage>1</QtyInPackage>
      <ItemPrice>15.90</ItemPrice>
      <UnitOfMeasurePrice>1060</UnitOfMeasurePrice>
      <AllowDiscount>0</AllowDiscount>
      <itemStatus>1</itemStatus>
      <LastUpdateDate />
      <LastUpdateTime />
    </Product>
    <Product>
      <PriceUpdateDate>2020/03/23 06:41</PriceUpdateDate>
      <ItemCode>7290012245329</ItemCode>
      <ItemType>1</ItemType>
      <ItemName>גולד צ`יפס קלאסי 1.5 קג</ItemName>
      <ManufactureName>קפוא-זן תעשיות מזון בעמ - תפוג</ManufactureName>
      <ManufactureCountry />
      <ManufactureItemDescription />
      <UnitQty>יח`</UnitQty>
      <Quantity>1.50</Quantity>
      <UnitMeasure>גרם</UnitMeasure>
      <BisWeighted>0</BisWeighted>
      <QtyInPackage>1</QtyInPackage>
      <ItemPrice>15.90</ItemPrice>
      <UnitOfMeasurePrice>1060</UnitOfMeasurePrice>
      <AllowDiscount>0</AllowDiscount>
      <itemStatus>1</itemStatus>
      <LastUpdateDate />
      <LastUpdateTime />
    </Product>
    <Product>
      <PriceUpdateDate>2020/03/23 06:41</PriceUpdateDate>
      <ItemCode>7290012245336</ItemCode>
      <ItemType>1</ItemType>
      <ItemName>גולד סטייק צ`פיס 1.5 קג</ItemName>
      <ManufactureName>קפוא-זן תעשיות מזון בעמ - תפוג</ManufactureName>
      <ManufactureCountry />
      <ManufactureItemDescription />
      <UnitQty>יח`</UnitQty>
      <Quantity>1.50</Quantity>
      <UnitMeasure>גרם</UnitMeasure>
      <BisWeighted>0</BisWeighted>
      <QtyInPackage>1</QtyInPackage>
      <ItemPrice>15.90</ItemPrice>
      <UnitOfMeasurePrice>1060</UnitOfMeasurePrice>
      <AllowDiscount>0</AllowDiscount>
      <itemStatus>1</itemStatus>
      <LastUpdateDate />
      <LastUpdateTime />
    </Product>
    <Product>
      <PriceUpdateDate>2020/03/23 06:41</PriceUpdateDate>
      <ItemCode>7290012245343</ItemCode>
      <ItemType>1</ItemType>
      <ItemName>גולד צ`יפס זיג זג 1.5 קג</ItemName>
      <ManufactureName>קפוא-זן תעשיות מזון בעמ - תפוג</ManufactureName>
      <ManufactureCountry />
      <ManufactureItemDescription />
      <UnitQty>יח`</UnitQty>
      <Quantity>1.50</Quantity>
      <UnitMeasure>גרם</UnitMeasure>
      <BisWeighted>0</BisWeighted>
      <QtyInPackage>1</QtyInPackage>
      <ItemPrice>15.90</ItemPrice>
      <UnitOfMeasurePrice>1060</UnitOfMeasurePrice>
      <AllowDiscount>0</AllowDiscount>
      <itemStatus>1</itemStatus>
      <LastUpdateDate />
      <LastUpdateTime />
    </Product>
    <Product>
      <PriceUpdateDate>2015/03/02 10:55</PriceUpdateDate>
      <ItemCode>7290012309939</ItemCode>
      <ItemType>1</ItemType>
      <ItemName>חלבה מסולסלת</ItemName>
      <ManufactureName>דין שיווק וקליה בעמ</ManufactureName>
      <ManufactureCountry />
      <ManufactureItemDescription />
      <UnitQty>יח`</UnitQty>
      <Quantity>500</Quantity>
      <UnitMeasure>גרם</UnitMeasure>
      <BisWeighted>0</BisWeighted>
      <QtyInPackage>1</QtyInPackage>
      <ItemPrice>14.90</ItemPrice>
      <UnitOfMeasurePrice>2.98</UnitOfMeasurePrice>
      <AllowDiscount>0</AllowDiscount>
      <itemStatus>1</itemStatus>
      <LastUpdateDate />
      <LastUpdateTime />
    </Product>
    <Product>
      <PriceUpdateDate>2017/04/04 17:34</PriceUpdateDate>
      <ItemCode>7290012313264</ItemCode>
      <ItemType>1</ItemType>
      <ItemName>כרוב כבוש יבנה</ItemName>
      <ManufactureName>קבוצת יבנה מוצרי מזון אגודה שי</ManufactureName>
      <ManufactureCountry />
      <ManufactureItemDescription />
      <UnitQty>יח`</UnitQty>
      <Quantity>430</Quantity>
      <UnitMeasure>גרם</UnitMeasure>
      <BisWeighted>0</BisWeighted>
      <QtyInPackage>1</QtyInPackage>
      <ItemPrice>7.90</ItemPrice>
      <UnitOfMeasurePrice>1.84</UnitOfMeasurePrice>
      <AllowDiscount>0</AllowDiscount>
      <itemStatus>1</itemStatus>
      <LastUpdateDate />
      <LastUpdateTime />
    </Product>
    <Product>
      <PriceUpdateDate>2015/07/07 08:43</PriceUpdateDate>
      <ItemCode>7290012313547</ItemCode>
      <ItemType>1</ItemType>
      <ItemName>זיתים קלמטה בחומץ יין</ItemName>
      <ManufactureName>קבוצת יבנה מוצרי מזון אגודה שי</ManufactureName>
      <ManufactureCountry />
      <ManufactureItemDescription />
      <UnitQty>יח`</UnitQty>
      <Quantity>560</Quantity>
      <UnitMeasure>גרם</UnitMeasure>
      <BisWeighted>0</BisWeighted>
      <QtyInPackage>1</QtyInPackage>
      <ItemPrice>9.90</ItemPrice>
      <UnitOfMeasurePrice>1.77</UnitOfMeasurePrice>
      <AllowDiscount>0</AllowDiscount>
      <itemStatus>1</itemStatus>
      <LastUpdateDate />
      <LastUpdateTime />
    </Product>
    <Product>
      <PriceUpdateDate>2017/12/24 08:53</PriceUpdateDate>
      <ItemCode>7290012367700</ItemCode>
      <ItemType>1</ItemType>
      <ItemName>אפקטיב קר קרם גוף 700 מל</ItemName>
      <ManufactureName>פישר תעשיות פרמצבטיות בעמ</ManufactureName>
      <ManufactureCountry />
      <ManufactureItemDescription />
      <UnitQty>יח`</UnitQty>
      <Quantity>700</Quantity>
      <UnitMeasure>מ"ל</UnitMeasure>
      <BisWeighted>0</BisWeighted>
      <QtyInPackage>1</QtyInPackage>
      <ItemPrice>29.90</ItemPrice>
      <UnitOfMeasurePrice>4.27</UnitOfMeasurePrice>
      <AllowDiscount>0</AllowDiscount>
      <itemStatus>1</itemStatus>
      <LastUpdateDate />
      <LastUpdateTime />
    </Product>
    <Product>
      <PriceUpdateDate>2019/01/15 08:38</PriceUpdateDate>
      <ItemCode>7290012404160</ItemCode>
      <ItemType>1</ItemType>
      <ItemName>שוופס מוגז פירות אשכולית אדומה 1.5 ליטר</ItemName>
      <ManufactureName>יפאורה</ManufactureName>
      <ManufactureCountry />
      <ManufactureItemDescription />
      <UnitQty>יח`</UnitQty>
      <Quantity>1.50</Quantity>
      <UnitMeasure>1 ליטר</UnitMeasure>
      <BisWeighted>0</BisWeighted>
      <QtyInPackage>1</QtyInPackage>
      <ItemPrice>6.90</ItemPrice>
      <UnitOfMeasurePrice>4.60</UnitOfMeasurePrice>
      <AllowDiscount>1</AllowDiscount>
      <itemStatus>1</itemStatus>
      <LastUpdateDate />
      <LastUpdateTime />
    </Product>
    <Product>
      <PriceUpdateDate>2014/05/13 11:48</PriceUpdateDate>
      <ItemCode>7290012404238</ItemCode>
      <ItemType>1</ItemType>
      <ItemName>משקה ראשן שוופס (1.5 ליטר)</ItemName>
      <ManufactureName>יפאורה</ManufactureName>
      <ManufactureCountry />
      <ManufactureItemDescription />
      <UnitQty>יח`</UnitQty>
      <Quantity>1500</Quantity>
      <UnitMeasure>מ"ל</UnitMeasure>
      <BisWeighted>0</BisWeighted>
      <QtyInPackage>1</QtyInPackage>
      <ItemPrice>9.90</ItemPrice>
      <UnitOfMeasurePrice>0.66</UnitOfMeasurePrice>
      <AllowDiscount>0</AllowDiscount>
      <itemStatus>1</itemStatus>
      <LastUpdateDate />
      <LastUpdateTime />
    </Product>
    <Product>
      <PriceUpdateDate>2019/03/24 12:39</PriceUpdateDate>
      <ItemCode>7290012404283</ItemCode>
      <ItemType>1</ItemType>
      <ItemName>משקה קל מנגו עסיסי תפוזינה (1.5 ליטר)</ItemName>
      <ManufactureName>יפאורה</ManufactureName>
      <ManufactureCountry />
      <ManufactureItemDescription />
      <UnitQty>יח`</UnitQty>
      <Quantity>1500</Quantity>
      <UnitMeasure>מ"ל</UnitMeasure>
      <BisWeighted>0</BisWeighted>
      <QtyInPackage>1</QtyInPackage>
      <ItemPrice>6.50</ItemPrice>
      <UnitOfMeasurePrice>0.43</UnitOfMeasurePrice>
      <AllowDiscount>1</AllowDiscount>
      <itemStatus>1</itemStatus>
      <LastUpdateDate />
      <LastUpdateTime />
    </Product>
    <Product>
      <PriceUpdateDate>2019/01/15 08:38</PriceUpdateDate>
      <ItemCode>7290012404320</ItemCode>
      <ItemType>1</ItemType>
      <ItemName>משקה קל ענבים ספרינג (1.5 ליטר)</ItemName>
      <ManufactureName>יפאורה</ManufactureName>
      <ManufactureCountry />
      <ManufactureItemDescription />
      <UnitQty>יח`</UnitQty>
      <Quantity>1500</Quantity>
      <UnitMeasure>מ"ל</UnitMeasure>
      <BisWeighted>0</BisWeighted>
      <QtyInPackage>1</QtyInPackage>
      <ItemPrice>6.40</ItemPrice>
      <UnitOfMeasurePrice>0.43</UnitOfMeasurePrice>
      <AllowDiscount>1</AllowDiscount>
      <itemStatus>1</itemStatus>
      <LastUpdateDate />
      <LastUpdateTime />
    </Product>
    <Product>
      <PriceUpdateDate>2019/01/15 08:38</PriceUpdateDate>
      <ItemCode>7290012404863</ItemCode>
      <ItemType>1</ItemType>
      <ItemName>תה קר מנגו אפרסק ספרינג (1.5 ליטר)</ItemName>
      <ManufactureName>יפאורה</ManufactureName>
      <ManufactureCountry />
      <ManufactureItemDescription />
      <UnitQty>יח`</UnitQty>
      <Quantity>1.50</Quantity>
      <UnitMeasure>1 ליטר</UnitMeasure>
      <BisWeighted>0</BisWeighted>
      <QtyInPackage>1</QtyInPackage>
      <ItemPrice>6.40</ItemPrice>
      <UnitOfMeasurePrice>4.27</UnitOfMeasurePrice>
      <AllowDiscount>1</AllowDiscount>
      <itemStatus>1</itemStatus>
      <LastUpdateDate />
      <LastUpdateTime />
    </Product>
    <Product>
      <PriceUpdateDate>2015/11/13 08:08</PriceUpdateDate>
      <ItemCode>7290012404955</ItemCode>
      <ItemType>1</ItemType>
      <ItemName>נקטר חמוציות ספרינג קולקשן (1.25 ליטר)</ItemName>
      <ManufactureName>יפאורה</ManufactureName>
      <ManufactureCountry />
      <ManufactureItemDescription />
      <UnitQty>יח`</UnitQty>
      <Quantity>1250</Quantity>
      <UnitMeasure>מ"ל</UnitMeasure>
      <BisWeighted>0</BisWeighted>
      <QtyInPackage>1</QtyInPackage>
      <ItemPrice>9.90</ItemPrice>
      <UnitOfMeasurePrice>0.77</UnitOfMeasurePrice>
      <AllowDiscount>0</AllowDiscount>
      <itemStatus>1</itemStatus>
      <LastUpdateDate />
      <LastUpdateTime />
    </Product>
    <Product>
      <PriceUpdateDate>2014/07/07 13:06</PriceUpdateDate>
      <ItemCode>7290012454578</ItemCode>
      <ItemType>1</ItemType>
      <ItemName>קישוטי עוגה 70 גר`</ItemName>
      <ManufactureName>מיה תעשיות מזון מ.ת.מ. בעמ</ManufactureName>
      <ManufactureCountry />
      <ManufactureItemDescription />
      <UnitQty>יח`</UnitQty>
      <Quantity>70</Quantity>
      <UnitMeasure>גרם</UnitMeasure>
      <BisWeighted>0</BisWeighted>
      <QtyInPackage>1</QtyInPackage>
      <ItemPrice>5.90</ItemPrice>
      <UnitOfMeasurePrice>8.43</UnitOfMeasurePrice>
      <AllowDiscount>1</AllowDiscount>
      <itemStatus>1</itemStatus>
      <LastUpdateDate />
      <LastUpdateTime />
    </Product>
    <Product>
      <PriceUpdateDate>2015/12/01 16:31</PriceUpdateDate>
      <ItemCode>7290012454608</ItemCode>
      <ItemType>1</ItemType>
      <ItemName>תן צ`אפ גלגלים 60 גר`</ItemName>
      <ManufactureName>מיה תעשיות מזון מ.ת.מ. בעמ</ManufactureName>
      <ManufactureCountry />
      <ManufactureItemDescription />
      <UnitQty>יח`</UnitQty>
      <Quantity>60</Quantity>
      <UnitMeasure>גרם</UnitMeasure>
      <BisWeighted>0</BisWeighted>
      <QtyInPackage>1</QtyInPackage>
      <ItemPrice>3.90</ItemPrice>
      <UnitOfMeasurePrice>6.50</UnitOfMeasurePrice>
      <AllowDiscount>0</AllowDiscount>
      <itemStatus>1</itemStatus>
      <LastUpdateDate />
      <LastUpdateTime />
    </Product>
    <Product>
      <PriceUpdateDate>2014/04/25 08:28</PriceUpdateDate>
      <ItemCode>7290012483608</ItemCode>
      <ItemType>1</ItemType>
      <ItemName>אורז בסמטי דאווט וילי פוד (5 קג)</ItemName>
      <ManufactureName>ג.וילי-פוד אינטרנשיונל בעמ</ManufactureName>
      <ManufactureCountry />
      <ManufactureItemDescription />
      <UnitQty>יח`</UnitQty>
      <Quantity>5</Quantity>
      <UnitMeasure>ק"ג</UnitMeasure>
      <BisWeighted>0</BisWeighted>
      <QtyInPackage>1</QtyInPackage>
      <ItemPrice>49.90</ItemPrice>
      <UnitOfMeasurePrice>9.98</UnitOfMeasurePrice>
      <AllowDiscount>0</AllowDiscount>
      <itemStatus>1</itemStatus>
      <LastUpdateDate />
      <LastUpdateTime />
    </Product>
    <Product>
      <PriceUpdateDate>2015/05/31 10:23</PriceUpdateDate>
      <ItemCode>7290012522581</ItemCode>
      <ItemType>1</ItemType>
      <ItemName>שניצל תירס ללא גלוטן טבעול (664 גרם)</ItemName>
      <ManufactureName>קבוצת אסם סחר שות. מוגבלת</ManufactureName>
      <ManufactureCountry />
      <ManufactureItemDescription />
      <UnitQty>יח`</UnitQty>
      <Quantity>750</Quantity>
      <UnitMeasure>גרם</UnitMeasure>
      <BisWeighted>0</BisWeighted>
      <QtyInPackage>1</QtyInPackage>
      <ItemPrice>19.90</ItemPrice>
      <UnitOfMeasurePrice>2.65</UnitOfMeasurePrice>
      <AllowDiscount>0</AllowDiscount>
      <itemStatus>1</itemStatus>
      <LastUpdateDate />
      <LastUpdateTime />
    </Product>
    <Product>
      <PriceUpdateDate>2018/03/05 08:06</PriceUpdateDate>
      <ItemCode>7290012576591</ItemCode>
      <ItemType>1</ItemType>
      <ItemName>רזרב גוורצטרמינר 750 מל יקבי ברקן</ItemName>
      <ManufactureName>טמפו משקאות בעמ</ManufactureName>
      <ManufactureCountry />
      <ManufactureItemDescription />
      <UnitQty>יח`</UnitQty>
      <Quantity>750</Quantity>
      <UnitMeasure>מ"ל</UnitMeasure>
      <BisWeighted>0</BisWeighted>
      <QtyInPackage>1</QtyInPackage>
      <ItemPrice>49.90</ItemPrice>
      <UnitOfMeasurePrice>6.61</UnitOfMeasurePrice>
      <AllowDiscount>1</AllowDiscount>
      <itemStatus>1</itemStatus>
      <LastUpdateDate />
      <LastUpdateTime />
    </Product>
    <Product>
      <PriceUpdateDate>2015/05/01 11:16</PriceUpdateDate>
      <ItemCode>7290012576607</ItemCode>
      <ItemType>1</ItemType>
      <ItemName>יין פרימייר אדום -קברנה סובניון ומלבק</ItemName>
      <ManufactureName>טמפו משקאות בעמ</ManufactureName>
      <ManufactureCountry />
      <ManufactureItemDescription />
      <UnitQty>יח`</UnitQty>
      <Quantity>750</Quantity>
      <UnitMeasure>מ"ל</UnitMeasure>
      <BisWeighted>0</BisWeighted>
      <QtyInPackage>1</QtyInPackage>
      <ItemPrice>24.90</ItemPrice>
      <UnitOfMeasurePrice>3.28</UnitOfMeasurePrice>
      <AllowDiscount>1</AllowDiscount>
      <itemStatus>1</itemStatus>
      <LastUpdateDate />
      <LastUpdateTime />
    </Product>
    <Product>
      <PriceUpdateDate>2015/05/01 11:16</PriceUpdateDate>
      <ItemCode>7290012576614</ItemCode>
      <ItemType>1</ItemType>
      <ItemName>פרמייר אמרלד ריזלינג יקבי ברקן (750 מל)</ItemName>
      <ManufactureName>טמפו משקאות בעמ</ManufactureName>
      <ManufactureCountry />
      <ManufactureItemDescription />
      <UnitQty>יח`</UnitQty>
      <Quantity>750</Quantity>
      <UnitMeasure>מ"ל</UnitMeasure>
      <BisWeighted>0</BisWeighted>
      <QtyInPackage>1</QtyInPackage>
      <ItemPrice>24.90</ItemPrice>
      <UnitOfMeasurePrice>3.28</UnitOfMeasurePrice>
      <AllowDiscount>1</AllowDiscount>
      <itemStatus>1</itemStatus>
      <LastUpdateDate />
      <LastUpdateTime />
    </Product>
    <Product>
      <PriceUpdateDate>2015/01/05 09:47</PriceUpdateDate>
      <ItemCode>7290012642678</ItemCode>
      <ItemType>1</ItemType>
      <ItemName>חתיכות אננס בסירופ קל תומר (113x4 גרם)</ItemName>
      <ManufactureName>תומר יבוא ושיווק מוצרי מזון (1</ManufactureName>
      <ManufactureCountry />
      <ManufactureItemDescription />
      <UnitQty>יח`</UnitQty>
      <Quantity>452</Quantity>
      <UnitMeasure>גרם</UnitMeasure>
      <BisWeighted>0</BisWeighted>
      <QtyInPackage>1</QtyInPackage>
      <ItemPrice>9.90</ItemPrice>
      <UnitOfMeasurePrice>2.19</UnitOfMeasurePrice>
      <AllowDiscount>1</AllowDiscount>
      <itemStatus>1</itemStatus>
      <LastUpdateDate />
      <LastUpdateTime />
    </Product>
    <Product>
      <PriceUpdateDate>2015/01/05 09:47</PriceUpdateDate>
      <ItemCode>7290012642685</ItemCode>
      <ItemType>1</ItemType>
      <ItemName>אפרסק פירות בכוסות רביעיה</ItemName>
      <ManufactureName>תומר יבוא ושיווק מוצרי מזון (1</ManufactureName>
      <ManufactureCountry />
      <ManufactureItemDescription />
      <UnitQty>יח`</UnitQty>
      <Quantity>452</Quantity>
      <UnitMeasure>גרם</UnitMeasure>
      <BisWeighted>0</BisWeighted>
      <QtyInPackage>1</QtyInPackage>
      <ItemPrice>9.90</ItemPrice>
      <UnitOfMeasurePrice>2.19</UnitOfMeasurePrice>
      <AllowDiscount>1</AllowDiscount>
      <itemStatus>1</itemStatus>
      <LastUpdateDate />
      <LastUpdateTime />
    </Product>
    <Product>
      <PriceUpdateDate>2020/01/14 17:55</PriceUpdateDate>
      <ItemCode>7290012642869</ItemCode>
      <ItemType>1</ItemType>
      <ItemName>פלפלונים אדום בחומץ חריף 540 מ`ל תומר</ItemName>
      <ManufactureName>תומר יבוא ושיווק מוצרי מזון (1</ManufactureName>
      <ManufactureCountry />
      <ManufactureItemDescription />
      <UnitQty>יח`</UnitQty>
      <Quantity>540</Quantity>
      <UnitMeasure>מ"ל</UnitMeasure>
      <BisWeighted>0</BisWeighted>
      <QtyInPackage>1</QtyInPackage>
      <ItemPrice>9.90</ItemPrice>
      <UnitOfMeasurePrice>1.83</UnitOfMeasurePrice>
      <AllowDiscount>0</AllowDiscount>
      <itemStatus>1</itemStatus>
      <LastUpdateDate />
      <LastUpdateTime />
    </Product>
    <Product>
      <PriceUpdateDate>2020/01/14 17:55</PriceUpdateDate>
      <ItemCode>7290012642876</ItemCode>
      <ItemType>1</ItemType>
      <ItemName>פלפלונים מעורב בחומץ חריף 530 מ`ל תומר</ItemName>
      <ManufactureName>תומר יבוא ושיווק מוצרי מזון (1</ManufactureName>
      <ManufactureCountry />
      <ManufactureItemDescription />
      <UnitQty>יח`</UnitQty>
      <Quantity>530</Quantity>
      <UnitMeasure>מ"ל</UnitMeasure>
      <BisWeighted>0</BisWeighted>
      <QtyInPackage>1</QtyInPackage>
      <ItemPrice>9.90</ItemPrice>
      <UnitOfMeasurePrice>1.87</UnitOfMeasurePrice>
      <AllowDiscount>0</AllowDiscount>
      <itemStatus>1</itemStatus>
      <LastUpdateDate />
      <LastUpdateTime />
    </Product>
    <Product>
      <PriceUpdateDate>2017/05/10 07:22</PriceUpdateDate>
      <ItemCode>7290012645112</ItemCode>
      <ItemType>1</ItemType>
      <ItemName>יוגורט עיזים 750 מל בדלי</ItemName>
      <ManufactureName>שטראוס גרופ בעמ/מצונן</ManufactureName>
      <ManufactureCountry />
      <ManufactureItemDescription />
      <UnitQty>יח`</UnitQty>
      <Quantity>750</Quantity>
      <UnitMeasure>מ"ל</UnitMeasure>
      <BisWeighted>0</BisWeighted>
      <QtyInPackage>1</QtyInPackage>
      <ItemPrice>19.90</ItemPrice>
      <UnitOfMeasurePrice>2.65</UnitOfMeasurePrice>
      <AllowDiscount>0</AllowDiscount>
      <itemStatus>1</itemStatus>
      <LastUpdateDate />
      <LastUpdateTime />
    </Product>
    <Product>
      <PriceUpdateDate>2020/04/30 08:27</PriceUpdateDate>
      <ItemCode>7290012665059</ItemCode>
      <ItemType>1</ItemType>
      <ItemName>קובה מרק 400 גר</ItemName>
      <ManufactureName>חמים וטעים בעמ</ManufactureName>
      <ManufactureCountry />
      <ManufactureItemDescription />
      <UnitQty>יח`</UnitQty>
      <Quantity>400</Quantity>
      <UnitMeasure>גרם</UnitMeasure>
      <BisWeighted>0</BisWeighted>
      <QtyInPackage>1</QtyInPackage>
      <ItemPrice>11.90</ItemPrice>
      <UnitOfMeasurePrice>2.98</UnitOfMeasurePrice>
      <AllowDiscount>0</AllowDiscount>
      <itemStatus>1</itemStatus>
      <LastUpdateDate />
      <LastUpdateTime />
    </Product>
    <Product>
      <PriceUpdateDate>2020/04/30 08:27</PriceUpdateDate>
      <ItemCode>7290012665073</ItemCode>
      <ItemType>1</ItemType>
      <ItemName>רביולי בטטה</ItemName>
      <ManufactureName>חמים וטעים בעמ</ManufactureName>
      <ManufactureCountry />
      <ManufactureItemDescription />
      <UnitQty>יח`</UnitQty>
      <Quantity>400</Quantity>
      <UnitMeasure>גרם</UnitMeasure>
      <BisWeighted>0</BisWeighted>
      <QtyInPackage>1</QtyInPackage>
      <ItemPrice>11.90</ItemPrice>
      <UnitOfMeasurePrice>2.98</UnitOfMeasurePrice>
      <AllowDiscount>0</AllowDiscount>
      <itemStatus>1</itemStatus>
      <LastUpdateDate />
      <LastUpdateTime />
    </Product>
    <Product>
      <PriceUpdateDate>2020/04/30 08:27</PriceUpdateDate>
      <ItemCode>7290012665363</ItemCode>
      <ItemType>1</ItemType>
      <ItemName>רביולי פטריות</ItemName>
      <ManufactureName>חמים וטעים בעמ</ManufactureName>
      <ManufactureCountry />
      <ManufactureItemDescription />
      <UnitQty>יח`</UnitQty>
      <Quantity>400</Quantity>
      <UnitMeasure>גרם</UnitMeasure>
      <BisWeighted>0</BisWeighted>
      <QtyInPackage>1</QtyInPackage>
      <ItemPrice>11.90</ItemPrice>
      <UnitOfMeasurePrice>2.98</UnitOfMeasurePrice>
      <AllowDiscount>0</AllowDiscount>
      <itemStatus>1</itemStatus>
      <LastUpdateDate />
      <LastUpdateTime />
    </Product>
    <Product>
      <PriceUpdateDate>2018/02/26 14:00</PriceUpdateDate>
      <ItemCode>7290012696138</ItemCode>
      <ItemType>1</ItemType>
      <ItemName>נייר סנדוויץ המותג) (100</ItemName>
      <ManufactureName>דין שיווק - עטרת</ManufactureName>
      <ManufactureCountry />
      <ManufactureItemDescription />
      <UnitQty>יח`</UnitQty>
      <Quantity>50</Quantity>
      <UnitMeasure>יח`</UnitMeasure>
      <BisWeighted>0</BisWeighted>
      <QtyInPackage>1</QtyInPackage>
      <ItemPrice>8.90</ItemPrice>
      <UnitOfMeasurePrice>0.18</UnitOfMeasurePrice>
      <AllowDiscount>0</AllowDiscount>
      <itemStatus>1</itemStatus>
      <LastUpdateDate />
      <LastUpdateTime />
    </Product>
    <Product>
      <PriceUpdateDate>2015/12/01 15:22</PriceUpdateDate>
      <ItemCode>7290012803215</ItemCode>
      <ItemType>1</ItemType>
      <ItemName>וופל בלגי בטעם שוקולד 200 גרם</ItemName>
      <ManufactureName>דנשר (1963) בעמ</ManufactureName>
      <ManufactureCountry />
      <ManufactureItemDescription />
      <UnitQty>יח`</UnitQty>
      <Quantity>200</Quantity>
      <UnitMeasure>גרם</UnitMeasure>
      <BisWeighted>0</BisWeighted>
      <QtyInPackage>1</QtyInPackage>
      <ItemPrice>10.90</ItemPrice>
      <UnitOfMeasurePrice>5.45</UnitOfMeasurePrice>
      <AllowDiscount>0</AllowDiscount>
      <itemStatus>1</itemStatus>
      <LastUpdateDate />
      <LastUpdateTime />
    </Product>
    <Product>
      <PriceUpdateDate>2015/12/01 15:22</PriceUpdateDate>
      <ItemCode>7290012803222</ItemCode>
      <ItemType>1</ItemType>
      <ItemName>וופל בלגי בטעם לימון 200 גרם</ItemName>
      <ManufactureName>דנשר (1963) בעמ</ManufactureName>
      <ManufactureCountry />
      <ManufactureItemDescription />
      <UnitQty>יח`</UnitQty>
      <Quantity>200</Quantity>
      <UnitMeasure>גרם</UnitMeasure>
      <BisWeighted>0</BisWeighted>
      <QtyInPackage>1</QtyInPackage>
      <ItemPrice>10.90</ItemPrice>
      <UnitOfMeasurePrice>5.45</UnitOfMeasurePrice>
      <AllowDiscount>0</AllowDiscount>
      <itemStatus>1</itemStatus>
      <LastUpdateDate />
      <LastUpdateTime />
    </Product>
    <Product>
      <PriceUpdateDate>2019/10/29 09:34</PriceUpdateDate>
      <ItemCode>7290012803321</ItemCode>
      <ItemType>1</ItemType>
      <ItemName>סוכרלוז מרמולייט) (200</ItemName>
      <ManufactureName>דנשר (1963) בעמ</ManufactureName>
      <ManufactureCountry />
      <ManufactureItemDescription />
      <UnitQty>יח`</UnitQty>
      <Quantity>200</Quantity>
      <UnitMeasure>גרם</UnitMeasure>
      <BisWeighted>0</BisWeighted>
      <QtyInPackage>1</QtyInPackage>
      <ItemPrice>45.90</ItemPrice>
      <UnitOfMeasurePrice>22.95</UnitOfMeasurePrice>
      <AllowDiscount>0</AllowDiscount>
      <itemStatus>1</itemStatus>
      <LastUpdateDate />
      <LastUpdateTime />
    </Product>
    <Product>
      <PriceUpdateDate>2015/05/27 15:30</PriceUpdateDate>
      <ItemCode>7290012803352</ItemCode>
      <ItemType>1</ItemType>
      <ItemName>קוטל מעופפים רייד (300 מל)</ItemName>
      <ManufactureName>דנשר (1963) בעמ</ManufactureName>
      <ManufactureCountry />
      <ManufactureItemDescription />
      <UnitQty>יח`</UnitQty>
      <Quantity>300</Quantity>
      <UnitMeasure>מ"ל</UnitMeasure>
      <BisWeighted>0</BisWeighted>
      <QtyInPackage>1</QtyInPackage>
      <ItemPrice>17.90</ItemPrice>
      <UnitOfMeasurePrice>5.97</UnitOfMeasurePrice>
      <AllowDiscount>1</AllowDiscount>
      <itemStatus>1</itemStatus>
      <LastUpdateDate />
      <LastUpdateTime />
    </Product>
    <Product>
      <PriceUpdateDate>2015/12/01 15:22</PriceUpdateDate>
      <ItemCode>7290012803604</ItemCode>
      <ItemType>1</ItemType>
      <ItemName>מואי שכבות ביסקוויט ושוקולד MOOI</ItemName>
      <ManufactureName>דנשר (1963) בעמ</ManufactureName>
      <ManufactureCountry />
      <ManufactureItemDescription />
      <UnitQty>יח`</UnitQty>
      <Quantity>180</Quantity>
      <UnitMeasure>גרם</UnitMeasure>
      <BisWeighted>0</BisWeighted>
      <QtyInPackage>1</QtyInPackage>
      <ItemPrice>17.90</ItemPrice>
      <UnitOfMeasurePrice>9.94</UnitOfMeasurePrice>
      <AllowDiscount>1</AllowDiscount>
      <itemStatus>1</itemStatus>
      <LastUpdateDate />
      <LastUpdateTime />
    </Product>
    <Product>
      <PriceUpdateDate>2015/12/01 15:22</PriceUpdateDate>
      <ItemCode>7290012803796</ItemCode>
      <ItemType>1</ItemType>
      <ItemName>שוקולד טוסו 100  גר`חלבי+אגזוים</ItemName>
      <ManufactureName>דנשר (1963) בעמ</ManufactureName>
      <ManufactureCountry />
      <ManufactureItemDescription />
      <UnitQty>יח`</UnitQty>
      <Quantity>100</Quantity>
      <UnitMeasure>גרם</UnitMeasure>
      <BisWeighted>0</BisWeighted>
      <QtyInPackage>1</QtyInPackage>
      <ItemPrice>12.90</ItemPrice>
      <UnitOfMeasurePrice>12.90</UnitOfMeasurePrice>
      <AllowDiscount>0</AllowDiscount>
      <itemStatus>1</itemStatus>
      <LastUpdateDate />
      <LastUpdateTime />
    </Product>
    <Product>
      <PriceUpdateDate>2018/01/10 11:24</PriceUpdateDate>
      <ItemCode>7290012823381</ItemCode>
      <ItemType>1</ItemType>
      <ItemName>סנו מקסימה מרכך 1 ליטר ורוד פסים</ItemName>
      <ManufactureName>החברה הדרומית לשיווק בעמ</ManufactureName>
      <ManufactureCountry />
      <ManufactureItemDescription />
      <UnitQty>יח`</UnitQty>
      <Quantity>1000</Quantity>
      <UnitMeasure>מ"ל</UnitMeasure>
      <BisWeighted>0</BisWeighted>
      <QtyInPackage>1</QtyInPackage>
      <ItemPrice>17.90</ItemPrice>
      <UnitOfMeasurePrice>1.79</UnitOfMeasurePrice>
      <AllowDiscount>1</AllowDiscount>
      <itemStatus>1</itemStatus>
      <LastUpdateDate />
      <LastUpdateTime />
    </Product>
    <Product>
      <PriceUpdateDate>2019/01/15 08:34</PriceUpdateDate>
      <ItemCode>7290012823398</ItemCode>
      <ItemType>1</ItemType>
      <ItemName>ריצפז פרש מטליות חד פעמיות 10 יח`</ItemName>
      <ManufactureName>החברה הדרומית לשיווק בעמ</ManufactureName>
      <ManufactureCountry />
      <ManufactureItemDescription />
      <UnitQty>יח`</UnitQty>
      <Quantity>1</Quantity>
      <UnitMeasure />
      <BisWeighted>0</BisWeighted>
      <QtyInPackage>1</QtyInPackage>
      <ItemPrice>12.90</ItemPrice>
      <UnitOfMeasurePrice>12.90</UnitOfMeasurePrice>
      <AllowDiscount>0</AllowDiscount>
      <itemStatus>1</itemStatus>
      <LastUpdateDate />
      <LastUpdateTime />
    </Product>
    <Product>
      <PriceUpdateDate>2020/01/19 12:07</PriceUpdateDate>
      <ItemCode>7290012823558</ItemCode>
      <ItemType>1</ItemType>
      <ItemName>מטליות לחות לריצפה סנו סושי (10)</ItemName>
      <ManufactureName>החברה הדרומית לשיווק בעמ</ManufactureName>
      <ManufactureCountry />
      <ManufactureItemDescription />
      <UnitQty>יח`</UnitQty>
      <Quantity>1</Quantity>
      <UnitMeasure />
      <BisWeighted>0</BisWeighted>
      <QtyInPackage>1</QtyInPackage>
      <ItemPrice>9.90</ItemPrice>
      <UnitOfMeasurePrice>9.90</UnitOfMeasurePrice>
      <AllowDiscount>1</AllowDiscount>
      <itemStatus>1</itemStatus>
      <LastUpdateDate />
      <LastUpdateTime />
    </Product>
    <Product>
      <PriceUpdateDate>2019/04/29 10:59</PriceUpdateDate>
      <ItemCode>7290012823589</ItemCode>
      <ItemType>1</ItemType>
      <ItemName>ריצפז פרש 2 ליטר</ItemName>
      <ManufactureName>החברה הדרומית לשיווק בעמ</ManufactureName>
      <ManufactureCountry />
      <ManufactureItemDescription />
      <UnitQty>יח`</UnitQty>
      <Quantity>2000</Quantity>
      <UnitMeasure>1 ליטר</UnitMeasure>
      <BisWeighted>0</BisWeighted>
      <QtyInPackage>1</QtyInPackage>
      <ItemPrice>21.90</ItemPrice>
      <UnitOfMeasurePrice>0.01</UnitOfMeasurePrice>
      <AllowDiscount>1</AllowDiscount>
      <itemStatus>1</itemStatus>
      <LastUpdateDate />
      <LastUpdateTime />
    </Product>
    <Product>
      <PriceUpdateDate>2015/05/28 12:42</PriceUpdateDate>
      <ItemCode>7290012823602</ItemCode>
      <ItemType>1</ItemType>
      <ItemName>נייר טואלט סופט 32 גלגלים</ItemName>
      <ManufactureName>החברה הדרומית לשיווק בעמ</ManufactureName>
      <ManufactureCountry />
      <ManufactureItemDescription />
      <UnitQty>יח`</UnitQty>
      <Quantity>1</Quantity>
      <UnitMeasure />
      <BisWeighted>0</BisWeighted>
      <QtyInPackage>1</QtyInPackage>
      <ItemPrice>42.90</ItemPrice>
      <UnitOfMeasurePrice>42.90</UnitOfMeasurePrice>
      <AllowDiscount>0</AllowDiscount>
      <itemStatus>1</itemStatus>
      <LastUpdateDate />
      <LastUpdateTime />
    </Product>
    <Product>
      <PriceUpdateDate>2017/01/23 07:57</PriceUpdateDate>
      <ItemCode>7290012823794</ItemCode>
      <ItemType>1</ItemType>
      <ItemName>אל סבון נוזלי יסמין לבנדר כיף (2 ליטר)</ItemName>
      <ManufactureName>החברה הדרומית לשיווק בעמ</ManufactureName>
      <ManufactureCountry />
      <ManufactureItemDescription />
      <UnitQty>יח`</UnitQty>
      <Quantity>2</Quantity>
      <UnitMeasure>1 ליטר</UnitMeasure>
      <BisWeighted>0</BisWeighted>
      <QtyInPackage>1</QtyInPackage>
      <ItemPrice>21.90</ItemPrice>
      <UnitOfMeasurePrice>10.95</UnitOfMeasurePrice>
      <AllowDiscount>0</AllowDiscount>
      <itemStatus>1</itemStatus>
      <LastUpdateDate />
      <LastUpdateTime />
    </Product>
    <Product>
      <PriceUpdateDate>2014/05/04 08:21</PriceUpdateDate>
      <ItemCode>7290012850073</ItemCode>
      <ItemType>1</ItemType>
      <ItemName>מחית סלט פירות שלב 3 בילובד (190 גרם)</ItemName>
      <ManufactureName>שקד תבל בעמ</ManufactureName>
      <ManufactureCountry />
      <ManufactureItemDescription />
      <UnitQty>יח`</UnitQty>
      <Quantity>190</Quantity>
      <UnitMeasure>גרם</UnitMeasure>
      <BisWeighted>0</BisWeighted>
      <QtyInPackage>1</QtyInPackage>
      <ItemPrice>5.90</ItemPrice>
      <UnitOfMeasurePrice>3.11</UnitOfMeasurePrice>
      <AllowDiscount>1</AllowDiscount>
      <itemStatus>1</itemStatus>
      <LastUpdateDate />
      <LastUpdateTime />
    </Product>
    <Product>
      <PriceUpdateDate>2016/03/09 08:10</PriceUpdateDate>
      <ItemCode>7290012864001</ItemCode>
      <ItemType>1</ItemType>
      <ItemName>נבטי חמניה</ItemName>
      <ManufactureName>א.אדמה (2007) בעמ</ManufactureName>
      <ManufactureCountry />
      <ManufactureItemDescription />
      <UnitQty>יח`</UnitQty>
      <Quantity>1</Quantity>
      <UnitMeasure />
      <BisWeighted>0</BisWeighted>
      <QtyInPackage>1</QtyInPackage>
      <ItemPrice>9.90</ItemPrice>
      <UnitOfMeasurePrice>9.90</UnitOfMeasurePrice>
      <AllowDiscount>1</AllowDiscount>
      <itemStatus>1</itemStatus>
      <LastUpdateDate />
      <LastUpdateTime />
    </Product>
    <Product>
      <PriceUpdateDate>2018/08/12 12:25</PriceUpdateDate>
      <ItemCode>7290012864025</ItemCode>
      <ItemType>1</ItemType>
      <ItemName>אלפלפא</ItemName>
      <ManufactureName>א.אדמה (2007) בעמ</ManufactureName>
      <ManufactureCountry />
      <ManufactureItemDescription />
      <UnitQty>יח`</UnitQty>
      <Quantity>1</Quantity>
      <UnitMeasure />
      <BisWeighted>0</BisWeighted>
      <QtyInPackage>1</QtyInPackage>
      <ItemPrice>7.90</ItemPrice>
      <UnitOfMeasurePrice>7.90</UnitOfMeasurePrice>
      <AllowDiscount>1</AllowDiscount>
      <itemStatus>1</itemStatus>
      <LastUpdateDate />
      <LastUpdateTime />
    </Product>
    <Product>
      <PriceUpdateDate>2014/01/02 08:42</PriceUpdateDate>
      <ItemCode>7290012864032</ItemCode>
      <ItemType>1</ItemType>
      <ItemName>נבטוטים</ItemName>
      <ManufactureName>א.אדמה (2007) בעמ</ManufactureName>
      <ManufactureCountry />
      <ManufactureItemDescription />
      <UnitQty>יח`</UnitQty>
      <Quantity>1</Quantity>
      <UnitMeasure />
      <BisWeighted>0</BisWeighted>
      <QtyInPackage>1</QtyInPackage>
      <ItemPrice>9</ItemPrice>
      <UnitOfMeasurePrice>9</UnitOfMeasurePrice>
      <AllowDiscount>1</AllowDiscount>
      <itemStatus>1</itemStatus>
      <LastUpdateDate />
      <LastUpdateTime />
    </Product>
    <Product>
      <PriceUpdateDate>2019/10/16 08:27</PriceUpdateDate>
      <ItemCode>7290012881992</ItemCode>
      <ItemType>1</ItemType>
      <ItemName>נוזל שמשות 4 ליטר מקסול</ItemName>
      <ManufactureName>סאסאטק אגשח בעמ</ManufactureName>
      <ManufactureCountry />
      <ManufactureItemDescription />
      <UnitQty>יח`</UnitQty>
      <Quantity>4000</Quantity>
      <UnitMeasure>מ"ל</UnitMeasure>
      <BisWeighted>0</BisWeighted>
      <QtyInPackage>1</QtyInPackage>
      <ItemPrice>9.90</ItemPrice>
      <UnitOfMeasurePrice>0.25</UnitOfMeasurePrice>
      <AllowDiscount>0</AllowDiscount>
      <itemStatus>1</itemStatus>
      <LastUpdateDate />
      <LastUpdateTime />
    </Product>
    <Product>
      <PriceUpdateDate>2015/04/14 14:16</PriceUpdateDate>
      <ItemCode>7290012884986</ItemCode>
      <ItemType>1</ItemType>
      <ItemName>צ`יפס לתנור עד 4% שומן תפוגן (1.5 קג)</ItemName>
      <ManufactureName>קבוצת אסם סחר שות. מוגבלת</ManufactureName>
      <ManufactureCountry />
      <ManufactureItemDescription />
      <UnitQty>יח`</UnitQty>
      <Quantity>1500</Quantity>
      <UnitMeasure>גרם</UnitMeasure>
      <BisWeighted>0</BisWeighted>
      <QtyInPackage>1</QtyInPackage>
      <ItemPrice>24.90</ItemPrice>
      <UnitOfMeasurePrice>1.66</UnitOfMeasurePrice>
      <AllowDiscount>0</AllowDiscount>
      <itemStatus>1</itemStatus>
      <LastUpdateDate />
      <LastUpdateTime />
    </Product>
    <Product>
      <PriceUpdateDate>2020/02/24 06:41</PriceUpdateDate>
      <ItemCode>7290012901959</ItemCode>
      <ItemType>1</ItemType>
      <ItemName>ארוחת אטריות עם גבינה מסולסלים 156 גר`</ItemName>
      <ManufactureName>מור-ים מרקטינג בעמ</ManufactureName>
      <ManufactureCountry />
      <ManufactureItemDescription />
      <UnitQty>יח`</UnitQty>
      <Quantity>206</Quantity>
      <UnitMeasure>גרם</UnitMeasure>
      <BisWeighted>0</BisWeighted>
      <QtyInPackage>1</QtyInPackage>
      <ItemPrice>10.90</ItemPrice>
      <UnitOfMeasurePrice>5.29</UnitOfMeasurePrice>
      <AllowDiscount>0</AllowDiscount>
      <itemStatus>1</itemStatus>
      <LastUpdateDate />
      <LastUpdateTime />
    </Product>
    <Product>
      <PriceUpdateDate>2015/04/30 09:42</PriceUpdateDate>
      <ItemCode>7290012911293</ItemCode>
      <ItemType>1</ItemType>
      <ItemName>דפי אורז 22 סמ טעמי אסיה (300 גרם)</ItemName>
      <ManufactureName>טעמי אסיה בעמ</ManufactureName>
      <ManufactureCountry />
      <ManufactureItemDescription />
      <UnitQty>יח`</UnitQty>
      <Quantity>300</Quantity>
      <UnitMeasure>גרם</UnitMeasure>
      <BisWeighted>0</BisWeighted>
      <QtyInPackage>1</QtyInPackage>
      <ItemPrice>10.90</ItemPrice>
      <UnitOfMeasurePrice>3.63</UnitOfMeasurePrice>
      <AllowDiscount>0</AllowDiscount>
      <itemStatus>1</itemStatus>
      <LastUpdateDate />
      <LastUpdateTime />
    </Product>
    <Product>
      <PriceUpdateDate>2015/05/27 17:24</PriceUpdateDate>
      <ItemCode>7290012911477</ItemCode>
      <ItemType>1</ItemType>
      <ItemName>קרם קוקוס טעמי אסיה (400 מל)</ItemName>
      <ManufactureName>טעמי אסיה בעמ</ManufactureName>
      <ManufactureCountry />
      <ManufactureItemDescription />
      <UnitQty>יח`</UnitQty>
      <Quantity>400</Quantity>
      <UnitMeasure>גרם</UnitMeasure>
      <BisWeighted>0</BisWeighted>
      <QtyInPackage>1</QtyInPackage>
      <ItemPrice>9.90</ItemPrice>
      <UnitOfMeasurePrice>2.48</UnitOfMeasurePrice>
      <AllowDiscount>1</AllowDiscount>
      <itemStatus>1</itemStatus>
      <LastUpdateDate />
      <LastUpdateTime />
    </Product>
    <Product>
      <PriceUpdateDate>2014/04/01 11:30</PriceUpdateDate>
      <ItemCode>7290012911804</ItemCode>
      <ItemType>1</ItemType>
      <ItemName>שמן שומשום טעמי אסיה (150 מל)</ItemName>
      <ManufactureName>טעמי אסיה בעמ</ManufactureName>
      <ManufactureCountry />
      <ManufactureItemDescription />
      <UnitQty>יח`</UnitQty>
      <Quantity>150</Quantity>
      <UnitMeasure>מ"ל</UnitMeasure>
      <BisWeighted>0</BisWeighted>
      <QtyInPackage>1</QtyInPackage>
      <ItemPrice>14.90</ItemPrice>
      <UnitOfMeasurePrice>9.93</UnitOfMeasurePrice>
      <AllowDiscount>0</AllowDiscount>
      <itemStatus>1</itemStatus>
      <LastUpdateDate />
      <LastUpdateTime />
    </Product>
    <Product>
      <PriceUpdateDate>2015/05/27 17:24</PriceUpdateDate>
      <ItemCode>7290012911866</ItemCode>
      <ItemType>1</ItemType>
      <ItemName>דפי אורז מרובעים 22 סמ</ItemName>
      <ManufactureName>טעמי אסיה בעמ</ManufactureName>
      <ManufactureCountry />
      <ManufactureItemDescription />
      <UnitQty>יח`</UnitQty>
      <Quantity>300</Quantity>
      <UnitMeasure>גרם</UnitMeasure>
      <BisWeighted>0</BisWeighted>
      <QtyInPackage>1</QtyInPackage>
      <ItemPrice>10.90</ItemPrice>
      <UnitOfMeasurePrice>3.63</UnitOfMeasurePrice>
      <AllowDiscount>0</AllowDiscount>
      <itemStatus>1</itemStatus>
      <LastUpdateDate />
      <LastUpdateTime />
    </Product>
    <Product>
      <PriceUpdateDate>2018/10/10 13:38</PriceUpdateDate>
      <ItemCode>7290012911941</ItemCode>
      <ItemType>1</ItemType>
      <ItemName>רוטב צילי מתוק 700 מל</ItemName>
      <ManufactureName>טעמי אסיה בעמ</ManufactureName>
      <ManufactureCountry />
      <ManufactureItemDescription />
      <UnitQty>יח`</UnitQty>
      <Quantity>700</Quantity>
      <UnitMeasure>מ"ל</UnitMeasure>
      <BisWeighted>0</BisWeighted>
      <QtyInPackage>1</QtyInPackage>
      <ItemPrice>13.50</ItemPrice>
      <UnitOfMeasurePrice>1.93</UnitOfMeasurePrice>
      <AllowDiscount>0</AllowDiscount>
      <itemStatus>1</itemStatus>
      <LastUpdateDate />
      <LastUpdateTime />
    </Product>
    <Product>
      <PriceUpdateDate>2014/04/01 11:30</PriceUpdateDate>
      <ItemCode>7290012911965</ItemCode>
      <ItemType>1</ItemType>
      <ItemName>ג`ינג`ר לסושי ללא צבע 250 גר</ItemName>
      <ManufactureName>טעמי אסיה בעמ</ManufactureName>
      <ManufactureCountry />
      <ManufactureItemDescription />
      <UnitQty>יח`</UnitQty>
      <Quantity>250</Quantity>
      <UnitMeasure>גרם</UnitMeasure>
      <BisWeighted>0</BisWeighted>
      <QtyInPackage>1</QtyInPackage>
      <ItemPrice>8.90</ItemPrice>
      <UnitOfMeasurePrice>3.56</UnitOfMeasurePrice>
      <AllowDiscount>0</AllowDiscount>
      <itemStatus>1</itemStatus>
      <LastUpdateDate />
      <LastUpdateTime />
    </Product>
    <Product>
      <PriceUpdateDate>2015/12/08 08:22</PriceUpdateDate>
      <ItemCode>7290012931086</ItemCode>
      <ItemType>1</ItemType>
      <ItemName>מטאטא מליציה שייני</ItemName>
      <ManufactureName>מ.א.ייצור ויבוא מטליות בעמ</ManufactureName>
      <ManufactureCountry />
      <ManufactureItemDescription />
      <UnitQty>יח`</UnitQty>
      <Quantity>1</Quantity>
      <UnitMeasure>יח`</UnitMeasure>
      <BisWeighted>0</BisWeighted>
      <QtyInPackage>1</QtyInPackage>
      <ItemPrice>16.90</ItemPrice>
      <UnitOfMeasurePrice>16.90</UnitOfMeasurePrice>
      <AllowDiscount>0</AllowDiscount>
      <itemStatus>1</itemStatus>
      <LastUpdateDate />
      <LastUpdateTime />
    </Product>
    <Product>
      <PriceUpdateDate>2019/07/21 09:56</PriceUpdateDate>
      <ItemCode>7290012936838</ItemCode>
      <ItemType>1</ItemType>
      <ItemName>הל טחון 35 גר`</ItemName>
      <ManufactureName>א.ל.ייצור ושיווק תבלינים בעמ</ManufactureName>
      <ManufactureCountry />
      <ManufactureItemDescription />
      <UnitQty>יח`</UnitQty>
      <Quantity>35</Quantity>
      <UnitMeasure>גרם</UnitMeasure>
      <BisWeighted>0</BisWeighted>
      <QtyInPackage>1</QtyInPackage>
      <ItemPrice>14.90</ItemPrice>
      <UnitOfMeasurePrice>42.57</UnitOfMeasurePrice>
      <AllowDiscount>0</AllowDiscount>
      <itemStatus>1</itemStatus>
      <LastUpdateDate />
      <LastUpdateTime />
    </Product>
    <Product>
      <PriceUpdateDate>2016/01/07 14:13</PriceUpdateDate>
      <ItemCode>7290012936937</ItemCode>
      <ItemType>1</ItemType>
      <ItemName>בהרט תבליני מימון (40 גרם)</ItemName>
      <ManufactureName>א.ל.ייצור ושיווק תבלינים בעמ</ManufactureName>
      <ManufactureCountry />
      <ManufactureItemDescription />
      <UnitQty>יח`</UnitQty>
      <Quantity>40</Quantity>
      <UnitMeasure>גרם</UnitMeasure>
      <BisWeighted>0</BisWeighted>
      <QtyInPackage>1</QtyInPackage>
      <ItemPrice>11.90</ItemPrice>
      <UnitOfMeasurePrice>29.75</UnitOfMeasurePrice>
      <AllowDiscount>0</AllowDiscount>
      <itemStatus>1</itemStatus>
      <LastUpdateDate />
      <LastUpdateTime />
    </Product>
    <Product>
      <PriceUpdateDate>2015/05/27 14:08</PriceUpdateDate>
      <ItemCode>7290012938597</ItemCode>
      <ItemType>1</ItemType>
      <ItemName>משחת שיניים רפיד רליף סנסודיין (75 מל)</ItemName>
      <ManufactureName>גורי ע.ע.ע בעמ</ManufactureName>
      <ManufactureCountry />
      <ManufactureItemDescription />
      <UnitQty>יח`</UnitQty>
      <Quantity>75</Quantity>
      <UnitMeasure>גרם</UnitMeasure>
      <BisWeighted>0</BisWeighted>
      <QtyInPackage>1</QtyInPackage>
      <ItemPrice>19.90</ItemPrice>
      <UnitOfMeasurePrice>26.53</UnitOfMeasurePrice>
      <AllowDiscount>0</AllowDiscount>
      <itemStatus>1</itemStatus>
      <LastUpdateDate />
      <LastUpdateTime />
    </Product>
    <Product>
      <PriceUpdateDate>2016/01/20 13:08</PriceUpdateDate>
      <ItemCode>7290012938740</ItemCode>
      <ItemType>1</ItemType>
      <ItemName>משחת שיניים בטעם מנטה סנסודיין (75 מל)</ItemName>
      <ManufactureName>גורי ע.ע.ע בעמ</ManufactureName>
      <ManufactureCountry />
      <ManufactureItemDescription />
      <UnitQty>יח`</UnitQty>
      <Quantity>75</Quantity>
      <UnitMeasure>גרם</UnitMeasure>
      <BisWeighted>0</BisWeighted>
      <QtyInPackage>1</QtyInPackage>
      <ItemPrice>20</ItemPrice>
      <UnitOfMeasurePrice>26.67</UnitOfMeasurePrice>
      <AllowDiscount>1</AllowDiscount>
      <itemStatus>1</itemStatus>
      <LastUpdateDate />
      <LastUpdateTime />
    </Product>
    <Product>
      <PriceUpdateDate>2016/06/19 12:38</PriceUpdateDate>
      <ItemCode>7290012938924</ItemCode>
      <ItemType>1</ItemType>
      <ItemName>אקווה פרש מי פה 500 מל</ItemName>
      <ManufactureName>גורי ע.ע.ע בעמ</ManufactureName>
      <ManufactureCountry />
      <ManufactureItemDescription />
      <UnitQty>יח`</UnitQty>
      <Quantity>500</Quantity>
      <UnitMeasure>מ"ל</UnitMeasure>
      <BisWeighted>0</BisWeighted>
      <QtyInPackage>1</QtyInPackage>
      <ItemPrice>19.90</ItemPrice>
      <UnitOfMeasurePrice>3.98</UnitOfMeasurePrice>
      <AllowDiscount>1</AllowDiscount>
      <itemStatus>1</itemStatus>
      <LastUpdateDate />
      <LastUpdateTime />
    </Product>
    <Product>
      <PriceUpdateDate>2016/04/03 08:20</PriceUpdateDate>
      <ItemCode>7290012962165</ItemCode>
      <ItemType>1</ItemType>
      <ItemName>כפפות משק בית מידות שונות איזי טאץ</ItemName>
      <ManufactureName>אינטרסן 1996 בעמ</ManufactureName>
      <ManufactureCountry />
      <ManufactureItemDescription />
      <UnitQty>יח`</UnitQty>
      <Quantity>1</Quantity>
      <UnitMeasure />
      <BisWeighted>0</BisWeighted>
      <QtyInPackage>1</QtyInPackage>
      <ItemPrice>3.90</ItemPrice>
      <UnitOfMeasurePrice>3.90</UnitOfMeasurePrice>
      <AllowDiscount>0</AllowDiscount>
      <itemStatus>1</itemStatus>
      <LastUpdateDate />
      <LastUpdateTime />
    </Product>
    <Product>
      <PriceUpdateDate>2014/07/29 13:04</PriceUpdateDate>
      <ItemCode>7290012962264</ItemCode>
      <ItemType>1</ItemType>
      <ItemName>פדים להנקה אריזת ענק</ItemName>
      <ManufactureName>אינטרסן 1996 בעמ</ManufactureName>
      <ManufactureCountry />
      <ManufactureItemDescription />
      <UnitQty>יח`</UnitQty>
      <Quantity>1</Quantity>
      <UnitMeasure />
      <BisWeighted>0</BisWeighted>
      <QtyInPackage>1</QtyInPackage>
      <ItemPrice>19.90</ItemPrice>
      <UnitOfMeasurePrice>19.90</UnitOfMeasurePrice>
      <AllowDiscount>0</AllowDiscount>
      <itemStatus>1</itemStatus>
      <LastUpdateDate />
      <LastUpdateTime />
    </Product>
    <Product>
      <PriceUpdateDate>2014/11/12 08:41</PriceUpdateDate>
      <ItemCode>7290012962561</ItemCode>
      <ItemType>1</ItemType>
      <ItemName>קיסמי שיניים במבוק הוסטס (500)</ItemName>
      <ManufactureName>אינטרסן 1996 בעמ</ManufactureName>
      <ManufactureCountry />
      <ManufactureItemDescription />
      <UnitQty>יח`</UnitQty>
      <Quantity>1</Quantity>
      <UnitMeasure />
      <BisWeighted>0</BisWeighted>
      <QtyInPackage>1</QtyInPackage>
      <ItemPrice>3.90</ItemPrice>
      <UnitOfMeasurePrice>3.90</UnitOfMeasurePrice>
      <AllowDiscount>0</AllowDiscount>
      <itemStatus>1</itemStatus>
      <LastUpdateDate />
      <LastUpdateTime />
    </Product>
    <Product>
      <PriceUpdateDate>2017/03/09 08:10</PriceUpdateDate>
      <ItemCode>7290012983320</ItemCode>
      <ItemType>1</ItemType>
      <ItemName>ממרח תמרים 450 גר חתם סופר</ItemName>
      <ManufactureName>דנשר (1963) בעמ</ManufactureName>
      <ManufactureCountry />
      <ManufactureItemDescription />
      <UnitQty>יח`</UnitQty>
      <Quantity>450</Quantity>
      <UnitMeasure>גרם</UnitMeasure>
      <BisWeighted>0</BisWeighted>
      <QtyInPackage>1</QtyInPackage>
      <ItemPrice>5.90</ItemPrice>
      <UnitOfMeasurePrice>1.31</UnitOfMeasurePrice>
      <AllowDiscount>0</AllowDiscount>
      <itemStatus>1</itemStatus>
      <LastUpdateDate />
      <LastUpdateTime />
    </Product>
    <Product>
      <PriceUpdateDate>2020/02/23 11:33</PriceUpdateDate>
      <ItemCode>7290012983610</ItemCode>
      <ItemType>1</ItemType>
      <ItemName>תמר כבוש 500 גר`</ItemName>
      <ManufactureName>דנשר (1963) בעמ</ManufactureName>
      <ManufactureCountry />
      <ManufactureItemDescription />
      <UnitQty>יח`</UnitQty>
      <Quantity>500</Quantity>
      <UnitMeasure>גרם</UnitMeasure>
      <BisWeighted>0</BisWeighted>
      <QtyInPackage>1</QtyInPackage>
      <ItemPrice>10.90</ItemPrice>
      <UnitOfMeasurePrice>2.18</UnitOfMeasurePrice>
      <AllowDiscount>0</AllowDiscount>
      <itemStatus>1</itemStatus>
      <LastUpdateDate />
      <LastUpdateTime />
    </Product>
    <Product>
      <PriceUpdateDate>2019/10/23 09:41</PriceUpdateDate>
      <ItemCode>7290013027399</ItemCode>
      <ItemType>1</ItemType>
      <ItemName>לחם אנג`ל 100 בתוספת שיפון-קל 750גר</ItemName>
      <ManufactureName>שלמה א. אנג`ל בעמ</ManufactureName>
      <ManufactureCountry />
      <ManufactureItemDescription />
      <UnitQty>יח`</UnitQty>
      <Quantity>750</Quantity>
      <UnitMeasure>גרם</UnitMeasure>
      <BisWeighted>0</BisWeighted>
      <QtyInPackage>1</QtyInPackage>
      <ItemPrice>12.90</ItemPrice>
      <UnitOfMeasurePrice>1.72</UnitOfMeasurePrice>
      <AllowDiscount>0</AllowDiscount>
      <itemStatus>1</itemStatus>
      <LastUpdateDate />
      <LastUpdateTime />
    </Product>
    <Product>
      <PriceUpdateDate>2016/01/25 08:15</PriceUpdateDate>
      <ItemCode>7290013038005</ItemCode>
      <ItemType>1</ItemType>
      <ItemName>משקה קל תפוחים ג`אמפ (1.5 ליטר)</ItemName>
      <ManufactureName>טמפו משקאות בעמ</ManufactureName>
      <ManufactureCountry />
      <ManufactureItemDescription />
      <UnitQty>יח`</UnitQty>
      <Quantity>1500</Quantity>
      <UnitMeasure>מ"ל</UnitMeasure>
      <BisWeighted>0</BisWeighted>
      <QtyInPackage>1</QtyInPackage>
      <ItemPrice>5.50</ItemPrice>
      <UnitOfMeasurePrice>0.37</UnitOfMeasurePrice>
      <AllowDiscount>1</AllowDiscount>
      <itemStatus>1</itemStatus>
      <LastUpdateDate />
      <LastUpdateTime />
    </Product>
    <Product>
      <PriceUpdateDate>2019/02/28 08:40</PriceUpdateDate>
      <ItemCode>7290013038234</ItemCode>
      <ItemType>1</ItemType>
      <ItemName>אקווה נובה 2 ליטר שישיה</ItemName>
      <ManufactureName>טמפו משקאות בעמ</ManufactureName>
      <ManufactureCountry />
      <ManufactureItemDescription />
      <UnitQty>יח`</UnitQty>
      <Quantity>12</Quantity>
      <UnitMeasure>1 ליטר</UnitMeasure>
      <BisWeighted>0</BisWeighted>
      <QtyInPackage>1</QtyInPackage>
      <ItemPrice>10.90</ItemPrice>
      <UnitOfMeasurePrice>0.91</UnitOfMeasurePrice>
      <AllowDiscount>0</AllowDiscount>
      <itemStatus>1</itemStatus>
      <LastUpdateDate />
      <LastUpdateTime />
    </Product>
    <Product>
      <PriceUpdateDate>2014/01/02 08:42</PriceUpdateDate>
      <ItemCode>7290013038432</ItemCode>
      <ItemType>1</ItemType>
      <ItemName>אקווה נובה 2 ליטר בודד</ItemName>
      <ManufactureName>טמפו משקאות בעמ</ManufactureName>
      <ManufactureCountry />
      <ManufactureItemDescription />
      <UnitQty>יח`</UnitQty>
      <Quantity>2</Quantity>
      <UnitMeasure>1 ליטר</UnitMeasure>
      <BisWeighted>0</BisWeighted>
      <QtyInPackage>1</QtyInPackage>
      <ItemPrice>4</ItemPrice>
      <UnitOfMeasurePrice>2</UnitOfMeasurePrice>
      <AllowDiscount>0</AllowDiscount>
      <itemStatus>1</itemStatus>
      <LastUpdateDate />
      <LastUpdateTime />
    </Product>
    <Product>
      <PriceUpdateDate>2019/02/03 12:23</PriceUpdateDate>
      <ItemCode>7290013083678</ItemCode>
      <ItemType>1</ItemType>
      <ItemName>מטרנה אקסטרא קייר 700 גר` שלב 2</ItemName>
      <ManufactureName>קבוצת אסם סחר שות. מוגבלת</ManufactureName>
      <ManufactureCountry />
      <ManufactureItemDescription />
      <UnitQty>יח`</UnitQty>
      <Quantity>700</Quantity>
      <UnitMeasure>גרם</UnitMeasure>
      <BisWeighted>0</BisWeighted>
      <QtyInPackage>1</QtyInPackage>
      <ItemPrice>59.90</ItemPrice>
      <UnitOfMeasurePrice>8.56</UnitOfMeasurePrice>
      <AllowDiscount>1</AllowDiscount>
      <itemStatus>1</itemStatus>
      <LastUpdateDate />
      <LastUpdateTime />
    </Product>
    <Product>
      <PriceUpdateDate>2019/02/03 12:23</PriceUpdateDate>
      <ItemCode>7290013083685</ItemCode>
      <ItemType>1</ItemType>
      <ItemName>מטרנה אקסטרא קייר 700 גר` שלב3</ItemName>
      <ManufactureName>קבוצת אסם סחר שות. מוגבלת</ManufactureName>
      <ManufactureCountry />
      <ManufactureItemDescription />
      <UnitQty>יח`</UnitQty>
      <Quantity>700</Quantity>
      <UnitMeasure>גרם</UnitMeasure>
      <BisWeighted>0</BisWeighted>
      <QtyInPackage>1</QtyInPackage>
      <ItemPrice>59.90</ItemPrice>
      <UnitOfMeasurePrice>8.56</UnitOfMeasurePrice>
      <AllowDiscount>1</AllowDiscount>
      <itemStatus>1</itemStatus>
      <LastUpdateDate />
      <LastUpdateTime />
    </Product>
    <Product>
      <PriceUpdateDate>2016/10/25 11:49</PriceUpdateDate>
      <ItemCode>7290013117212</ItemCode>
      <ItemType>1</ItemType>
      <ItemName>בורקס פילו גבינה מעדנות</ItemName>
      <ManufactureName>תנובה קפואים</ManufactureName>
      <ManufactureCountry />
      <ManufactureItemDescription />
      <UnitQty>יח`</UnitQty>
      <Quantity>600</Quantity>
      <UnitMeasure>גרם</UnitMeasure>
      <BisWeighted>0</BisWeighted>
      <QtyInPackage>1</QtyInPackage>
      <ItemPrice>21.90</ItemPrice>
      <UnitOfMeasurePrice>3.65</UnitOfMeasurePrice>
      <AllowDiscount>1</AllowDiscount>
      <itemStatus>1</itemStatus>
      <LastUpdateDate />
      <LastUpdateTime />
    </Product>
    <Product>
      <PriceUpdateDate>2016/10/25 11:49</PriceUpdateDate>
      <ItemCode>7290013117229</ItemCode>
      <ItemType>1</ItemType>
      <ItemName>בורקס פילו תפוא מעדנות</ItemName>
      <ManufactureName>תנובה קפואים</ManufactureName>
      <ManufactureCountry />
      <ManufactureItemDescription />
      <UnitQty>יח`</UnitQty>
      <Quantity>600</Quantity>
      <UnitMeasure>גרם</UnitMeasure>
      <BisWeighted>0</BisWeighted>
      <QtyInPackage>1</QtyInPackage>
      <ItemPrice>21.90</ItemPrice>
      <UnitOfMeasurePrice>3.65</UnitOfMeasurePrice>
      <AllowDiscount>1</AllowDiscount>
      <itemStatus>1</itemStatus>
      <LastUpdateDate />
      <LastUpdateTime />
    </Product>
    <Product>
      <PriceUpdateDate>2016/10/25 11:49</PriceUpdateDate>
      <ItemCode>7290013117236</ItemCode>
      <ItemType>1</ItemType>
      <ItemName>בורקס פילו פיצה מעדנות</ItemName>
      <ManufactureName>תנובה קפואים</ManufactureName>
      <ManufactureCountry />
      <ManufactureItemDescription />
      <UnitQty>יח`</UnitQty>
      <Quantity>600</Quantity>
      <UnitMeasure>גרם</UnitMeasure>
      <BisWeighted>0</BisWeighted>
      <QtyInPackage>1</QtyInPackage>
      <ItemPrice>21.90</ItemPrice>
      <UnitOfMeasurePrice>3.65</UnitOfMeasurePrice>
      <AllowDiscount>1</AllowDiscount>
      <itemStatus>1</itemStatus>
      <LastUpdateDate />
      <LastUpdateTime />
    </Product>
    <Product>
      <PriceUpdateDate>2016/10/25 11:49</PriceUpdateDate>
      <ItemCode>7290013117243</ItemCode>
      <ItemType>1</ItemType>
      <ItemName>בורקס פילו בולגרית מעדנות</ItemName>
      <ManufactureName>תנובה קפואים</ManufactureName>
      <ManufactureCountry />
      <ManufactureItemDescription />
      <UnitQty>יח`</UnitQty>
      <Quantity>600</Quantity>
      <UnitMeasure>גרם</UnitMeasure>
      <BisWeighted>0</BisWeighted>
      <QtyInPackage>1</QtyInPackage>
      <ItemPrice>21.90</ItemPrice>
      <UnitOfMeasurePrice>3.65</UnitOfMeasurePrice>
      <AllowDiscount>1</AllowDiscount>
      <itemStatus>1</itemStatus>
      <LastUpdateDate />
      <LastUpdateTime />
    </Product>
    <Product>
      <PriceUpdateDate>2015/04/13 11:37</PriceUpdateDate>
      <ItemCode>7290013117410</ItemCode>
      <ItemType>1</ItemType>
      <ItemName>בצק פריך מתוק 900 גר` מעדנות</ItemName>
      <ManufactureName>תנובה קפואים</ManufactureName>
      <ManufactureCountry />
      <ManufactureItemDescription />
      <UnitQty>יח`</UnitQty>
      <Quantity>900</Quantity>
      <UnitMeasure>גרם</UnitMeasure>
      <BisWeighted>0</BisWeighted>
      <QtyInPackage>1</QtyInPackage>
      <ItemPrice>24</ItemPrice>
      <UnitOfMeasurePrice>2.67</UnitOfMeasurePrice>
      <AllowDiscount>1</AllowDiscount>
      <itemStatus>1</itemStatus>
      <LastUpdateDate />
      <LastUpdateTime />
    </Product>
    <Product>
      <PriceUpdateDate>2016/12/12 08:55</PriceUpdateDate>
      <ItemCode>7290013117526</ItemCode>
      <ItemType>1</ItemType>
      <ItemName>בצק שמרים מתוק מעדנות</ItemName>
      <ManufactureName>תנובה קפואים</ManufactureName>
      <ManufactureCountry />
      <ManufactureItemDescription />
      <UnitQty>יח`</UnitQty>
      <Quantity>900</Quantity>
      <UnitMeasure>גרם</UnitMeasure>
      <BisWeighted>0</BisWeighted>
      <QtyInPackage>1</QtyInPackage>
      <ItemPrice>22.90</ItemPrice>
      <UnitOfMeasurePrice>2.54</UnitOfMeasurePrice>
      <AllowDiscount>1</AllowDiscount>
      <itemStatus>1</itemStatus>
      <LastUpdateDate />
      <LastUpdateTime />
    </Product>
    <Product>
      <PriceUpdateDate>2017/11/02 09:30</PriceUpdateDate>
      <ItemCode>7290013121110</ItemCode>
      <ItemType>1</ItemType>
      <ItemName>לחמניות בורגר 350  גר`ללא גלוטן</ItemName>
      <ManufactureName>זוגלובק-גרין לייט</ManufactureName>
      <ManufactureCountry />
      <ManufactureItemDescription />
      <UnitQty>יח`</UnitQty>
      <Quantity>350</Quantity>
      <UnitMeasure>גרם</UnitMeasure>
      <BisWeighted>0</BisWeighted>
      <QtyInPackage>1</QtyInPackage>
      <ItemPrice>13.90</ItemPrice>
      <UnitOfMeasurePrice>3.97</UnitOfMeasurePrice>
      <AllowDiscount>0</AllowDiscount>
      <itemStatus>1</itemStatus>
      <LastUpdateDate />
      <LastUpdateTime />
    </Product>
    <Product>
      <PriceUpdateDate>2017/11/02 09:30</PriceUpdateDate>
      <ItemCode>7290013121158</ItemCode>
      <ItemType>1</ItemType>
      <ItemName>לחמניות  סנדוויץ`גרין לייט (115x4 גרם)</ItemName>
      <ManufactureName>זוגלובק-גרין לייט</ManufactureName>
      <ManufactureCountry />
      <ManufactureItemDescription />
      <UnitQty>יח`</UnitQty>
      <Quantity>1</Quantity>
      <UnitMeasure />
      <BisWeighted>0</BisWeighted>
      <QtyInPackage>1</QtyInPackage>
      <ItemPrice>15.90</ItemPrice>
      <UnitOfMeasurePrice>15.90</UnitOfMeasurePrice>
      <AllowDiscount>0</AllowDiscount>
      <itemStatus>1</itemStatus>
      <LastUpdateDate />
      <LastUpdateTime />
    </Product>
    <Product>
      <PriceUpdateDate>2017/11/02 09:30</PriceUpdateDate>
      <ItemCode>7290013121165</ItemCode>
      <ItemType>1</ItemType>
      <ItemName>לחמניות נקנקיה ללא גלוטן</ItemName>
      <ManufactureName>זוגלובק-גרין לייט</ManufactureName>
      <ManufactureCountry />
      <ManufactureItemDescription />
      <UnitQty>יח`</UnitQty>
      <Quantity>460</Quantity>
      <UnitMeasure>גרם</UnitMeasure>
      <BisWeighted>0</BisWeighted>
      <QtyInPackage>1</QtyInPackage>
      <ItemPrice>15.90</ItemPrice>
      <UnitOfMeasurePrice>3.46</UnitOfMeasurePrice>
      <AllowDiscount>0</AllowDiscount>
      <itemStatus>1</itemStatus>
      <LastUpdateDate />
      <LastUpdateTime />
    </Product>
    <Product>
      <PriceUpdateDate>2019/07/21 09:56</PriceUpdateDate>
      <ItemCode>7290013144188</ItemCode>
      <ItemType>1</ItemType>
      <ItemName>תערובת בראוניס 600 גר`</ItemName>
      <ManufactureName>מימונס אפיה בעמ</ManufactureName>
      <ManufactureCountry />
      <ManufactureItemDescription />
      <UnitQty>יח`</UnitQty>
      <Quantity>600</Quantity>
      <UnitMeasure>גרם</UnitMeasure>
      <BisWeighted>0</BisWeighted>
      <QtyInPackage>1</QtyInPackage>
      <ItemPrice>15.90</ItemPrice>
      <UnitOfMeasurePrice>2.65</UnitOfMeasurePrice>
      <AllowDiscount>1</AllowDiscount>
      <itemStatus>1</itemStatus>
      <LastUpdateDate />
      <LastUpdateTime />
    </Product>
    <Product>
      <PriceUpdateDate>2019/07/21 09:56</PriceUpdateDate>
      <ItemCode>7290013144225</ItemCode>
      <ItemType>1</ItemType>
      <ItemName>תערובת עוגת שיש 560 גר`</ItemName>
      <ManufactureName>מימונס אפיה בעמ</ManufactureName>
      <ManufactureCountry />
      <ManufactureItemDescription />
      <UnitQty>יח`</UnitQty>
      <Quantity>560</Quantity>
      <UnitMeasure>גרם</UnitMeasure>
      <BisWeighted>0</BisWeighted>
      <QtyInPackage>1</QtyInPackage>
      <ItemPrice>15.90</ItemPrice>
      <UnitOfMeasurePrice>2.84</UnitOfMeasurePrice>
      <AllowDiscount>1</AllowDiscount>
      <itemStatus>1</itemStatus>
      <LastUpdateDate />
      <LastUpdateTime />
    </Product>
    <Product>
      <PriceUpdateDate>2015/11/30 14:58</PriceUpdateDate>
      <ItemCode>7290013144232</ItemCode>
      <ItemType>1</ItemType>
      <ItemName>פודינג בטעם וניל 85 גר` מימונס</ItemName>
      <ManufactureName>מימונס אפיה בעמ</ManufactureName>
      <ManufactureCountry />
      <ManufactureItemDescription />
      <UnitQty>יח`</UnitQty>
      <Quantity>85</Quantity>
      <UnitMeasure>גרם</UnitMeasure>
      <BisWeighted>0</BisWeighted>
      <QtyInPackage>1</QtyInPackage>
      <ItemPrice>5.90</ItemPrice>
      <UnitOfMeasurePrice>6.94</UnitOfMeasurePrice>
      <AllowDiscount>1</AllowDiscount>
      <itemStatus>1</itemStatus>
      <LastUpdateDate />
      <LastUpdateTime />
    </Product>
    <Product>
      <PriceUpdateDate>2015/05/28 10:04</PriceUpdateDate>
      <ItemCode>7290013144263</ItemCode>
      <ItemType>1</ItemType>
      <ItemName>מלבי 112 גר`</ItemName>
      <ManufactureName>מימונס אפיה בעמ</ManufactureName>
      <ManufactureCountry />
      <ManufactureItemDescription />
      <UnitQty>יח`</UnitQty>
      <Quantity>100</Quantity>
      <UnitMeasure>גרם</UnitMeasure>
      <BisWeighted>0</BisWeighted>
      <QtyInPackage>1</QtyInPackage>
      <ItemPrice>10.90</ItemPrice>
      <UnitOfMeasurePrice>10.90</UnitOfMeasurePrice>
      <AllowDiscount>0</AllowDiscount>
      <itemStatus>1</itemStatus>
      <LastUpdateDate />
      <LastUpdateTime />
    </Product>
    <Product>
      <PriceUpdateDate>2016/01/04 10:37</PriceUpdateDate>
      <ItemCode>7290013144317</ItemCode>
      <ItemType>1</ItemType>
      <ItemName>גלילית וופל למילוי ג`וני</ItemName>
      <ManufactureName>מימונס אפיה בעמ</ManufactureName>
      <ManufactureCountry />
      <ManufactureItemDescription />
      <UnitQty>יח`</UnitQty>
      <Quantity>400</Quantity>
      <UnitMeasure>גרם</UnitMeasure>
      <BisWeighted>0</BisWeighted>
      <QtyInPackage>1</QtyInPackage>
      <ItemPrice>22.90</ItemPrice>
      <UnitOfMeasurePrice>5.73</UnitOfMeasurePrice>
      <AllowDiscount>1</AllowDiscount>
      <itemStatus>1</itemStatus>
      <LastUpdateDate />
      <LastUpdateTime />
    </Product>
    <Product>
      <PriceUpdateDate>2016/01/04 10:37</PriceUpdateDate>
      <ItemCode>7290013144393</ItemCode>
      <ItemType>1</ItemType>
      <ItemName>תמצית אפיה בטעם וניל מימונס (50 מל)</ItemName>
      <ManufactureName>מימונס אפיה בעמ</ManufactureName>
      <ManufactureCountry />
      <ManufactureItemDescription />
      <UnitQty>יח`</UnitQty>
      <Quantity>50</Quantity>
      <UnitMeasure>גרם</UnitMeasure>
      <BisWeighted>0</BisWeighted>
      <QtyInPackage>1</QtyInPackage>
      <ItemPrice>4.90</ItemPrice>
      <UnitOfMeasurePrice>9.80</UnitOfMeasurePrice>
      <AllowDiscount>0</AllowDiscount>
      <itemStatus>1</itemStatus>
      <LastUpdateDate />
      <LastUpdateTime />
    </Product>
    <Product>
      <PriceUpdateDate>2019/07/21 09:56</PriceUpdateDate>
      <ItemCode>7290013144409</ItemCode>
      <ItemType>1</ItemType>
      <ItemName>תמצית אפיה בטעם רום מימונס (50 מל)</ItemName>
      <ManufactureName>מימונס אפיה בעמ</ManufactureName>
      <ManufactureCountry />
      <ManufactureItemDescription />
      <UnitQty>יח`</UnitQty>
      <Quantity>50</Quantity>
      <UnitMeasure>גרם</UnitMeasure>
      <BisWeighted>0</BisWeighted>
      <QtyInPackage>1</QtyInPackage>
      <ItemPrice>4.50</ItemPrice>
      <UnitOfMeasurePrice>9</UnitOfMeasurePrice>
      <AllowDiscount>0</AllowDiscount>
      <itemStatus>1</itemStatus>
      <LastUpdateDate />
      <LastUpdateTime />
    </Product>
    <Product>
      <PriceUpdateDate>2019/07/21 09:56</PriceUpdateDate>
      <ItemCode>7290013144416</ItemCode>
      <ItemType>1</ItemType>
      <ItemName>תמצית אפיה בטעם שקדים 50 מל מימונס</ItemName>
      <ManufactureName>מימונס אפיה בעמ</ManufactureName>
      <ManufactureCountry />
      <ManufactureItemDescription />
      <UnitQty>יח`</UnitQty>
      <Quantity>50</Quantity>
      <UnitMeasure>גרם</UnitMeasure>
      <BisWeighted>0</BisWeighted>
      <QtyInPackage>1</QtyInPackage>
      <ItemPrice>4.50</ItemPrice>
      <UnitOfMeasurePrice>9</UnitOfMeasurePrice>
      <AllowDiscount>0</AllowDiscount>
      <itemStatus>1</itemStatus>
      <LastUpdateDate />
      <LastUpdateTime />
    </Product>
    <Product>
      <PriceUpdateDate>2014/05/14 11:38</PriceUpdateDate>
      <ItemCode>7290013144508</ItemCode>
      <ItemType>1</ItemType>
      <ItemName>תמצית אפיה בטעם ורדים 50 מל מימונס</ItemName>
      <ManufactureName>מימונס אפיה בעמ</ManufactureName>
      <ManufactureCountry />
      <ManufactureItemDescription />
      <UnitQty>יח`</UnitQty>
      <Quantity>50</Quantity>
      <UnitMeasure>גרם</UnitMeasure>
      <BisWeighted>0</BisWeighted>
      <QtyInPackage>1</QtyInPackage>
      <ItemPrice>9.90</ItemPrice>
      <UnitOfMeasurePrice>19.80</UnitOfMeasurePrice>
      <AllowDiscount>0</AllowDiscount>
      <itemStatus>1</itemStatus>
      <LastUpdateDate />
      <LastUpdateTime />
    </Product>
    <Product>
      <PriceUpdateDate>2018/02/05 13:48</PriceUpdateDate>
      <ItemCode>7290013144515</ItemCode>
      <ItemType>1</ItemType>
      <ItemName>צבע מאכל צהוב מימונס (50 מל)</ItemName>
      <ManufactureName>מימונס אפיה בעמ</ManufactureName>
      <ManufactureCountry />
      <ManufactureItemDescription />
      <UnitQty>יח`</UnitQty>
      <Quantity>50</Quantity>
      <UnitMeasure>גרם</UnitMeasure>
      <BisWeighted>0</BisWeighted>
      <QtyInPackage>1</QtyInPackage>
      <ItemPrice>4.90</ItemPrice>
      <UnitOfMeasurePrice>9.80</UnitOfMeasurePrice>
      <AllowDiscount>0</AllowDiscount>
      <itemStatus>1</itemStatus>
      <LastUpdateDate />
      <LastUpdateTime />
    </Product>
    <Product>
      <PriceUpdateDate>2018/02/05 13:48</PriceUpdateDate>
      <ItemCode>7290013144522</ItemCode>
      <ItemType>1</ItemType>
      <ItemName>צבע מאכל ירוק מימונס (50 מל)</ItemName>
      <ManufactureName>מימונס אפיה בעמ</ManufactureName>
      <ManufactureCountry />
      <ManufactureItemDescription />
      <UnitQty>יח`</UnitQty>
      <Quantity>50</Quantity>
      <UnitMeasure>גרם</UnitMeasure>
      <BisWeighted>0</BisWeighted>
      <QtyInPackage>1</QtyInPackage>
      <ItemPrice>4.90</ItemPrice>
      <UnitOfMeasurePrice>9.80</UnitOfMeasurePrice>
      <AllowDiscount>0</AllowDiscount>
      <itemStatus>1</itemStatus>
      <LastUpdateDate />
      <LastUpdateTime />
    </Product>
    <Product>
      <PriceUpdateDate>2018/02/05 13:48</PriceUpdateDate>
      <ItemCode>7290013144560</ItemCode>
      <ItemType>1</ItemType>
      <ItemName>צבע מאכל כחול מימונס (50 מל)</ItemName>
      <ManufactureName>מימונס אפיה בעמ</ManufactureName>
      <ManufactureCountry />
      <ManufactureItemDescription />
      <UnitQty>יח`</UnitQty>
      <Quantity>50</Quantity>
      <UnitMeasure>גרם</UnitMeasure>
      <BisWeighted>0</BisWeighted>
      <QtyInPackage>1</QtyInPackage>
      <ItemPrice>4.90</ItemPrice>
      <UnitOfMeasurePrice>9.80</UnitOfMeasurePrice>
      <AllowDiscount>0</AllowDiscount>
      <itemStatus>1</itemStatus>
      <LastUpdateDate />
      <LastUpdateTime />
    </Product>
    <Product>
      <PriceUpdateDate>2015/04/30 11:40</PriceUpdateDate>
      <ItemCode>7290013144751</ItemCode>
      <ItemType>1</ItemType>
      <ItemName>סירופ מייפל מימונס (500 גרם)</ItemName>
      <ManufactureName>מימונס אפיה בעמ</ManufactureName>
      <ManufactureCountry />
      <ManufactureItemDescription />
      <UnitQty>יח`</UnitQty>
      <Quantity>500</Quantity>
      <UnitMeasure>מ"ל</UnitMeasure>
      <BisWeighted>0</BisWeighted>
      <QtyInPackage>1</QtyInPackage>
      <ItemPrice>14.90</ItemPrice>
      <UnitOfMeasurePrice>2.98</UnitOfMeasurePrice>
      <AllowDiscount>0</AllowDiscount>
      <itemStatus>1</itemStatus>
      <LastUpdateDate />
      <LastUpdateTime />
    </Product>
    <Product>
      <PriceUpdateDate>2015/04/30 11:40</PriceUpdateDate>
      <ItemCode>7290013144768</ItemCode>
      <ItemType>1</ItemType>
      <ItemName>סירופ שוקולד מימונס (500 גרם)</ItemName>
      <ManufactureName>מימונס אפיה בעמ</ManufactureName>
      <ManufactureCountry />
      <ManufactureItemDescription />
      <UnitQty>יח`</UnitQty>
      <Quantity>500</Quantity>
      <UnitMeasure>מ"ל</UnitMeasure>
      <BisWeighted>0</BisWeighted>
      <QtyInPackage>1</QtyInPackage>
      <ItemPrice>14.90</ItemPrice>
      <UnitOfMeasurePrice>2.98</UnitOfMeasurePrice>
      <AllowDiscount>0</AllowDiscount>
      <itemStatus>1</itemStatus>
      <LastUpdateDate />
      <LastUpdateTime />
    </Product>
    <Product>
      <PriceUpdateDate>2019/07/17 08:54</PriceUpdateDate>
      <ItemCode>7290013145017</ItemCode>
      <ItemType>1</ItemType>
      <ItemName>אגוז מלך קלוף מימונס (100 גרם)</ItemName>
      <ManufactureName>מימונס אפיה בעמ</ManufactureName>
      <ManufactureCountry />
      <ManufactureItemDescription />
      <UnitQty>יח`</UnitQty>
      <Quantity>100</Quantity>
      <UnitMeasure>גרם</UnitMeasure>
      <BisWeighted>0</BisWeighted>
      <QtyInPackage>1</QtyInPackage>
      <ItemPrice>11.90</ItemPrice>
      <UnitOfMeasurePrice>11.90</UnitOfMeasurePrice>
      <AllowDiscount>1</AllowDiscount>
      <itemStatus>1</itemStatus>
      <LastUpdateDate />
      <LastUpdateTime />
    </Product>
    <Product>
      <PriceUpdateDate>2018/07/01 14:26</PriceUpdateDate>
      <ItemCode>7290013145048</ItemCode>
      <ItemType>1</ItemType>
      <ItemName>צנוברים מימונס (100 גרם)</ItemName>
      <ManufactureName>מימונס אפיה בעמ</ManufactureName>
      <ManufactureCountry />
      <ManufactureItemDescription />
      <UnitQty>יח`</UnitQty>
      <Quantity>100</Quantity>
      <UnitMeasure>גרם</UnitMeasure>
      <BisWeighted>0</BisWeighted>
      <QtyInPackage>1</QtyInPackage>
      <ItemPrice>27.90</ItemPrice>
      <UnitOfMeasurePrice>27.90</UnitOfMeasurePrice>
      <AllowDiscount>0</AllowDiscount>
      <itemStatus>1</itemStatus>
      <LastUpdateDate />
      <LastUpdateTime />
    </Product>
    <Product>
      <PriceUpdateDate>2015/03/03 17:08</PriceUpdateDate>
      <ItemCode>7290013145055</ItemCode>
      <ItemType>1</ItemType>
      <ItemName>פרג שלם מימונס (100 גרם)</ItemName>
      <ManufactureName>מימונס אפיה בעמ</ManufactureName>
      <ManufactureCountry />
      <ManufactureItemDescription />
      <UnitQty>יח`</UnitQty>
      <Quantity>100</Quantity>
      <UnitMeasure>גרם</UnitMeasure>
      <BisWeighted>0</BisWeighted>
      <QtyInPackage>1</QtyInPackage>
      <ItemPrice>5.90</ItemPrice>
      <UnitOfMeasurePrice>5.90</UnitOfMeasurePrice>
      <AllowDiscount>0</AllowDiscount>
      <itemStatus>1</itemStatus>
      <LastUpdateDate />
      <LastUpdateTime />
    </Product>
    <Product>
      <PriceUpdateDate>2019/07/17 08:54</PriceUpdateDate>
      <ItemCode>7290013145079</ItemCode>
      <ItemType>1</ItemType>
      <ItemName>שקד טבעי גרוס מימונס (100 גרם)</ItemName>
      <ManufactureName>מימונס אפיה בעמ</ManufactureName>
      <ManufactureCountry />
      <ManufactureItemDescription />
      <UnitQty>יח`</UnitQty>
      <Quantity>100</Quantity>
      <UnitMeasure>גרם</UnitMeasure>
      <BisWeighted>0</BisWeighted>
      <QtyInPackage>1</QtyInPackage>
      <ItemPrice>11.90</ItemPrice>
      <UnitOfMeasurePrice>11.90</UnitOfMeasurePrice>
      <AllowDiscount>0</AllowDiscount>
      <itemStatus>1</itemStatus>
      <LastUpdateDate />
      <LastUpdateTime />
    </Product>
    <Product>
      <PriceUpdateDate>2019/07/17 08:54</PriceUpdateDate>
      <ItemCode>7290013145109</ItemCode>
      <ItemType>1</ItemType>
      <ItemName>שקד מולבן טחון מימונס (100 גרם)</ItemName>
      <ManufactureName>מימונס אפיה בעמ</ManufactureName>
      <ManufactureCountry />
      <ManufactureItemDescription />
      <UnitQty>יח`</UnitQty>
      <Quantity>100</Quantity>
      <UnitMeasure>גרם</UnitMeasure>
      <BisWeighted>0</BisWeighted>
      <QtyInPackage>1</QtyInPackage>
      <ItemPrice>11.90</ItemPrice>
      <UnitOfMeasurePrice>11.90</UnitOfMeasurePrice>
      <AllowDiscount>0</AllowDiscount>
      <itemStatus>1</itemStatus>
      <LastUpdateDate />
      <LastUpdateTime />
    </Product>
    <Product>
      <PriceUpdateDate>2017/03/30 08:34</PriceUpdateDate>
      <ItemCode>7290013145178</ItemCode>
      <ItemType>1</ItemType>
      <ItemName>קוקוס לבן טחון מימונס (100 גרם)</ItemName>
      <ManufactureName>מימונס אפיה בעמ</ManufactureName>
      <ManufactureCountry />
      <ManufactureItemDescription />
      <UnitQty>יח`</UnitQty>
      <Quantity>100</Quantity>
      <UnitMeasure>גרם</UnitMeasure>
      <BisWeighted>0</BisWeighted>
      <QtyInPackage>1</QtyInPackage>
      <ItemPrice>4.90</ItemPrice>
      <UnitOfMeasurePrice>4.90</UnitOfMeasurePrice>
      <AllowDiscount>0</AllowDiscount>
      <itemStatus>1</itemStatus>
      <LastUpdateDate />
      <LastUpdateTime />
    </Product>
    <Product>
      <PriceUpdateDate>2015/11/30 14:58</PriceUpdateDate>
      <ItemCode>7290013145192</ItemCode>
      <ItemType>1</ItemType>
      <ItemName>שומשום מימונס (100 גרם)</ItemName>
      <ManufactureName>מימונס אפיה בעמ</ManufactureName>
      <ManufactureCountry />
      <ManufactureItemDescription />
      <UnitQty>יח`</UnitQty>
      <Quantity>100</Quantity>
      <UnitMeasure>גרם</UnitMeasure>
      <BisWeighted>0</BisWeighted>
      <QtyInPackage>1</QtyInPackage>
      <ItemPrice>4.90</ItemPrice>
      <UnitOfMeasurePrice>4.90</UnitOfMeasurePrice>
      <AllowDiscount>0</AllowDiscount>
      <itemStatus>1</itemStatus>
      <LastUpdateDate />
      <LastUpdateTime />
    </Product>
    <Product>
      <PriceUpdateDate>2018/10/15 11:13</PriceUpdateDate>
      <ItemCode>7290013145215</ItemCode>
      <ItemType>1</ItemType>
      <ItemName>שומשום מימונס (400 גרם)</ItemName>
      <ManufactureName>מימונס אפיה בעמ</ManufactureName>
      <ManufactureCountry />
      <ManufactureItemDescription />
      <UnitQty>יח`</UnitQty>
      <Quantity>400</Quantity>
      <UnitMeasure>גרם</UnitMeasure>
      <BisWeighted>0</BisWeighted>
      <QtyInPackage>1</QtyInPackage>
      <ItemPrice>14.90</ItemPrice>
      <UnitOfMeasurePrice>3.73</UnitOfMeasurePrice>
      <AllowDiscount>0</AllowDiscount>
      <itemStatus>1</itemStatus>
      <LastUpdateDate />
      <LastUpdateTime />
    </Product>
    <Product>
      <PriceUpdateDate>2015/11/30 14:58</PriceUpdateDate>
      <ItemCode>7290013145246</ItemCode>
      <ItemType>1</ItemType>
      <ItemName>גרעין חמנייה מקולף</ItemName>
      <ManufactureName>מימונס אפיה בעמ</ManufactureName>
      <ManufactureCountry />
      <ManufactureItemDescription />
      <UnitQty>יח`</UnitQty>
      <Quantity>100</Quantity>
      <UnitMeasure>גרם</UnitMeasure>
      <BisWeighted>0</BisWeighted>
      <QtyInPackage>1</QtyInPackage>
      <ItemPrice>5.90</ItemPrice>
      <UnitOfMeasurePrice>5.90</UnitOfMeasurePrice>
      <AllowDiscount>0</AllowDiscount>
      <itemStatus>1</itemStatus>
      <LastUpdateDate />
      <LastUpdateTime />
    </Product>
    <Product>
      <PriceUpdateDate>2017/08/14 08:13</PriceUpdateDate>
      <ItemCode>7290013145277</ItemCode>
      <ItemType>1</ItemType>
      <ItemName>עלים לקרמשניט 300 גר</ItemName>
      <ManufactureName>מימונס אפיה בעמ</ManufactureName>
      <ManufactureCountry />
      <ManufactureItemDescription />
      <UnitQty>יח`</UnitQty>
      <Quantity>300</Quantity>
      <UnitMeasure>גרם</UnitMeasure>
      <BisWeighted>0</BisWeighted>
      <QtyInPackage>1</QtyInPackage>
      <ItemPrice>15.90</ItemPrice>
      <UnitOfMeasurePrice>5.30</UnitOfMeasurePrice>
      <AllowDiscount>1</AllowDiscount>
      <itemStatus>1</itemStatus>
      <LastUpdateDate />
      <LastUpdateTime />
    </Product>
    <Product>
      <PriceUpdateDate>2018/02/05 13:48</PriceUpdateDate>
      <ItemCode>7290013145437</ItemCode>
      <ItemType>1</ItemType>
      <ItemName>שוקולד צ`יפס 48% מימונס (250 גרם)</ItemName>
      <ManufactureName>מימונס אפיה בעמ</ManufactureName>
      <ManufactureCountry />
      <ManufactureItemDescription />
      <UnitQty>יח`</UnitQty>
      <Quantity>250</Quantity>
      <UnitMeasure>גרם</UnitMeasure>
      <BisWeighted>0</BisWeighted>
      <QtyInPackage>1</QtyInPackage>
      <ItemPrice>14.90</ItemPrice>
      <UnitOfMeasurePrice>5.96</UnitOfMeasurePrice>
      <AllowDiscount>0</AllowDiscount>
      <itemStatus>1</itemStatus>
      <LastUpdateDate />
      <LastUpdateTime />
    </Product>
    <Product>
      <PriceUpdateDate>2016/01/07 14:13</PriceUpdateDate>
      <ItemCode>7290013145598</ItemCode>
      <ItemType>1</ItemType>
      <ItemName>טיפות לקישוט עוגה מימונס (60 גרם)</ItemName>
      <ManufactureName>מימונס אפיה בעמ</ManufactureName>
      <ManufactureCountry />
      <ManufactureItemDescription />
      <UnitQty>יח`</UnitQty>
      <Quantity>60</Quantity>
      <UnitMeasure>גרם</UnitMeasure>
      <BisWeighted>0</BisWeighted>
      <QtyInPackage>1</QtyInPackage>
      <ItemPrice>15.90</ItemPrice>
      <UnitOfMeasurePrice>26.50</UnitOfMeasurePrice>
      <AllowDiscount>0</AllowDiscount>
      <itemStatus>1</itemStatus>
      <LastUpdateDate />
      <LastUpdateTime />
    </Product>
    <Product>
      <PriceUpdateDate>2018/02/05 13:48</PriceUpdateDate>
      <ItemCode>7290013145826</ItemCode>
      <ItemType>1</ItemType>
      <ItemName>פודינג בטעם וניל לבן 80 גר` מימונס</ItemName>
      <ManufactureName>מימונס אפיה בעמ</ManufactureName>
      <ManufactureCountry />
      <ManufactureItemDescription />
      <UnitQty>יח`</UnitQty>
      <Quantity>80</Quantity>
      <UnitMeasure>גרם</UnitMeasure>
      <BisWeighted>0</BisWeighted>
      <QtyInPackage>1</QtyInPackage>
      <ItemPrice>5.90</ItemPrice>
      <UnitOfMeasurePrice>7.38</UnitOfMeasurePrice>
      <AllowDiscount>1</AllowDiscount>
      <itemStatus>1</itemStatus>
      <LastUpdateDate />
      <LastUpdateTime />
    </Product>
    <Product>
      <PriceUpdateDate>2014/05/07 10:19</PriceUpdateDate>
      <ItemCode>7290013145840</ItemCode>
      <ItemType>1</ItemType>
      <ItemName>סוכר וניל מימונס (10x10 גרם)</ItemName>
      <ManufactureName>מימונס אפיה בעמ</ManufactureName>
      <ManufactureCountry />
      <ManufactureItemDescription />
      <UnitQty>יח`</UnitQty>
      <Quantity>10</Quantity>
      <UnitMeasure>יח`</UnitMeasure>
      <BisWeighted>0</BisWeighted>
      <QtyInPackage>1</QtyInPackage>
      <ItemPrice>2.90</ItemPrice>
      <UnitOfMeasurePrice>0.29</UnitOfMeasurePrice>
      <AllowDiscount>0</AllowDiscount>
      <itemStatus>1</itemStatus>
      <LastUpdateDate />
      <LastUpdateTime />
    </Product>
    <Product>
      <PriceUpdateDate>2019/01/06 15:30</PriceUpdateDate>
      <ItemCode>7290013145857</ItemCode>
      <ItemType>1</ItemType>
      <ItemName>אבקת אפיה מימונס (10x10 גרם)</ItemName>
      <ManufactureName>מימונס אפיה בעמ</ManufactureName>
      <ManufactureCountry />
      <ManufactureItemDescription />
      <UnitQty>יח`</UnitQty>
      <Quantity>10</Quantity>
      <UnitMeasure>יח`</UnitMeasure>
      <BisWeighted>0</BisWeighted>
      <QtyInPackage>1</QtyInPackage>
      <ItemPrice>2.90</ItemPrice>
      <UnitOfMeasurePrice>0.29</UnitOfMeasurePrice>
      <AllowDiscount>0</AllowDiscount>
      <itemStatus>1</itemStatus>
      <LastUpdateDate />
      <LastUpdateTime />
    </Product>
    <Product>
      <PriceUpdateDate>2015/12/02 14:23</PriceUpdateDate>
      <ItemCode>7290013145871</ItemCode>
      <ItemType>1</ItemType>
      <ItemName>שמרים יבשים מימונס (11x5 גרם)</ItemName>
      <ManufactureName>מימונס אפיה בעמ</ManufactureName>
      <ManufactureCountry />
      <ManufactureItemDescription />
      <UnitQty>יח`</UnitQty>
      <Quantity>55</Quantity>
      <UnitMeasure>גרם</UnitMeasure>
      <BisWeighted>0</BisWeighted>
      <QtyInPackage>1</QtyInPackage>
      <ItemPrice>10.90</ItemPrice>
      <UnitOfMeasurePrice>19.82</UnitOfMeasurePrice>
      <AllowDiscount>0</AllowDiscount>
      <itemStatus>1</itemStatus>
      <LastUpdateDate />
      <LastUpdateTime />
    </Product>
    <Product>
      <PriceUpdateDate>2018/02/05 13:48</PriceUpdateDate>
      <ItemCode>7290013145949</ItemCode>
      <ItemType>1</ItemType>
      <ItemName>אבקת סוכר מימונס (250 גרם)</ItemName>
      <ManufactureName>מימונס אפיה בעמ</ManufactureName>
      <ManufactureCountry />
      <ManufactureItemDescription />
      <UnitQty>יח`</UnitQty>
      <Quantity>250</Quantity>
      <UnitMeasure>גרם</UnitMeasure>
      <BisWeighted>0</BisWeighted>
      <QtyInPackage>1</QtyInPackage>
      <ItemPrice>17.90</ItemPrice>
      <UnitOfMeasurePrice>7.16</UnitOfMeasurePrice>
      <AllowDiscount>0</AllowDiscount>
      <itemStatus>1</itemStatus>
      <LastUpdateDate />
      <LastUpdateTime />
    </Product>
    <Product>
      <PriceUpdateDate>2014/11/17 10:46</PriceUpdateDate>
      <ItemCode>7290013145970</ItemCode>
      <ItemType>1</ItemType>
      <ItemName>קורנפלור מימונס (200 גרם)</ItemName>
      <ManufactureName>מימונס אפיה בעמ</ManufactureName>
      <ManufactureCountry />
      <ManufactureItemDescription />
      <UnitQty>יח`</UnitQty>
      <Quantity>200</Quantity>
      <UnitMeasure>גרם</UnitMeasure>
      <BisWeighted>0</BisWeighted>
      <QtyInPackage>1</QtyInPackage>
      <ItemPrice>3.90</ItemPrice>
      <UnitOfMeasurePrice>1.95</UnitOfMeasurePrice>
      <AllowDiscount>0</AllowDiscount>
      <itemStatus>1</itemStatus>
      <LastUpdateDate />
      <LastUpdateTime />
    </Product>
    <Product>
      <PriceUpdateDate>2019/12/08 09:46</PriceUpdateDate>
      <ItemCode>7290013146045</ItemCode>
      <ItemType>1</ItemType>
      <ItemName>מלית תות שדה 400 גר`</ItemName>
      <ManufactureName>מימונס אפיה בעמ</ManufactureName>
      <ManufactureCountry />
      <ManufactureItemDescription />
      <UnitQty>יח`</UnitQty>
      <Quantity>400</Quantity>
      <UnitMeasure>גרם</UnitMeasure>
      <BisWeighted>0</BisWeighted>
      <QtyInPackage>1</QtyInPackage>
      <ItemPrice>19.90</ItemPrice>
      <UnitOfMeasurePrice>4.98</UnitOfMeasurePrice>
      <AllowDiscount>1</AllowDiscount>
      <itemStatus>1</itemStatus>
      <LastUpdateDate />
      <LastUpdateTime />
    </Product>
    <Product>
      <PriceUpdateDate>2019/08/08 08:31</PriceUpdateDate>
      <ItemCode>7290013146274</ItemCode>
      <ItemType>1</ItemType>
      <ItemName>מארז 8 יח תחתיות מרנג 10 גר` מימונס</ItemName>
      <ManufactureName>מימונס אפיה בעמ</ManufactureName>
      <ManufactureCountry />
      <ManufactureItemDescription />
      <UnitQty>יח`</UnitQty>
      <Quantity>100</Quantity>
      <UnitMeasure>גרם</UnitMeasure>
      <BisWeighted>0</BisWeighted>
      <QtyInPackage>1</QtyInPackage>
      <ItemPrice>18.90</ItemPrice>
      <UnitOfMeasurePrice>18.90</UnitOfMeasurePrice>
      <AllowDiscount>1</AllowDiscount>
      <itemStatus>1</itemStatus>
      <LastUpdateDate />
      <LastUpdateTime />
    </Product>
    <Product>
      <PriceUpdateDate>2019/08/08 08:31</PriceUpdateDate>
      <ItemCode>7290013146342</ItemCode>
      <ItemType>1</ItemType>
      <ItemName>מארז מקרונים בטעם טירמיסו 6 יח מימונס</ItemName>
      <ManufactureName>מימונס אפיה בעמ</ManufactureName>
      <ManufactureCountry />
      <ManufactureItemDescription />
      <UnitQty>יח`</UnitQty>
      <Quantity>81</Quantity>
      <UnitMeasure>גרם</UnitMeasure>
      <BisWeighted>0</BisWeighted>
      <QtyInPackage>1</QtyInPackage>
      <ItemPrice>23.90</ItemPrice>
      <UnitOfMeasurePrice>29.51</UnitOfMeasurePrice>
      <AllowDiscount>0</AllowDiscount>
      <itemStatus>1</itemStatus>
      <LastUpdateDate />
      <LastUpdateTime />
    </Product>
    <Product>
      <PriceUpdateDate>2019/08/08 08:31</PriceUpdateDate>
      <ItemCode>7290013146403</ItemCode>
      <ItemType>1</ItemType>
      <ItemName>סירופ בטעם קרמל מלוח 500 גר` מימונס</ItemName>
      <ManufactureName>מימונס אפיה בעמ</ManufactureName>
      <ManufactureCountry />
      <ManufactureItemDescription />
      <UnitQty>יח`</UnitQty>
      <Quantity>500</Quantity>
      <UnitMeasure>גרם</UnitMeasure>
      <BisWeighted>0</BisWeighted>
      <QtyInPackage>1</QtyInPackage>
      <ItemPrice>17.90</ItemPrice>
      <UnitOfMeasurePrice>3.58</UnitOfMeasurePrice>
      <AllowDiscount>1</AllowDiscount>
      <itemStatus>1</itemStatus>
      <LastUpdateDate />
      <LastUpdateTime />
    </Product>
    <Product>
      <PriceUpdateDate>2018/10/15 11:13</PriceUpdateDate>
      <ItemCode>7290013146854</ItemCode>
      <ItemType>1</ItemType>
      <ItemName>קוקוס לבן מימונס 400 גר`</ItemName>
      <ManufactureName>מימונס אפיה בעמ</ManufactureName>
      <ManufactureCountry />
      <ManufactureItemDescription />
      <UnitQty>יח`</UnitQty>
      <Quantity>400</Quantity>
      <UnitMeasure>גרם</UnitMeasure>
      <BisWeighted>0</BisWeighted>
      <QtyInPackage>1</QtyInPackage>
      <ItemPrice>13.90</ItemPrice>
      <UnitOfMeasurePrice>3.48</UnitOfMeasurePrice>
      <AllowDiscount>0</AllowDiscount>
      <itemStatus>1</itemStatus>
      <LastUpdateDate />
      <LastUpdateTime />
    </Product>
    <Product>
      <PriceUpdateDate>2015/08/16 08:08</PriceUpdateDate>
      <ItemCode>7290013153395</ItemCode>
      <ItemType>1</ItemType>
      <ItemName>מיץ סחוט רימונים טבעי פריגת (1 ליטר)</ItemName>
      <ManufactureName>החב` המרכזית - טרה</ManufactureName>
      <ManufactureCountry />
      <ManufactureItemDescription />
      <UnitQty>יח`</UnitQty>
      <Quantity>1000</Quantity>
      <UnitMeasure>מ"ל</UnitMeasure>
      <BisWeighted>0</BisWeighted>
      <QtyInPackage>1</QtyInPackage>
      <ItemPrice>23</ItemPrice>
      <UnitOfMeasurePrice>2.27</UnitOfMeasurePrice>
      <AllowDiscount>0</AllowDiscount>
      <itemStatus>1</itemStatus>
      <LastUpdateDate />
      <LastUpdateTime />
    </Product>
    <Product>
      <PriceUpdateDate>2015/11/25 08:21</PriceUpdateDate>
      <ItemCode>7290013153425</ItemCode>
      <ItemType>1</ItemType>
      <ItemName>סחוט 2 ליטר פריגת פריגת לימונענע</ItemName>
      <ManufactureName>החב` המרכזית - טרה</ManufactureName>
      <ManufactureCountry />
      <ManufactureItemDescription />
      <UnitQty>יח`</UnitQty>
      <Quantity>2000</Quantity>
      <UnitMeasure>מ"ל</UnitMeasure>
      <BisWeighted>0</BisWeighted>
      <QtyInPackage>1</QtyInPackage>
      <ItemPrice>27.90</ItemPrice>
      <UnitOfMeasurePrice>1.40</UnitOfMeasurePrice>
      <AllowDiscount>1</AllowDiscount>
      <itemStatus>1</itemStatus>
      <LastUpdateDate />
      <LastUpdateTime />
    </Product>
    <Product>
      <PriceUpdateDate>2019/11/24 11:23</PriceUpdateDate>
      <ItemCode>7290013153647</ItemCode>
      <ItemType>1</ItemType>
      <ItemName>מיץ הדרים חמצמץ  (100% 2 ליטר)</ItemName>
      <ManufactureName>החב` המרכזית - טרה</ManufactureName>
      <ManufactureCountry />
      <ManufactureItemDescription />
      <UnitQty>יח`</UnitQty>
      <Quantity>1</Quantity>
      <UnitMeasure />
      <BisWeighted>0</BisWeighted>
      <QtyInPackage>1</QtyInPackage>
      <ItemPrice>22.90</ItemPrice>
      <UnitOfMeasurePrice>22.90</UnitOfMeasurePrice>
      <AllowDiscount>0</AllowDiscount>
      <itemStatus>1</itemStatus>
      <LastUpdateDate />
      <LastUpdateTime />
    </Product>
    <Product>
      <PriceUpdateDate>2018/01/10 11:24</PriceUpdateDate>
      <ItemCode>7290013268020</ItemCode>
      <ItemType>1</ItemType>
      <ItemName>סנו מקסימה מרכך 1 ליטר כחול פסים</ItemName>
      <ManufactureName>החברה הדרומית לשיווק בעמ</ManufactureName>
      <ManufactureCountry />
      <ManufactureItemDescription />
      <UnitQty>יח`</UnitQty>
      <Quantity>1000</Quantity>
      <UnitMeasure>מ"ל</UnitMeasure>
      <BisWeighted>0</BisWeighted>
      <QtyInPackage>1</QtyInPackage>
      <ItemPrice>17.90</ItemPrice>
      <UnitOfMeasurePrice>1.79</UnitOfMeasurePrice>
      <AllowDiscount>1</AllowDiscount>
      <itemStatus>1</itemStatus>
      <LastUpdateDate />
      <LastUpdateTime />
    </Product>
    <Product>
      <PriceUpdateDate>2019/12/22 11:04</PriceUpdateDate>
      <ItemCode>7290013268242</ItemCode>
      <ItemType>1</ItemType>
      <ItemName>ריצפז פרש הום בניחוח מלון מפנק 2 ליטר</ItemName>
      <ManufactureName>החברה הדרומית לשיווק בעמ</ManufactureName>
      <ManufactureCountry />
      <ManufactureItemDescription />
      <UnitQty>יח`</UnitQty>
      <Quantity>1</Quantity>
      <UnitMeasure />
      <BisWeighted>0</BisWeighted>
      <QtyInPackage>1</QtyInPackage>
      <ItemPrice>19.90</ItemPrice>
      <UnitOfMeasurePrice>19.90</UnitOfMeasurePrice>
      <AllowDiscount>0</AllowDiscount>
      <itemStatus>1</itemStatus>
      <LastUpdateDate />
      <LastUpdateTime />
    </Product>
    <Product>
      <PriceUpdateDate>2020/05/01 06:20</PriceUpdateDate>
      <ItemCode>7290013268372</ItemCode>
      <ItemType>1</ItemType>
      <ItemName>פוליוויקס פרקט סנו בתוספת שמן ארגן (2 לי</ItemName>
      <ManufactureName>החברה הדרומית לשיווק בעמ</ManufactureName>
      <ManufactureCountry />
      <ManufactureItemDescription />
      <UnitQty>יח`</UnitQty>
      <Quantity>1</Quantity>
      <UnitMeasure />
      <BisWeighted>0</BisWeighted>
      <QtyInPackage>1</QtyInPackage>
      <ItemPrice>21.90</ItemPrice>
      <UnitOfMeasurePrice>21.90</UnitOfMeasurePrice>
      <AllowDiscount>0</AllowDiscount>
      <itemStatus>1</itemStatus>
      <LastUpdateDate />
      <LastUpdateTime />
    </Product>
    <Product>
      <PriceUpdateDate>2017/04/18 10:19</PriceUpdateDate>
      <ItemCode>7290013268440</ItemCode>
      <ItemType>1</ItemType>
      <ItemName>צמד מברשות שיניים בוב ספוג+פיגורינה</ItemName>
      <ManufactureName>החברה הדרומית לשיווק בעמ</ManufactureName>
      <ManufactureCountry />
      <ManufactureItemDescription />
      <UnitQty>יח`</UnitQty>
      <Quantity>1</Quantity>
      <UnitMeasure />
      <BisWeighted>0</BisWeighted>
      <QtyInPackage>1</QtyInPackage>
      <ItemPrice>15.90</ItemPrice>
      <UnitOfMeasurePrice>15.90</UnitOfMeasurePrice>
      <AllowDiscount>0</AllowDiscount>
      <itemStatus>1</itemStatus>
      <LastUpdateDate />
      <LastUpdateTime />
    </Product>
    <Product>
      <PriceUpdateDate>2019/04/29 10:59</PriceUpdateDate>
      <ItemCode>7290013268884</ItemCode>
      <ItemType>1</ItemType>
      <ItemName>ריצפז פרש 2 ליטר מאסק</ItemName>
      <ManufactureName>החברה הדרומית לשיווק בעמ</ManufactureName>
      <ManufactureCountry />
      <ManufactureItemDescription />
      <UnitQty>יח`</UnitQty>
      <Quantity>2</Quantity>
      <UnitMeasure>1 ליטר</UnitMeasure>
      <BisWeighted>0</BisWeighted>
      <QtyInPackage>1</QtyInPackage>
      <ItemPrice>21.90</ItemPrice>
      <UnitOfMeasurePrice>10.95</UnitOfMeasurePrice>
      <AllowDiscount>1</AllowDiscount>
      <itemStatus>1</itemStatus>
      <LastUpdateDate />
      <LastUpdateTime />
    </Product>
    <Product>
      <PriceUpdateDate>2018/01/10 11:24</PriceUpdateDate>
      <ItemCode>7290013268891</ItemCode>
      <ItemType>1</ItemType>
      <ItemName>אוקסיג`ן ג`ל 3 ליטר</ItemName>
      <ManufactureName>החברה הדרומית לשיווק בעמ</ManufactureName>
      <ManufactureCountry />
      <ManufactureItemDescription />
      <UnitQty>יח`</UnitQty>
      <Quantity>3</Quantity>
      <UnitMeasure>1 ליטר</UnitMeasure>
      <BisWeighted>0</BisWeighted>
      <QtyInPackage>1</QtyInPackage>
      <ItemPrice>29.90</ItemPrice>
      <UnitOfMeasurePrice>9.97</UnitOfMeasurePrice>
      <AllowDiscount>1</AllowDiscount>
      <itemStatus>1</itemStatus>
      <LastUpdateDate />
      <LastUpdateTime />
    </Product>
    <Product>
      <PriceUpdateDate>2019/02/03 12:17</PriceUpdateDate>
      <ItemCode>7290013268907</ItemCode>
      <ItemType>1</ItemType>
      <ItemName>מקסימה ג`ל כביסה 3 ליטר</ItemName>
      <ManufactureName>החברה הדרומית לשיווק בעמ</ManufactureName>
      <ManufactureCountry />
      <ManufactureItemDescription />
      <UnitQty>יח`</UnitQty>
      <Quantity>3</Quantity>
      <UnitMeasure>1 ליטר</UnitMeasure>
      <BisWeighted>0</BisWeighted>
      <QtyInPackage>1</QtyInPackage>
      <ItemPrice>29.60</ItemPrice>
      <UnitOfMeasurePrice>9.87</UnitOfMeasurePrice>
      <AllowDiscount>1</AllowDiscount>
      <itemStatus>1</itemStatus>
      <LastUpdateDate />
      <LastUpdateTime />
    </Product>
    <Product>
      <PriceUpdateDate>2018/01/10 11:24</PriceUpdateDate>
      <ItemCode>7290013268990</ItemCode>
      <ItemType>1</ItemType>
      <ItemName>מקסימה מרכך סופר מרוכז ביו סנו (1 ליטר)</ItemName>
      <ManufactureName>החברה הדרומית לשיווק בעמ</ManufactureName>
      <ManufactureCountry />
      <ManufactureItemDescription />
      <UnitQty>יח`</UnitQty>
      <Quantity>1000</Quantity>
      <UnitMeasure>מ"ל</UnitMeasure>
      <BisWeighted>0</BisWeighted>
      <QtyInPackage>1</QtyInPackage>
      <ItemPrice>17.90</ItemPrice>
      <UnitOfMeasurePrice>1.79</UnitOfMeasurePrice>
      <AllowDiscount>1</AllowDiscount>
      <itemStatus>1</itemStatus>
      <LastUpdateDate />
      <LastUpdateTime />
    </Product>
    <Product>
      <PriceUpdateDate>2018/01/10 11:24</PriceUpdateDate>
      <ItemCode>7290013269003</ItemCode>
      <ItemType>1</ItemType>
      <ItemName>סנו מקסימה מרכך 1 ליטר כחול בייבי</ItemName>
      <ManufactureName>החברה הדרומית לשיווק בעמ</ManufactureName>
      <ManufactureCountry />
      <ManufactureItemDescription />
      <UnitQty>יח`</UnitQty>
      <Quantity>1000</Quantity>
      <UnitMeasure>מ"ל</UnitMeasure>
      <BisWeighted>0</BisWeighted>
      <QtyInPackage>1</QtyInPackage>
      <ItemPrice>17.90</ItemPrice>
      <UnitOfMeasurePrice>1.79</UnitOfMeasurePrice>
      <AllowDiscount>0</AllowDiscount>
      <itemStatus>1</itemStatus>
      <LastUpdateDate />
      <LastUpdateTime />
    </Product>
    <Product>
      <PriceUpdateDate>2019/02/03 12:17</PriceUpdateDate>
      <ItemCode>7290013269263</ItemCode>
      <ItemType>1</ItemType>
      <ItemName>מקסימה ג`ל כביסה 3 ליטר</ItemName>
      <ManufactureName>החברה הדרומית לשיווק בעמ</ManufactureName>
      <ManufactureCountry />
      <ManufactureItemDescription />
      <UnitQty>יח`</UnitQty>
      <Quantity>3</Quantity>
      <UnitMeasure>1 ליטר</UnitMeasure>
      <BisWeighted>0</BisWeighted>
      <QtyInPackage>1</QtyInPackage>
      <ItemPrice>29.60</ItemPrice>
      <UnitOfMeasurePrice>9.87</UnitOfMeasurePrice>
      <AllowDiscount>1</AllowDiscount>
      <itemStatus>1</itemStatus>
      <LastUpdateDate />
      <LastUpdateTime />
    </Product>
    <Product>
      <PriceUpdateDate>2019/02/03 12:17</PriceUpdateDate>
      <ItemCode>7290013269287</ItemCode>
      <ItemType>1</ItemType>
      <ItemName>מקסימה ג`ל כביסה 3 ליטר</ItemName>
      <ManufactureName>החברה הדרומית לשיווק בעמ</ManufactureName>
      <ManufactureCountry />
      <ManufactureItemDescription />
      <UnitQty>יח`</UnitQty>
      <Quantity>3000</Quantity>
      <UnitMeasure>1 ליטר</UnitMeasure>
      <BisWeighted>0</BisWeighted>
      <QtyInPackage>1</QtyInPackage>
      <ItemPrice>29.60</ItemPrice>
      <UnitOfMeasurePrice>0.01</UnitOfMeasurePrice>
      <AllowDiscount>1</AllowDiscount>
      <itemStatus>1</itemStatus>
      <LastUpdateDate />
      <LastUpdateTime />
    </Product>
    <Product>
      <PriceUpdateDate>2017/01/23 07:57</PriceUpdateDate>
      <ItemCode>7290013269300</ItemCode>
      <ItemType>1</ItemType>
      <ItemName>סושי ניילון נצמד פלוס סנו (150 מטר)</ItemName>
      <ManufactureName>החברה הדרומית לשיווק בעמ</ManufactureName>
      <ManufactureCountry />
      <ManufactureItemDescription />
      <UnitQty>יח`</UnitQty>
      <Quantity>1</Quantity>
      <UnitMeasure />
      <BisWeighted>0</BisWeighted>
      <QtyInPackage>1</QtyInPackage>
      <ItemPrice>24.90</ItemPrice>
      <UnitOfMeasurePrice>24.90</UnitOfMeasurePrice>
      <AllowDiscount>0</AllowDiscount>
      <itemStatus>1</itemStatus>
      <LastUpdateDate />
      <LastUpdateTime />
    </Product>
    <Product>
      <PriceUpdateDate>2019/07/11 15:14</PriceUpdateDate>
      <ItemCode>7290013269348</ItemCode>
      <ItemType>1</ItemType>
      <ItemName>סנו K3 תחנת פיתיון 4 יח</ItemName>
      <ManufactureName>החברה הדרומית לשיווק בעמ</ManufactureName>
      <ManufactureCountry />
      <ManufactureItemDescription />
      <UnitQty>יח`</UnitQty>
      <Quantity>1</Quantity>
      <UnitMeasure />
      <BisWeighted>0</BisWeighted>
      <QtyInPackage>1</QtyInPackage>
      <ItemPrice>49.90</ItemPrice>
      <UnitOfMeasurePrice>49.90</UnitOfMeasurePrice>
      <AllowDiscount>0</AllowDiscount>
      <itemStatus>1</itemStatus>
      <LastUpdateDate />
      <LastUpdateTime />
    </Product>
    <Product>
      <PriceUpdateDate>2015/04/30 13:17</PriceUpdateDate>
      <ItemCode>7290013269560</ItemCode>
      <ItemType>1</ItemType>
      <ItemName>תחליב רחצה מאסק קרמה (750 מל)</ItemName>
      <ManufactureName>החברה הדרומית לשיווק בעמ</ManufactureName>
      <ManufactureCountry />
      <ManufactureItemDescription />
      <UnitQty>יח`</UnitQty>
      <Quantity>750</Quantity>
      <UnitMeasure>מ"ל</UnitMeasure>
      <BisWeighted>0</BisWeighted>
      <QtyInPackage>1</QtyInPackage>
      <ItemPrice>19.90</ItemPrice>
      <UnitOfMeasurePrice>2.65</UnitOfMeasurePrice>
      <AllowDiscount>0</AllowDiscount>
      <itemStatus>1</itemStatus>
      <LastUpdateDate />
      <LastUpdateTime />
    </Product>
    <Product>
      <PriceUpdateDate>2019/02/03 12:17</PriceUpdateDate>
      <ItemCode>7290013269621</ItemCode>
      <ItemType>1</ItemType>
      <ItemName>ריצפז פרש הום בניחוח מלון בוטיק 2 ליטר</ItemName>
      <ManufactureName>החברה הדרומית לשיווק בעמ</ManufactureName>
      <ManufactureCountry />
      <ManufactureItemDescription />
      <UnitQty>יח`</UnitQty>
      <Quantity>1</Quantity>
      <UnitMeasure />
      <BisWeighted>0</BisWeighted>
      <QtyInPackage>1</QtyInPackage>
      <ItemPrice>19.90</ItemPrice>
      <UnitOfMeasurePrice>19.90</UnitOfMeasurePrice>
      <AllowDiscount>0</AllowDiscount>
      <itemStatus>1</itemStatus>
      <LastUpdateDate />
      <LastUpdateTime />
    </Product>
    <Product>
      <PriceUpdateDate>2015/12/01 20:58</PriceUpdateDate>
      <ItemCode>7290013269638</ItemCode>
      <ItemType>1</ItemType>
      <ItemName>סושי ספוג הפלא אקסטרה סנו) (6</ItemName>
      <ManufactureName>החברה הדרומית לשיווק בעמ</ManufactureName>
      <ManufactureCountry />
      <ManufactureItemDescription />
      <UnitQty>יח`</UnitQty>
      <Quantity>1</Quantity>
      <UnitMeasure />
      <BisWeighted>0</BisWeighted>
      <QtyInPackage>1</QtyInPackage>
      <ItemPrice>14.90</ItemPrice>
      <UnitOfMeasurePrice>14.90</UnitOfMeasurePrice>
      <AllowDiscount>0</AllowDiscount>
      <itemStatus>1</itemStatus>
      <LastUpdateDate />
      <LastUpdateTime />
    </Product>
    <Product>
      <PriceUpdateDate>2018/01/10 11:24</PriceUpdateDate>
      <ItemCode>7290013269850</ItemCode>
      <ItemType>1</ItemType>
      <ItemName>נייר אפיה אקולוגי סנו) (50</ItemName>
      <ManufactureName>החברה הדרומית לשיווק בעמ</ManufactureName>
      <ManufactureCountry />
      <ManufactureItemDescription />
      <UnitQty>יח`</UnitQty>
      <Quantity>50</Quantity>
      <UnitMeasure>יח`</UnitMeasure>
      <BisWeighted>0</BisWeighted>
      <QtyInPackage>1</QtyInPackage>
      <ItemPrice>11.90</ItemPrice>
      <UnitOfMeasurePrice>0.24</UnitOfMeasurePrice>
      <AllowDiscount>0</AllowDiscount>
      <itemStatus>1</itemStatus>
      <LastUpdateDate />
      <LastUpdateTime />
    </Product>
    <Product>
      <PriceUpdateDate>2015/12/01 20:58</PriceUpdateDate>
      <ItemCode>7290013269911</ItemCode>
      <ItemType>1</ItemType>
      <ItemName>קוטל חרקים קיי 333 סנו (750 מל)</ItemName>
      <ManufactureName>החברה הדרומית לשיווק בעמ</ManufactureName>
      <ManufactureCountry />
      <ManufactureItemDescription />
      <UnitQty>יח`</UnitQty>
      <Quantity>750</Quantity>
      <UnitMeasure>מ"ל</UnitMeasure>
      <BisWeighted>0</BisWeighted>
      <QtyInPackage>1</QtyInPackage>
      <ItemPrice>36.90</ItemPrice>
      <UnitOfMeasurePrice>4.92</UnitOfMeasurePrice>
      <AllowDiscount>1</AllowDiscount>
      <itemStatus>1</itemStatus>
      <LastUpdateDate />
      <LastUpdateTime />
    </Product>
    <Product>
      <PriceUpdateDate>2018/02/14 15:59</PriceUpdateDate>
      <ItemCode>7290013269942</ItemCode>
      <ItemType>1</ItemType>
      <ItemName>קוטל מעופפים קיי פירטרום סנו (400 מל)</ItemName>
      <ManufactureName>החברה הדרומית לשיווק בעמ</ManufactureName>
      <ManufactureCountry />
      <ManufactureItemDescription />
      <UnitQty>יח`</UnitQty>
      <Quantity>400</Quantity>
      <UnitMeasure>מ"ל</UnitMeasure>
      <BisWeighted>0</BisWeighted>
      <QtyInPackage>1</QtyInPackage>
      <ItemPrice>24.90</ItemPrice>
      <UnitOfMeasurePrice>6.23</UnitOfMeasurePrice>
      <AllowDiscount>1</AllowDiscount>
      <itemStatus>1</itemStatus>
      <LastUpdateDate />
      <LastUpdateTime />
    </Product>
    <Product>
      <PriceUpdateDate>2019/07/16 08:45</PriceUpdateDate>
      <ItemCode>7290013284051</ItemCode>
      <ItemType>1</ItemType>
      <ItemName>פריניר טריו זיתים 560ג.</ItemName>
      <ManufactureName>אבאל יזמות בעמ</ManufactureName>
      <ManufactureCountry />
      <ManufactureItemDescription />
      <UnitQty>יח`</UnitQty>
      <Quantity>560</Quantity>
      <UnitMeasure>גרם</UnitMeasure>
      <BisWeighted>0</BisWeighted>
      <QtyInPackage>1</QtyInPackage>
      <ItemPrice>8.90</ItemPrice>
      <UnitOfMeasurePrice>1.59</UnitOfMeasurePrice>
      <AllowDiscount>1</AllowDiscount>
      <itemStatus>1</itemStatus>
      <LastUpdateDate />
      <LastUpdateTime />
    </Product>
    <Product>
      <PriceUpdateDate>2019/07/16 08:45</PriceUpdateDate>
      <ItemCode>7290013284075</ItemCode>
      <ItemType>1</ItemType>
      <ItemName>פריניר טבעות זיתים מושחרים 560ג.</ItemName>
      <ManufactureName>אבאל יזמות בעמ</ManufactureName>
      <ManufactureCountry />
      <ManufactureItemDescription />
      <UnitQty>יח`</UnitQty>
      <Quantity>560</Quantity>
      <UnitMeasure>גרם</UnitMeasure>
      <BisWeighted>0</BisWeighted>
      <QtyInPackage>1</QtyInPackage>
      <ItemPrice>7.90</ItemPrice>
      <UnitOfMeasurePrice>1.41</UnitOfMeasurePrice>
      <AllowDiscount>1</AllowDiscount>
      <itemStatus>1</itemStatus>
      <LastUpdateDate />
      <LastUpdateTime />
    </Product>
    <Product>
      <PriceUpdateDate>2019/07/16 08:45</PriceUpdateDate>
      <ItemCode>7290013284082</ItemCode>
      <ItemType>1</ItemType>
      <ItemName>פריניר זית מושחר ללא גלעין 560ג</ItemName>
      <ManufactureName>אבאל יזמות בעמ</ManufactureName>
      <ManufactureCountry />
      <ManufactureItemDescription />
      <UnitQty>יח`</UnitQty>
      <Quantity>560</Quantity>
      <UnitMeasure>גרם</UnitMeasure>
      <BisWeighted>0</BisWeighted>
      <QtyInPackage>1</QtyInPackage>
      <ItemPrice>6.90</ItemPrice>
      <UnitOfMeasurePrice>1.23</UnitOfMeasurePrice>
      <AllowDiscount>1</AllowDiscount>
      <itemStatus>1</itemStatus>
      <LastUpdateDate />
      <LastUpdateTime />
    </Product>
    <Product>
      <PriceUpdateDate>2019/07/16 08:45</PriceUpdateDate>
      <ItemCode>7290013284105</ItemCode>
      <ItemType>1</ItemType>
      <ItemName>פריניר זיתים טבעות ירוק a2</ItemName>
      <ManufactureName>אבאל יזמות בעמ</ManufactureName>
      <ManufactureCountry />
      <ManufactureItemDescription />
      <UnitQty>יח`</UnitQty>
      <Quantity>560</Quantity>
      <UnitMeasure>גרם</UnitMeasure>
      <BisWeighted>0</BisWeighted>
      <QtyInPackage>1</QtyInPackage>
      <ItemPrice>7.90</ItemPrice>
      <UnitOfMeasurePrice>1.41</UnitOfMeasurePrice>
      <AllowDiscount>1</AllowDiscount>
      <itemStatus>1</itemStatus>
      <LastUpdateDate />
      <LastUpdateTime />
    </Product>
    <Product>
      <PriceUpdateDate>2019/07/16 08:45</PriceUpdateDate>
      <ItemCode>7290013284136</ItemCode>
      <ItemType>1</ItemType>
      <ItemName>פריניר מלפפון במלח 7-9 560ג.</ItemName>
      <ManufactureName>אבאל יזמות בעמ</ManufactureName>
      <ManufactureCountry />
      <ManufactureItemDescription />
      <UnitQty>יח`</UnitQty>
      <Quantity>560</Quantity>
      <UnitMeasure>גרם</UnitMeasure>
      <BisWeighted>0</BisWeighted>
      <QtyInPackage>1</QtyInPackage>
      <ItemPrice>5.90</ItemPrice>
      <UnitOfMeasurePrice>1.05</UnitOfMeasurePrice>
      <AllowDiscount>0</AllowDiscount>
      <itemStatus>1</itemStatus>
      <LastUpdateDate />
      <LastUpdateTime />
    </Product>
    <Product>
      <PriceUpdateDate>2019/07/16 08:45</PriceUpdateDate>
      <ItemCode>7290013284150</ItemCode>
      <ItemType>1</ItemType>
      <ItemName>פריניר מלפפונים במלח 13-17 560ג</ItemName>
      <ManufactureName>אבאל יזמות בעמ</ManufactureName>
      <ManufactureCountry />
      <ManufactureItemDescription />
      <UnitQty>יח`</UnitQty>
      <Quantity>560</Quantity>
      <UnitMeasure>גרם</UnitMeasure>
      <BisWeighted>0</BisWeighted>
      <QtyInPackage>1</QtyInPackage>
      <ItemPrice>7.90</ItemPrice>
      <UnitOfMeasurePrice>1.41</UnitOfMeasurePrice>
      <AllowDiscount>1</AllowDiscount>
      <itemStatus>1</itemStatus>
      <LastUpdateDate />
      <LastUpdateTime />
    </Product>
    <Product>
      <PriceUpdateDate>2018/11/15 16:59</PriceUpdateDate>
      <ItemCode>7290013284310</ItemCode>
      <ItemType>1</ItemType>
      <ItemName>רוטב פסטה 240 גר פריניר</ItemName>
      <ManufactureName>אבאל יזמות בעמ</ManufactureName>
      <ManufactureCountry />
      <ManufactureItemDescription />
      <UnitQty>יח`</UnitQty>
      <Quantity>260</Quantity>
      <UnitMeasure>גרם</UnitMeasure>
      <BisWeighted>0</BisWeighted>
      <QtyInPackage>1</QtyInPackage>
      <ItemPrice>5.90</ItemPrice>
      <UnitOfMeasurePrice>2.27</UnitOfMeasurePrice>
      <AllowDiscount>1</AllowDiscount>
      <itemStatus>1</itemStatus>
      <LastUpdateDate />
      <LastUpdateTime />
    </Product>
    <Product>
      <PriceUpdateDate>2015/01/21 09:26</PriceUpdateDate>
      <ItemCode>7290013284662</ItemCode>
      <ItemType>1</ItemType>
      <ItemName>רוטב פיצה 240 גר` פרי ניר</ItemName>
      <ManufactureName>אבאל יזמות בעמ</ManufactureName>
      <ManufactureCountry />
      <ManufactureItemDescription />
      <UnitQty>יח`</UnitQty>
      <Quantity>240</Quantity>
      <UnitMeasure>גרם</UnitMeasure>
      <BisWeighted>0</BisWeighted>
      <QtyInPackage>1</QtyInPackage>
      <ItemPrice>5.90</ItemPrice>
      <UnitOfMeasurePrice>2.46</UnitOfMeasurePrice>
      <AllowDiscount>1</AllowDiscount>
      <itemStatus>1</itemStatus>
      <LastUpdateDate />
      <LastUpdateTime />
    </Product>
    <Product>
      <PriceUpdateDate>2015/04/27 08:43</PriceUpdateDate>
      <ItemCode>7290013310323</ItemCode>
      <ItemType>1</ItemType>
      <ItemName>נובי קליפס עם מחזיק מוצץ</ItemName>
      <ManufactureName>אינטרסן 1996 בעמ</ManufactureName>
      <ManufactureCountry />
      <ManufactureItemDescription />
      <UnitQty>יח`</UnitQty>
      <Quantity>1</Quantity>
      <UnitMeasure />
      <BisWeighted>0</BisWeighted>
      <QtyInPackage>1</QtyInPackage>
      <ItemPrice>19.90</ItemPrice>
      <UnitOfMeasurePrice>19.90</UnitOfMeasurePrice>
      <AllowDiscount>0</AllowDiscount>
      <itemStatus>1</itemStatus>
      <LastUpdateDate />
      <LastUpdateTime />
    </Product>
    <Product>
      <PriceUpdateDate>2016/01/12 08:18</PriceUpdateDate>
      <ItemCode>7290013358356</ItemCode>
      <ItemType>1</ItemType>
      <ItemName>פירורי לחם מוזהבים מאסטר שף (320גרם)</ItemName>
      <ManufactureName>ש.שסטוביץ בעמ</ManufactureName>
      <ManufactureCountry />
      <ManufactureItemDescription />
      <UnitQty>יח`</UnitQty>
      <Quantity>320</Quantity>
      <UnitMeasure>גרם</UnitMeasure>
      <BisWeighted>0</BisWeighted>
      <QtyInPackage>1</QtyInPackage>
      <ItemPrice>7.90</ItemPrice>
      <UnitOfMeasurePrice>2.47</UnitOfMeasurePrice>
      <AllowDiscount>1</AllowDiscount>
      <itemStatus>1</itemStatus>
      <LastUpdateDate />
      <LastUpdateTime />
    </Product>
    <Product>
      <PriceUpdateDate>2016/01/12 08:18</PriceUpdateDate>
      <ItemCode>7290013358363</ItemCode>
      <ItemType>1</ItemType>
      <ItemName>פירורי לחם פנקו מוזהבים 300 גר` מנה מאסט</ItemName>
      <ManufactureName>ש.שסטוביץ בעמ</ManufactureName>
      <ManufactureCountry />
      <ManufactureItemDescription />
      <UnitQty>יח`</UnitQty>
      <Quantity>300</Quantity>
      <UnitMeasure>גרם</UnitMeasure>
      <BisWeighted>0</BisWeighted>
      <QtyInPackage>1</QtyInPackage>
      <ItemPrice>9.90</ItemPrice>
      <UnitOfMeasurePrice>3.30</UnitOfMeasurePrice>
      <AllowDiscount>1</AllowDiscount>
      <itemStatus>1</itemStatus>
      <LastUpdateDate />
      <LastUpdateTime />
    </Product>
    <Product>
      <PriceUpdateDate>2016/01/12 08:18</PriceUpdateDate>
      <ItemCode>7290013358370</ItemCode>
      <ItemType>1</ItemType>
      <ItemName>פירורי לחם פנקו מוזהבים שום 300 גר` מנה</ItemName>
      <ManufactureName>ש.שסטוביץ בעמ</ManufactureName>
      <ManufactureCountry />
      <ManufactureItemDescription />
      <UnitQty>יח`</UnitQty>
      <Quantity>300</Quantity>
      <UnitMeasure>גרם</UnitMeasure>
      <BisWeighted>0</BisWeighted>
      <QtyInPackage>1</QtyInPackage>
      <ItemPrice>9.90</ItemPrice>
      <UnitOfMeasurePrice>3.30</UnitOfMeasurePrice>
      <AllowDiscount>1</AllowDiscount>
      <itemStatus>1</itemStatus>
      <LastUpdateDate />
      <LastUpdateTime />
    </Product>
    <Product>
      <PriceUpdateDate>2015/12/28 11:39</PriceUpdateDate>
      <ItemCode>7290013358417</ItemCode>
      <ItemType>1</ItemType>
      <ItemName>רוטב טריאקי מאסטר שף (300 מל)</ItemName>
      <ManufactureName>ש.שסטוביץ בעמ</ManufactureName>
      <ManufactureCountry />
      <ManufactureItemDescription />
      <UnitQty>יח`</UnitQty>
      <Quantity>300</Quantity>
      <UnitMeasure>מ"ל</UnitMeasure>
      <BisWeighted>0</BisWeighted>
      <QtyInPackage>1</QtyInPackage>
      <ItemPrice>11.90</ItemPrice>
      <UnitOfMeasurePrice>3.97</UnitOfMeasurePrice>
      <AllowDiscount>1</AllowDiscount>
      <itemStatus>1</itemStatus>
      <LastUpdateDate />
      <LastUpdateTime />
    </Product>
    <Product>
      <PriceUpdateDate>2015/12/28 11:39</PriceUpdateDate>
      <ItemCode>7290013358530</ItemCode>
      <ItemType>1</ItemType>
      <ItemName>רוטב צ`ילי מתוק מאסטר שף (700 מל)</ItemName>
      <ManufactureName>ש.שסטוביץ בעמ</ManufactureName>
      <ManufactureCountry />
      <ManufactureItemDescription />
      <UnitQty>יח`</UnitQty>
      <Quantity>700</Quantity>
      <UnitMeasure>מ"ל</UnitMeasure>
      <BisWeighted>0</BisWeighted>
      <QtyInPackage>1</QtyInPackage>
      <ItemPrice>12.90</ItemPrice>
      <UnitOfMeasurePrice>1.84</UnitOfMeasurePrice>
      <AllowDiscount>1</AllowDiscount>
      <itemStatus>1</itemStatus>
      <LastUpdateDate />
      <LastUpdateTime />
    </Product>
    <Product>
      <PriceUpdateDate>2015/12/28 11:39</PriceUpdateDate>
      <ItemCode>7290013358547</ItemCode>
      <ItemType>1</ItemType>
      <ItemName>רוטב צ`ילי חריף מאסטר שף (700 מל)</ItemName>
      <ManufactureName>ש.שסטוביץ בעמ</ManufactureName>
      <ManufactureCountry />
      <ManufactureItemDescription />
      <UnitQty>יח`</UnitQty>
      <Quantity>700</Quantity>
      <UnitMeasure>מ"ל</UnitMeasure>
      <BisWeighted>0</BisWeighted>
      <QtyInPackage>1</QtyInPackage>
      <ItemPrice>12.90</ItemPrice>
      <UnitOfMeasurePrice>1.84</UnitOfMeasurePrice>
      <AllowDiscount>1</AllowDiscount>
      <itemStatus>1</itemStatus>
      <LastUpdateDate />
      <LastUpdateTime />
    </Product>
    <Product>
      <PriceUpdateDate>2018/02/11 11:50</PriceUpdateDate>
      <ItemCode>7290013358585</ItemCode>
      <ItemType>1</ItemType>
      <ItemName>נודלס ביצים 400 גר` מנה מאסטר שף</ItemName>
      <ManufactureName>ש.שסטוביץ בעמ</ManufactureName>
      <ManufactureCountry />
      <ManufactureItemDescription />
      <UnitQty>יח`</UnitQty>
      <Quantity>400</Quantity>
      <UnitMeasure>גרם</UnitMeasure>
      <BisWeighted>0</BisWeighted>
      <QtyInPackage>1</QtyInPackage>
      <ItemPrice>8.90</ItemPrice>
      <UnitOfMeasurePrice>2.23</UnitOfMeasurePrice>
      <AllowDiscount>0</AllowDiscount>
      <itemStatus>1</itemStatus>
      <LastUpdateDate />
      <LastUpdateTime />
    </Product>
    <Product>
      <PriceUpdateDate>2018/10/11 19:11</PriceUpdateDate>
      <ItemCode>7290013389091</ItemCode>
      <ItemType>1</ItemType>
      <ItemName>בצלצלי פנינה כבושים 350  גר`תומר</ItemName>
      <ManufactureName>תומר יבוא ושיווק מוצרי מזון (1</ManufactureName>
      <ManufactureCountry />
      <ManufactureItemDescription />
      <UnitQty>יח`</UnitQty>
      <Quantity>350</Quantity>
      <UnitMeasure>גרם</UnitMeasure>
      <BisWeighted>0</BisWeighted>
      <QtyInPackage>1</QtyInPackage>
      <ItemPrice>9.90</ItemPrice>
      <UnitOfMeasurePrice>2.83</UnitOfMeasurePrice>
      <AllowDiscount>0</AllowDiscount>
      <itemStatus>1</itemStatus>
      <LastUpdateDate />
      <LastUpdateTime />
    </Product>
    <Product>
      <PriceUpdateDate>2020/01/14 17:54</PriceUpdateDate>
      <ItemCode>7290013389398</ItemCode>
      <ItemType>1</ItemType>
      <ItemName>קמח תירס דק 1 קג פולטנה תומר</ItemName>
      <ManufactureName>תומר יבוא ושיווק מוצרי מזון (1</ManufactureName>
      <ManufactureCountry />
      <ManufactureItemDescription />
      <UnitQty>יח`</UnitQty>
      <Quantity>1000</Quantity>
      <UnitMeasure>גרם</UnitMeasure>
      <BisWeighted>0</BisWeighted>
      <QtyInPackage>1</QtyInPackage>
      <ItemPrice>9.90</ItemPrice>
      <UnitOfMeasurePrice>0.99</UnitOfMeasurePrice>
      <AllowDiscount>0</AllowDiscount>
      <itemStatus>1</itemStatus>
      <LastUpdateDate />
      <LastUpdateTime />
    </Product>
    <Product>
      <PriceUpdateDate>2016/03/08 08:07</PriceUpdateDate>
      <ItemCode>7290013451927</ItemCode>
      <ItemType>1</ItemType>
      <ItemName>פריכיות כוסמת ללא מלח</ItemName>
      <ManufactureName>זנבר טבע בעמ</ManufactureName>
      <ManufactureCountry />
      <ManufactureItemDescription />
      <UnitQty>יח`</UnitQty>
      <Quantity>25</Quantity>
      <UnitMeasure>גרם</UnitMeasure>
      <BisWeighted>0</BisWeighted>
      <QtyInPackage>1</QtyInPackage>
      <ItemPrice>9.90</ItemPrice>
      <UnitOfMeasurePrice>39.60</UnitOfMeasurePrice>
      <AllowDiscount>0</AllowDiscount>
      <itemStatus>1</itemStatus>
      <LastUpdateDate />
      <LastUpdateTime />
    </Product>
    <Product>
      <PriceUpdateDate>2014/04/29 08:18</PriceUpdateDate>
      <ItemCode>7290013472199</ItemCode>
      <ItemType>1</ItemType>
      <ItemName>ערמונים קלופים 100 גר`</ItemName>
      <ManufactureName>ג.וילי-פוד אינטרנשיונל בעמ</ManufactureName>
      <ManufactureCountry />
      <ManufactureItemDescription />
      <UnitQty>יח`</UnitQty>
      <Quantity>100</Quantity>
      <UnitMeasure>גרם</UnitMeasure>
      <BisWeighted>0</BisWeighted>
      <QtyInPackage>1</QtyInPackage>
      <ItemPrice>5.90</ItemPrice>
      <UnitOfMeasurePrice>5.90</UnitOfMeasurePrice>
      <AllowDiscount>0</AllowDiscount>
      <itemStatus>1</itemStatus>
      <LastUpdateDate />
      <LastUpdateTime />
    </Product>
    <Product>
      <PriceUpdateDate>2019/03/31 13:22</PriceUpdateDate>
      <ItemCode>7290013472960</ItemCode>
      <ItemType>1</ItemType>
      <ItemName>חצאי אפרסקים 820 גר` מהדרין</ItemName>
      <ManufactureName>ג.וילי-פוד אינטרנשיונל בעמ</ManufactureName>
      <ManufactureCountry />
      <ManufactureItemDescription />
      <UnitQty>יח`</UnitQty>
      <Quantity>820</Quantity>
      <UnitMeasure>גרם</UnitMeasure>
      <BisWeighted>0</BisWeighted>
      <QtyInPackage>1</QtyInPackage>
      <ItemPrice>7.90</ItemPrice>
      <UnitOfMeasurePrice>0.96</UnitOfMeasurePrice>
      <AllowDiscount>1</AllowDiscount>
      <itemStatus>1</itemStatus>
      <LastUpdateDate />
      <LastUpdateTime />
    </Product>
    <Product>
      <PriceUpdateDate>2016/05/10 08:18</PriceUpdateDate>
      <ItemCode>7290013492005</ItemCode>
      <ItemType>1</ItemType>
      <ItemName>תפוא למיקרו</ItemName>
      <ManufactureName>א.אדמה (2007) בעמ</ManufactureName>
      <ManufactureCountry />
      <ManufactureItemDescription />
      <UnitQty>יח`</UnitQty>
      <Quantity>1</Quantity>
      <UnitMeasure />
      <BisWeighted>0</BisWeighted>
      <QtyInPackage>1</QtyInPackage>
      <ItemPrice>7.90</ItemPrice>
      <UnitOfMeasurePrice>7.90</UnitOfMeasurePrice>
      <AllowDiscount>1</AllowDiscount>
      <itemStatus>1</itemStatus>
      <LastUpdateDate />
      <LastUpdateTime />
    </Product>
    <Product>
      <PriceUpdateDate>2018/02/05 13:51</PriceUpdateDate>
      <ItemCode>7290013531117</ItemCode>
      <ItemType>1</ItemType>
      <ItemName>רוטב פסטה לילדים יכין (260 גרם)</ItemName>
      <ManufactureName>זנלכל בעמ</ManufactureName>
      <ManufactureCountry />
      <ManufactureItemDescription />
      <UnitQty>יח`</UnitQty>
      <Quantity>260</Quantity>
      <UnitMeasure>גרם</UnitMeasure>
      <BisWeighted>0</BisWeighted>
      <QtyInPackage>1</QtyInPackage>
      <ItemPrice>4.90</ItemPrice>
      <UnitOfMeasurePrice>1.88</UnitOfMeasurePrice>
      <AllowDiscount>0</AllowDiscount>
      <itemStatus>1</itemStatus>
      <LastUpdateDate />
      <LastUpdateTime />
    </Product>
    <Product>
      <PriceUpdateDate>2016/10/10 09:40</PriceUpdateDate>
      <ItemCode>7290013531377</ItemCode>
      <ItemType>1</ItemType>
      <ItemName>תורמוס יכין (580 גרם)</ItemName>
      <ManufactureName>זנלכל בעמ</ManufactureName>
      <ManufactureCountry />
      <ManufactureItemDescription />
      <UnitQty>יח`</UnitQty>
      <Quantity>560</Quantity>
      <UnitMeasure>גרם</UnitMeasure>
      <BisWeighted>0</BisWeighted>
      <QtyInPackage>1</QtyInPackage>
      <ItemPrice>5.90</ItemPrice>
      <UnitOfMeasurePrice>1.05</UnitOfMeasurePrice>
      <AllowDiscount>0</AllowDiscount>
      <itemStatus>1</itemStatus>
      <LastUpdateDate />
      <LastUpdateTime />
    </Product>
    <Product>
      <PriceUpdateDate>2017/04/09 07:59</PriceUpdateDate>
      <ItemCode>7290013531582</ItemCode>
      <ItemType>1</ItemType>
      <ItemName>שלישייה זיתים חרוזית יכין 200 גר</ItemName>
      <ManufactureName>זנלכל בעמ</ManufactureName>
      <ManufactureCountry />
      <ManufactureItemDescription />
      <UnitQty>יח`</UnitQty>
      <Quantity>200</Quantity>
      <UnitMeasure>גרם</UnitMeasure>
      <BisWeighted>0</BisWeighted>
      <QtyInPackage>1</QtyInPackage>
      <ItemPrice>11.90</ItemPrice>
      <UnitOfMeasurePrice>5.95</UnitOfMeasurePrice>
      <AllowDiscount>0</AllowDiscount>
      <itemStatus>1</itemStatus>
      <LastUpdateDate />
      <LastUpdateTime />
    </Product>
    <Product>
      <PriceUpdateDate>2018/02/05 13:51</PriceUpdateDate>
      <ItemCode>7290013531612</ItemCode>
      <ItemType>1</ItemType>
      <ItemName>רוטב נפוליטנה יכין (260 גרם)</ItemName>
      <ManufactureName>זנלכל בעמ</ManufactureName>
      <ManufactureCountry />
      <ManufactureItemDescription />
      <UnitQty>יח`</UnitQty>
      <Quantity>260</Quantity>
      <UnitMeasure>גרם</UnitMeasure>
      <BisWeighted>0</BisWeighted>
      <QtyInPackage>1</QtyInPackage>
      <ItemPrice>4.90</ItemPrice>
      <UnitOfMeasurePrice>1.88</UnitOfMeasurePrice>
      <AllowDiscount>0</AllowDiscount>
      <itemStatus>1</itemStatus>
      <LastUpdateDate />
      <LastUpdateTime />
    </Product>
    <Product>
      <PriceUpdateDate>2018/02/05 13:51</PriceUpdateDate>
      <ItemCode>7290013531629</ItemCode>
      <ItemType>1</ItemType>
      <ItemName>רוטב לפסטה פומדורו יכין (260 גרם)</ItemName>
      <ManufactureName>זנלכל בעמ</ManufactureName>
      <ManufactureCountry />
      <ManufactureItemDescription />
      <UnitQty>יח`</UnitQty>
      <Quantity>260</Quantity>
      <UnitMeasure>גרם</UnitMeasure>
      <BisWeighted>0</BisWeighted>
      <QtyInPackage>1</QtyInPackage>
      <ItemPrice>4.90</ItemPrice>
      <UnitOfMeasurePrice>1.88</UnitOfMeasurePrice>
      <AllowDiscount>0</AllowDiscount>
      <itemStatus>1</itemStatus>
      <LastUpdateDate />
      <LastUpdateTime />
    </Product>
    <Product>
      <PriceUpdateDate>2015/03/11 08:27</PriceUpdateDate>
      <ItemCode>7290013534057</ItemCode>
      <ItemType>1</ItemType>
      <ItemName>צ`יפס בטטה 100 גרכשלפ</ItemName>
      <ManufactureName>מיה תעשיות מזון מ.ת.מ. בעמ</ManufactureName>
      <ManufactureCountry />
      <ManufactureItemDescription />
      <UnitQty>יח`</UnitQty>
      <Quantity>100</Quantity>
      <UnitMeasure>גרם</UnitMeasure>
      <BisWeighted>0</BisWeighted>
      <QtyInPackage>1</QtyInPackage>
      <ItemPrice>9.90</ItemPrice>
      <UnitOfMeasurePrice>9.90</UnitOfMeasurePrice>
      <AllowDiscount>0</AllowDiscount>
      <itemStatus>1</itemStatus>
      <LastUpdateDate />
      <LastUpdateTime />
    </Product>
    <Product>
      <PriceUpdateDate>2017/05/21 07:47</PriceUpdateDate>
      <ItemCode>7290013540034</ItemCode>
      <ItemType>1</ItemType>
      <ItemName>פילטונה פתיתי טונה בהירה בשמן צמחי רביעי</ItemName>
      <ManufactureName>פילטונה תעשיות בעמ</ManufactureName>
      <ManufactureCountry />
      <ManufactureItemDescription />
      <UnitQty>יח`</UnitQty>
      <Quantity>1</Quantity>
      <UnitMeasure />
      <BisWeighted>0</BisWeighted>
      <QtyInPackage>1</QtyInPackage>
      <ItemPrice>10</ItemPrice>
      <UnitOfMeasurePrice>10</UnitOfMeasurePrice>
      <AllowDiscount>0</AllowDiscount>
      <itemStatus>1</itemStatus>
      <LastUpdateDate />
      <LastUpdateTime />
    </Product>
    <Product>
      <PriceUpdateDate>2018/11/16 11:32</PriceUpdateDate>
      <ItemCode>7290013584816</ItemCode>
      <ItemType>1</ItemType>
      <ItemName>משקה קל לימונענע פריגת (1.5 ליטר)</ItemName>
      <ManufactureName>החברה המרכזית להפצת משקאות בעמ</ManufactureName>
      <ManufactureCountry />
      <ManufactureItemDescription />
      <UnitQty>יח`</UnitQty>
      <Quantity>1500</Quantity>
      <UnitMeasure>מ"ל</UnitMeasure>
      <BisWeighted>0</BisWeighted>
      <QtyInPackage>1</QtyInPackage>
      <ItemPrice>7.20</ItemPrice>
      <UnitOfMeasurePrice>0.48</UnitOfMeasurePrice>
      <AllowDiscount>1</AllowDiscount>
      <itemStatus>1</itemStatus>
      <LastUpdateDate />
      <LastUpdateTime />
    </Product>
    <Product>
      <PriceUpdateDate>2015/06/10 08:37</PriceUpdateDate>
      <ItemCode>7290013585240</ItemCode>
      <ItemType>1</ItemType>
      <ItemName>ספרייט זירו 1.5 ליטר</ItemName>
      <ManufactureName>החברה המרכזית להפצת משקאות בעמ</ManufactureName>
      <ManufactureCountry />
      <ManufactureItemDescription />
      <UnitQty>יח`</UnitQty>
      <Quantity>1.50</Quantity>
      <UnitMeasure>1 ליטר</UnitMeasure>
      <BisWeighted>0</BisWeighted>
      <QtyInPackage>1</QtyInPackage>
      <ItemPrice>6.90</ItemPrice>
      <UnitOfMeasurePrice>4.60</UnitOfMeasurePrice>
      <AllowDiscount>0</AllowDiscount>
      <itemStatus>1</itemStatus>
      <LastUpdateDate />
      <LastUpdateTime />
    </Product>
    <Product>
      <PriceUpdateDate>2018/11/16 11:33</PriceUpdateDate>
      <ItemCode>7290013585271</ItemCode>
      <ItemType>1</ItemType>
      <ItemName>ספרייט זירו שישייה</ItemName>
      <ManufactureName>החברה המרכזית להפצת משקאות בעמ</ManufactureName>
      <ManufactureCountry />
      <ManufactureItemDescription />
      <UnitQty>יח`</UnitQty>
      <Quantity>9</Quantity>
      <UnitMeasure>1 ליטר</UnitMeasure>
      <BisWeighted>0</BisWeighted>
      <QtyInPackage>1</QtyInPackage>
      <ItemPrice>37.90</ItemPrice>
      <UnitOfMeasurePrice>4.21</UnitOfMeasurePrice>
      <AllowDiscount>0</AllowDiscount>
      <itemStatus>1</itemStatus>
      <LastUpdateDate />
      <LastUpdateTime />
    </Product>
    <Product>
      <PriceUpdateDate>2019/08/08 08:24</PriceUpdateDate>
      <ItemCode>7290013585349</ItemCode>
      <ItemType>1</ItemType>
      <ItemName>מארז מיוחד בירה קרלסברג (330x6 מל)</ItemName>
      <ManufactureName>החברה המרכזית להפצת משקאות בעמ</ManufactureName>
      <ManufactureCountry />
      <ManufactureItemDescription />
      <UnitQty>יח`</UnitQty>
      <Quantity>1980</Quantity>
      <UnitMeasure>מ"ל</UnitMeasure>
      <BisWeighted>0</BisWeighted>
      <QtyInPackage>1</QtyInPackage>
      <ItemPrice>36.90</ItemPrice>
      <UnitOfMeasurePrice>1.77</UnitOfMeasurePrice>
      <AllowDiscount>1</AllowDiscount>
      <itemStatus>1</itemStatus>
      <LastUpdateDate />
      <LastUpdateTime />
    </Product>
    <Product>
      <PriceUpdateDate>2018/11/16 11:33</PriceUpdateDate>
      <ItemCode>7290013585387</ItemCode>
      <ItemType>1</ItemType>
      <ItemName>בקבוק זירו קוקה-קולה (1 ליטר)</ItemName>
      <ManufactureName>החברה המרכזית להפצת משקאות בעמ</ManufactureName>
      <ManufactureCountry />
      <ManufactureItemDescription />
      <UnitQty>יח`</UnitQty>
      <Quantity>1000</Quantity>
      <UnitMeasure>מ"ל</UnitMeasure>
      <BisWeighted>0</BisWeighted>
      <QtyInPackage>1</QtyInPackage>
      <ItemPrice>5.70</ItemPrice>
      <UnitOfMeasurePrice>0.54</UnitOfMeasurePrice>
      <AllowDiscount>0</AllowDiscount>
      <itemStatus>1</itemStatus>
      <LastUpdateDate />
      <LastUpdateTime />
    </Product>
    <Product>
      <PriceUpdateDate>2018/11/16 11:33</PriceUpdateDate>
      <ItemCode>7290013585394</ItemCode>
      <ItemType>1</ItemType>
      <ItemName>בקבוק קוקה-קולה (1 ליטר)</ItemName>
      <ManufactureName>החברה המרכזית להפצת משקאות בעמ</ManufactureName>
      <ManufactureCountry />
      <ManufactureItemDescription />
      <UnitQty>יח`</UnitQty>
      <Quantity>1000</Quantity>
      <UnitMeasure>מ"ל</UnitMeasure>
      <BisWeighted>0</BisWeighted>
      <QtyInPackage>1</QtyInPackage>
      <ItemPrice>5.70</ItemPrice>
      <UnitOfMeasurePrice>0.54</UnitOfMeasurePrice>
      <AllowDiscount>0</AllowDiscount>
      <itemStatus>1</itemStatus>
      <LastUpdateDate />
      <LastUpdateTime />
    </Product>
    <Product>
      <PriceUpdateDate>2018/11/16 11:33</PriceUpdateDate>
      <ItemCode>7290013585509</ItemCode>
      <ItemType>1</ItemType>
      <ItemName>פריגת 1.5 ליטר אפרסק</ItemName>
      <ManufactureName>החברה המרכזית להפצת משקאות בעמ</ManufactureName>
      <ManufactureCountry />
      <ManufactureItemDescription />
      <UnitQty>יח`</UnitQty>
      <Quantity>1.50</Quantity>
      <UnitMeasure>1 ליטר</UnitMeasure>
      <BisWeighted>0</BisWeighted>
      <QtyInPackage>1</QtyInPackage>
      <ItemPrice>7.20</ItemPrice>
      <UnitOfMeasurePrice>4.80</UnitOfMeasurePrice>
      <AllowDiscount>0</AllowDiscount>
      <itemStatus>1</itemStatus>
      <LastUpdateDate />
      <LastUpdateTime />
    </Product>
    <Product>
      <PriceUpdateDate>2015/07/16 10:26</PriceUpdateDate>
      <ItemCode>7290013585554</ItemCode>
      <ItemType>1</ItemType>
      <ItemName>מארז סודה קינלי 1.5 ליטר שישייה</ItemName>
      <ManufactureName>החברה המרכזית להפצת משקאות בעמ</ManufactureName>
      <ManufactureCountry />
      <ManufactureItemDescription />
      <UnitQty>יח`</UnitQty>
      <Quantity>9000</Quantity>
      <UnitMeasure>מ"ל</UnitMeasure>
      <BisWeighted>0</BisWeighted>
      <QtyInPackage>1</QtyInPackage>
      <ItemPrice>19.90</ItemPrice>
      <UnitOfMeasurePrice>0.22</UnitOfMeasurePrice>
      <AllowDiscount>1</AllowDiscount>
      <itemStatus>1</itemStatus>
      <LastUpdateDate />
      <LastUpdateTime />
    </Product>
    <Product>
      <PriceUpdateDate>2018/04/22 12:34</PriceUpdateDate>
      <ItemCode>7290013586605</ItemCode>
      <ItemType>1</ItemType>
      <ItemName>ויסוצקי ice נענע 1.5 ליטר</ItemName>
      <ManufactureName>החברה המרכזית להפצת משקאות בעמ</ManufactureName>
      <ManufactureCountry />
      <ManufactureItemDescription />
      <UnitQty>יח`</UnitQty>
      <Quantity>1.50</Quantity>
      <UnitMeasure>1 ליטר</UnitMeasure>
      <BisWeighted>0</BisWeighted>
      <QtyInPackage>1</QtyInPackage>
      <ItemPrice>7.90</ItemPrice>
      <UnitOfMeasurePrice>5.27</UnitOfMeasurePrice>
      <AllowDiscount>1</AllowDiscount>
      <itemStatus>1</itemStatus>
      <LastUpdateDate />
      <LastUpdateTime />
    </Product>
    <Product>
      <PriceUpdateDate>2015/03/02 11:51</PriceUpdateDate>
      <ItemCode>7290013608260</ItemCode>
      <ItemType>1</ItemType>
      <ItemName>מיץ רימונים סחוט פרימור (1 ליטר)</ItemName>
      <ManufactureName>שטראוס גרופ בעמ/מצונן</ManufactureName>
      <ManufactureCountry />
      <ManufactureItemDescription />
      <UnitQty>יח`</UnitQty>
      <Quantity>1</Quantity>
      <UnitMeasure>1 ליטר</UnitMeasure>
      <BisWeighted>0</BisWeighted>
      <QtyInPackage>1</QtyInPackage>
      <ItemPrice>23.20</ItemPrice>
      <UnitOfMeasurePrice>23.20</UnitOfMeasurePrice>
      <AllowDiscount>1</AllowDiscount>
      <itemStatus>1</itemStatus>
      <LastUpdateDate />
      <LastUpdateTime />
    </Product>
    <Product>
      <PriceUpdateDate>2019/08/25 11:37</PriceUpdateDate>
      <ItemCode>7290013608444</ItemCode>
      <ItemType>1</ItemType>
      <ItemName>משקה קל תפוזים 1.5 ליטר פרימור</ItemName>
      <ManufactureName>גניר (1992) בעמ</ManufactureName>
      <ManufactureCountry />
      <ManufactureItemDescription />
      <UnitQty>יח`</UnitQty>
      <Quantity>1</Quantity>
      <UnitMeasure />
      <BisWeighted>0</BisWeighted>
      <QtyInPackage>1</QtyInPackage>
      <ItemPrice>5.80</ItemPrice>
      <UnitOfMeasurePrice>5.80</UnitOfMeasurePrice>
      <AllowDiscount>0</AllowDiscount>
      <itemStatus>1</itemStatus>
      <LastUpdateDate />
      <LastUpdateTime />
    </Product>
    <Product>
      <PriceUpdateDate>2019/08/25 11:37</PriceUpdateDate>
      <ItemCode>7290013608451</ItemCode>
      <ItemType>1</ItemType>
      <ItemName>משקה קל ענבים 1.5 ליטר פרימור</ItemName>
      <ManufactureName>גניר (1992) בעמ</ManufactureName>
      <ManufactureCountry />
      <ManufactureItemDescription />
      <UnitQty>יח`</UnitQty>
      <Quantity>100</Quantity>
      <UnitMeasure>גרם</UnitMeasure>
      <BisWeighted>0</BisWeighted>
      <QtyInPackage>1</QtyInPackage>
      <ItemPrice>5.80</ItemPrice>
      <UnitOfMeasurePrice>5.80</UnitOfMeasurePrice>
      <AllowDiscount>0</AllowDiscount>
      <itemStatus>1</itemStatus>
      <LastUpdateDate />
      <LastUpdateTime />
    </Product>
    <Product>
      <PriceUpdateDate>2019/08/25 11:37</PriceUpdateDate>
      <ItemCode>7290013608468</ItemCode>
      <ItemType>1</ItemType>
      <ItemName>משקה בטעם תות בננה 1.5 ליטר פרימור</ItemName>
      <ManufactureName>גניר (1992) בעמ</ManufactureName>
      <ManufactureCountry />
      <ManufactureItemDescription />
      <UnitQty>יח`</UnitQty>
      <Quantity>100</Quantity>
      <UnitMeasure>גרם</UnitMeasure>
      <BisWeighted>0</BisWeighted>
      <QtyInPackage>1</QtyInPackage>
      <ItemPrice>5.80</ItemPrice>
      <UnitOfMeasurePrice>5.80</UnitOfMeasurePrice>
      <AllowDiscount>0</AllowDiscount>
      <itemStatus>1</itemStatus>
      <LastUpdateDate />
      <LastUpdateTime />
    </Product>
    <Product>
      <PriceUpdateDate>2019/08/25 11:37</PriceUpdateDate>
      <ItemCode>7290013608475</ItemCode>
      <ItemType>1</ItemType>
      <ItemName>משקה בטעם לימונים 1.5 ליטר פרימור</ItemName>
      <ManufactureName>גניר (1992) בעמ</ManufactureName>
      <ManufactureCountry />
      <ManufactureItemDescription />
      <UnitQty>יח`</UnitQty>
      <Quantity>100</Quantity>
      <UnitMeasure>גרם</UnitMeasure>
      <BisWeighted>0</BisWeighted>
      <QtyInPackage>1</QtyInPackage>
      <ItemPrice>5.80</ItemPrice>
      <UnitOfMeasurePrice>5.80</UnitOfMeasurePrice>
      <AllowDiscount>0</AllowDiscount>
      <itemStatus>1</itemStatus>
      <LastUpdateDate />
      <LastUpdateTime />
    </Product>
    <Product>
      <PriceUpdateDate>2019/08/25 11:37</PriceUpdateDate>
      <ItemCode>7290013608482</ItemCode>
      <ItemType>1</ItemType>
      <ItemName>מיץ מנגו 1 ליטר פרימור</ItemName>
      <ManufactureName>גניר (1992) בעמ</ManufactureName>
      <ManufactureCountry />
      <ManufactureItemDescription />
      <UnitQty>יח`</UnitQty>
      <Quantity>100</Quantity>
      <UnitMeasure>מ"ל</UnitMeasure>
      <BisWeighted>0</BisWeighted>
      <QtyInPackage>1</QtyInPackage>
      <ItemPrice>6.50</ItemPrice>
      <UnitOfMeasurePrice>6.50</UnitOfMeasurePrice>
      <AllowDiscount>1</AllowDiscount>
      <itemStatus>1</itemStatus>
      <LastUpdateDate />
      <LastUpdateTime />
    </Product>
    <Product>
      <PriceUpdateDate>2019/08/25 11:37</PriceUpdateDate>
      <ItemCode>7290013608529</ItemCode>
      <ItemType>1</ItemType>
      <ItemName>משקה קל אשכולית 1.5 ליטר פרימור</ItemName>
      <ManufactureName>גניר (1992) בעמ</ManufactureName>
      <ManufactureCountry />
      <ManufactureItemDescription />
      <UnitQty>יח`</UnitQty>
      <Quantity>1</Quantity>
      <UnitMeasure />
      <BisWeighted>0</BisWeighted>
      <QtyInPackage>1</QtyInPackage>
      <ItemPrice>5.80</ItemPrice>
      <UnitOfMeasurePrice>5.80</UnitOfMeasurePrice>
      <AllowDiscount>0</AllowDiscount>
      <itemStatus>1</itemStatus>
      <LastUpdateDate />
      <LastUpdateTime />
    </Product>
    <Product>
      <PriceUpdateDate>2019/08/25 11:37</PriceUpdateDate>
      <ItemCode>7290013608536</ItemCode>
      <ItemType>1</ItemType>
      <ItemName>משקה קל דיאט אשכוליות 1.5 ליטר פרימור</ItemName>
      <ManufactureName>גניר (1992) בעמ</ManufactureName>
      <ManufactureCountry />
      <ManufactureItemDescription />
      <UnitQty>יח`</UnitQty>
      <Quantity>1</Quantity>
      <UnitMeasure />
      <BisWeighted>0</BisWeighted>
      <QtyInPackage>1</QtyInPackage>
      <ItemPrice>5.80</ItemPrice>
      <UnitOfMeasurePrice>5.80</UnitOfMeasurePrice>
      <AllowDiscount>0</AllowDiscount>
      <itemStatus>1</itemStatus>
      <LastUpdateDate />
      <LastUpdateTime />
    </Product>
    <Product>
      <PriceUpdateDate>2019/08/25 11:37</PriceUpdateDate>
      <ItemCode>7290013608543</ItemCode>
      <ItemType>1</ItemType>
      <ItemName>משקה קל תפוחים 1.5 ליטר פרימור</ItemName>
      <ManufactureName>גניר (1992) בעמ</ManufactureName>
      <ManufactureCountry />
      <ManufactureItemDescription />
      <UnitQty>יח`</UnitQty>
      <Quantity>100</Quantity>
      <UnitMeasure>גרם</UnitMeasure>
      <BisWeighted>0</BisWeighted>
      <QtyInPackage>1</QtyInPackage>
      <ItemPrice>5.80</ItemPrice>
      <UnitOfMeasurePrice>5.80</UnitOfMeasurePrice>
      <AllowDiscount>0</AllowDiscount>
      <itemStatus>1</itemStatus>
      <LastUpdateDate />
      <LastUpdateTime />
    </Product>
    <Product>
      <PriceUpdateDate>2019/08/25 11:37</PriceUpdateDate>
      <ItemCode>7290013608550</ItemCode>
      <ItemType>1</ItemType>
      <ItemName>נקטר תפוזים 1 ליטר פרימור</ItemName>
      <ManufactureName>גניר (1992) בעמ</ManufactureName>
      <ManufactureCountry />
      <ManufactureItemDescription />
      <UnitQty>יח`</UnitQty>
      <Quantity>1</Quantity>
      <UnitMeasure />
      <BisWeighted>0</BisWeighted>
      <QtyInPackage>1</QtyInPackage>
      <ItemPrice>6.50</ItemPrice>
      <UnitOfMeasurePrice>6.50</UnitOfMeasurePrice>
      <AllowDiscount>1</AllowDiscount>
      <itemStatus>1</itemStatus>
      <LastUpdateDate />
      <LastUpdateTime />
    </Product>
    <Product>
      <PriceUpdateDate>2019/08/25 11:37</PriceUpdateDate>
      <ItemCode>7290013608567</ItemCode>
      <ItemType>1</ItemType>
      <ItemName>משקה קל מנגו 1.5 ליטר פרימור</ItemName>
      <ManufactureName>גניר (1992) בעמ</ManufactureName>
      <ManufactureCountry />
      <ManufactureItemDescription />
      <UnitQty>יח`</UnitQty>
      <Quantity>1</Quantity>
      <UnitMeasure />
      <BisWeighted>0</BisWeighted>
      <QtyInPackage>1</QtyInPackage>
      <ItemPrice>5.80</ItemPrice>
      <UnitOfMeasurePrice>5.80</UnitOfMeasurePrice>
      <AllowDiscount>0</AllowDiscount>
      <itemStatus>1</itemStatus>
      <LastUpdateDate />
      <LastUpdateTime />
    </Product>
    <Product>
      <PriceUpdateDate>2019/08/25 11:37</PriceUpdateDate>
      <ItemCode>7290013608635</ItemCode>
      <ItemType>1</ItemType>
      <ItemName>משקה לימונים עם נענע 1 ליטר פרימור</ItemName>
      <ManufactureName>גניר (1992) בעמ</ManufactureName>
      <ManufactureCountry />
      <ManufactureItemDescription />
      <UnitQty>יח`</UnitQty>
      <Quantity>1</Quantity>
      <UnitMeasure />
      <BisWeighted>0</BisWeighted>
      <QtyInPackage>1</QtyInPackage>
      <ItemPrice>6.50</ItemPrice>
      <UnitOfMeasurePrice>6.50</UnitOfMeasurePrice>
      <AllowDiscount>1</AllowDiscount>
      <itemStatus>1</itemStatus>
      <LastUpdateDate />
      <LastUpdateTime />
    </Product>
    <Product>
      <PriceUpdateDate>2019/09/04 09:18</PriceUpdateDate>
      <ItemCode>7290013608680</ItemCode>
      <ItemType>1</ItemType>
      <ItemName>מיץ עגבניות 1 ליטר פרימור</ItemName>
      <ManufactureName>גניר (1992) בעמ</ManufactureName>
      <ManufactureCountry />
      <ManufactureItemDescription />
      <UnitQty>יח`</UnitQty>
      <Quantity>1</Quantity>
      <UnitMeasure />
      <BisWeighted>0</BisWeighted>
      <QtyInPackage>1</QtyInPackage>
      <ItemPrice>6.50</ItemPrice>
      <UnitOfMeasurePrice>6.50</UnitOfMeasurePrice>
      <AllowDiscount>1</AllowDiscount>
      <itemStatus>1</itemStatus>
      <LastUpdateDate />
      <LastUpdateTime />
    </Product>
    <Product>
      <PriceUpdateDate>2018/05/17 09:23</PriceUpdateDate>
      <ItemCode>7290013608833</ItemCode>
      <ItemType>1</ItemType>
      <ItemName>מיץ אננס 100% סחוט טבעי 1 ליטר פרימור</ItemName>
      <ManufactureName>שטראוס גרופ בעמ/מצונן</ManufactureName>
      <ManufactureCountry />
      <ManufactureItemDescription />
      <UnitQty>יח`</UnitQty>
      <Quantity>1</Quantity>
      <UnitMeasure>1 ליטר</UnitMeasure>
      <BisWeighted>0</BisWeighted>
      <QtyInPackage>1</QtyInPackage>
      <ItemPrice>16.20</ItemPrice>
      <UnitOfMeasurePrice>16.20</UnitOfMeasurePrice>
      <AllowDiscount>0</AllowDiscount>
      <itemStatus>1</itemStatus>
      <LastUpdateDate />
      <LastUpdateTime />
    </Product>
    <Product>
      <PriceUpdateDate>2019/12/22 11:08</PriceUpdateDate>
      <ItemCode>7290013608949</ItemCode>
      <ItemType>1</ItemType>
      <ItemName>מיץ תפוזים אורגני 750 מל פרימור 100%</ItemName>
      <ManufactureName>שטראוס גרופ בעמ/מצונן</ManufactureName>
      <ManufactureCountry />
      <ManufactureItemDescription />
      <UnitQty>יח`</UnitQty>
      <Quantity>1</Quantity>
      <UnitMeasure />
      <BisWeighted>0</BisWeighted>
      <QtyInPackage>1</QtyInPackage>
      <ItemPrice>14.90</ItemPrice>
      <UnitOfMeasurePrice>14.90</UnitOfMeasurePrice>
      <AllowDiscount>1</AllowDiscount>
      <itemStatus>1</itemStatus>
      <LastUpdateDate />
      <LastUpdateTime />
    </Product>
    <Product>
      <PriceUpdateDate>2019/06/02 12:48</PriceUpdateDate>
      <ItemCode>7290013645371</ItemCode>
      <ItemType>1</ItemType>
      <ItemName>עוגיות שוקולד 200 גר כשלפ GFREE</ItemName>
      <ManufactureName>גורי מוצרי צריכה (1991) בעמ</ManufactureName>
      <ManufactureCountry />
      <ManufactureItemDescription />
      <UnitQty>יח`</UnitQty>
      <Quantity>200</Quantity>
      <UnitMeasure>גרם</UnitMeasure>
      <BisWeighted>0</BisWeighted>
      <QtyInPackage>1</QtyInPackage>
      <ItemPrice>17.90</ItemPrice>
      <UnitOfMeasurePrice>8.95</UnitOfMeasurePrice>
      <AllowDiscount>0</AllowDiscount>
      <itemStatus>1</itemStatus>
      <LastUpdateDate />
      <LastUpdateTime />
    </Product>
    <Product>
      <PriceUpdateDate>2015/01/28 14:28</PriceUpdateDate>
      <ItemCode>7290013652157</ItemCode>
      <ItemType>1</ItemType>
      <ItemName>מגבונים להסרת איפור נטורל קר</ItemName>
      <ManufactureName>פישר תעשיות פרמצבטיות בעמ</ManufactureName>
      <ManufactureCountry />
      <ManufactureItemDescription />
      <UnitQty>יח`</UnitQty>
      <Quantity>1</Quantity>
      <UnitMeasure />
      <BisWeighted>0</BisWeighted>
      <QtyInPackage>1</QtyInPackage>
      <ItemPrice>24.90</ItemPrice>
      <UnitOfMeasurePrice>24.90</UnitOfMeasurePrice>
      <AllowDiscount>0</AllowDiscount>
      <itemStatus>1</itemStatus>
      <LastUpdateDate />
      <LastUpdateTime />
    </Product>
    <Product>
      <PriceUpdateDate>2019/10/23 09:41</PriceUpdateDate>
      <ItemCode>7290013675439</ItemCode>
      <ItemType>1</ItemType>
      <ItemName>שניצל אותיות מאמא עוף (700 גרם)</ItemName>
      <ManufactureName>תנובה קפואים</ManufactureName>
      <ManufactureCountry />
      <ManufactureItemDescription />
      <UnitQty>יח`</UnitQty>
      <Quantity>700</Quantity>
      <UnitMeasure>גרם</UnitMeasure>
      <BisWeighted>0</BisWeighted>
      <QtyInPackage>1</QtyInPackage>
      <ItemPrice>34.90</ItemPrice>
      <UnitOfMeasurePrice>4.99</UnitOfMeasurePrice>
      <AllowDiscount>1</AllowDiscount>
      <itemStatus>1</itemStatus>
      <LastUpdateDate />
      <LastUpdateTime />
    </Product>
    <Product>
      <PriceUpdateDate>2019/10/23 09:41</PriceUpdateDate>
      <ItemCode>7290013675545</ItemCode>
      <ItemType>1</ItemType>
      <ItemName>שניצל כלי תחבורה מאמא עוף (700 גרם)</ItemName>
      <ManufactureName>תנובה קפואים</ManufactureName>
      <ManufactureCountry />
      <ManufactureItemDescription />
      <UnitQty>יח`</UnitQty>
      <Quantity>700</Quantity>
      <UnitMeasure>גרם</UnitMeasure>
      <BisWeighted>0</BisWeighted>
      <QtyInPackage>1</QtyInPackage>
      <ItemPrice>34.90</ItemPrice>
      <UnitOfMeasurePrice>4.99</UnitOfMeasurePrice>
      <AllowDiscount>1</AllowDiscount>
      <itemStatus>1</itemStatus>
      <LastUpdateDate />
      <LastUpdateTime />
    </Product>
    <Product>
      <PriceUpdateDate>2015/11/04 11:42</PriceUpdateDate>
      <ItemCode>7290013677563</ItemCode>
      <ItemType>1</ItemType>
      <ItemName>קינואה אדומה מיה (500 גרם)</ItemName>
      <ManufactureName>מיה תעשיות מזון מ.ת.מ. בעמ</ManufactureName>
      <ManufactureCountry />
      <ManufactureItemDescription />
      <UnitQty>יח`</UnitQty>
      <Quantity>500</Quantity>
      <UnitMeasure>גרם</UnitMeasure>
      <BisWeighted>0</BisWeighted>
      <QtyInPackage>1</QtyInPackage>
      <ItemPrice>19.90</ItemPrice>
      <UnitOfMeasurePrice>3.98</UnitOfMeasurePrice>
      <AllowDiscount>0</AllowDiscount>
      <itemStatus>1</itemStatus>
      <LastUpdateDate />
      <LastUpdateTime />
    </Product>
    <Product>
      <PriceUpdateDate>2015/03/02 14:33</PriceUpdateDate>
      <ItemCode>7290013677747</ItemCode>
      <ItemType>1</ItemType>
      <ItemName>אבקת שוקו 500 גר`</ItemName>
      <ManufactureName>מיה תעשיות מזון מ.ת.מ. בעמ</ManufactureName>
      <ManufactureCountry />
      <ManufactureItemDescription />
      <UnitQty>יח`</UnitQty>
      <Quantity>500</Quantity>
      <UnitMeasure>גרם</UnitMeasure>
      <BisWeighted>0</BisWeighted>
      <QtyInPackage>1</QtyInPackage>
      <ItemPrice>6.90</ItemPrice>
      <UnitOfMeasurePrice>1.38</UnitOfMeasurePrice>
      <AllowDiscount>1</AllowDiscount>
      <itemStatus>1</itemStatus>
      <LastUpdateDate />
      <LastUpdateTime />
    </Product>
    <Product>
      <PriceUpdateDate>2014/12/25 10:08</PriceUpdateDate>
      <ItemCode>7290013677822</ItemCode>
      <ItemType>1</ItemType>
      <ItemName>גריסי פנינה 1 קג</ItemName>
      <ManufactureName>מיה תעשיות מזון מ.ת.מ. בעמ</ManufactureName>
      <ManufactureCountry />
      <ManufactureItemDescription />
      <UnitQty>יח`</UnitQty>
      <Quantity>1000</Quantity>
      <UnitMeasure>גרם</UnitMeasure>
      <BisWeighted>0</BisWeighted>
      <QtyInPackage>1</QtyInPackage>
      <ItemPrice>10</ItemPrice>
      <UnitOfMeasurePrice>1</UnitOfMeasurePrice>
      <AllowDiscount>0</AllowDiscount>
      <itemStatus>1</itemStatus>
      <LastUpdateDate />
      <LastUpdateTime />
    </Product>
    <Product>
      <PriceUpdateDate>2015/12/01 16:31</PriceUpdateDate>
      <ItemCode>7290013677839</ItemCode>
      <ItemType>1</ItemType>
      <ItemName>בורגול מיה (1 קג)</ItemName>
      <ManufactureName>מיה תעשיות מזון מ.ת.מ. בעמ</ManufactureName>
      <ManufactureCountry />
      <ManufactureItemDescription />
      <UnitQty>יח`</UnitQty>
      <Quantity>1000</Quantity>
      <UnitMeasure>גרם</UnitMeasure>
      <BisWeighted>0</BisWeighted>
      <QtyInPackage>1</QtyInPackage>
      <ItemPrice>9.90</ItemPrice>
      <UnitOfMeasurePrice>0.99</UnitOfMeasurePrice>
      <AllowDiscount>0</AllowDiscount>
      <itemStatus>1</itemStatus>
      <LastUpdateDate />
      <LastUpdateTime />
    </Product>
    <Product>
      <PriceUpdateDate>2015/12/02 13:36</PriceUpdateDate>
      <ItemCode>7290013677846</ItemCode>
      <ItemType>1</ItemType>
      <ItemName>כוסמת מיה (1 קג)</ItemName>
      <ManufactureName>מיה תעשיות מזון מ.ת.מ. בעמ</ManufactureName>
      <ManufactureCountry />
      <ManufactureItemDescription />
      <UnitQty>יח`</UnitQty>
      <Quantity>1000</Quantity>
      <UnitMeasure>גרם</UnitMeasure>
      <BisWeighted>0</BisWeighted>
      <QtyInPackage>1</QtyInPackage>
      <ItemPrice>13.90</ItemPrice>
      <UnitOfMeasurePrice>1.39</UnitOfMeasurePrice>
      <AllowDiscount>0</AllowDiscount>
      <itemStatus>1</itemStatus>
      <LastUpdateDate />
      <LastUpdateTime />
    </Product>
    <Product>
      <PriceUpdateDate>2017/03/07 08:41</PriceUpdateDate>
      <ItemCode>7290013677976</ItemCode>
      <ItemType>1</ItemType>
      <ItemName>שמן אגוזי מלך מיה (1 ליטר)</ItemName>
      <ManufactureName>מיה תעשיות מזון מ.ת.מ. בעמ</ManufactureName>
      <ManufactureCountry />
      <ManufactureItemDescription />
      <UnitQty>יח`</UnitQty>
      <Quantity>1000</Quantity>
      <UnitMeasure>מ"ל</UnitMeasure>
      <BisWeighted>0</BisWeighted>
      <QtyInPackage>1</QtyInPackage>
      <ItemPrice>29.90</ItemPrice>
      <UnitOfMeasurePrice>2.99</UnitOfMeasurePrice>
      <AllowDiscount>0</AllowDiscount>
      <itemStatus>1</itemStatus>
      <LastUpdateDate />
      <LastUpdateTime />
    </Product>
    <Product>
      <PriceUpdateDate>2019/01/15 08:38</PriceUpdateDate>
      <ItemCode>7290013702005</ItemCode>
      <ItemType>1</ItemType>
      <ItemName>מים בטעם פירות יער שוופס (1.5 ליטר)</ItemName>
      <ManufactureName>יפאורה</ManufactureName>
      <ManufactureCountry />
      <ManufactureItemDescription />
      <UnitQty>יח`</UnitQty>
      <Quantity>1500</Quantity>
      <UnitMeasure>מ"ל</UnitMeasure>
      <BisWeighted>0</BisWeighted>
      <QtyInPackage>1</QtyInPackage>
      <ItemPrice>6.30</ItemPrice>
      <UnitOfMeasurePrice>0.42</UnitOfMeasurePrice>
      <AllowDiscount>1</AllowDiscount>
      <itemStatus>1</itemStatus>
      <LastUpdateDate />
      <LastUpdateTime />
    </Product>
    <Product>
      <PriceUpdateDate>2019/01/15 08:38</PriceUpdateDate>
      <ItemCode>7290013702029</ItemCode>
      <ItemType>1</ItemType>
      <ItemName>מים בטעם אפרסק שוופס (1.5 ליטר)</ItemName>
      <ManufactureName>יפאורה</ManufactureName>
      <ManufactureCountry />
      <ManufactureItemDescription />
      <UnitQty>יח`</UnitQty>
      <Quantity>1500</Quantity>
      <UnitMeasure>מ"ל</UnitMeasure>
      <BisWeighted>0</BisWeighted>
      <QtyInPackage>1</QtyInPackage>
      <ItemPrice>6.30</ItemPrice>
      <UnitOfMeasurePrice>0.42</UnitOfMeasurePrice>
      <AllowDiscount>1</AllowDiscount>
      <itemStatus>1</itemStatus>
      <LastUpdateDate />
      <LastUpdateTime />
    </Product>
    <Product>
      <PriceUpdateDate>2019/01/15 08:38</PriceUpdateDate>
      <ItemCode>7290013702036</ItemCode>
      <ItemType>1</ItemType>
      <ItemName>שוופס ווטר אפרסק 500מל</ItemName>
      <ManufactureName>יפאורה</ManufactureName>
      <ManufactureCountry />
      <ManufactureItemDescription />
      <UnitQty>יח`</UnitQty>
      <Quantity>500</Quantity>
      <UnitMeasure>מ"ל</UnitMeasure>
      <BisWeighted>0</BisWeighted>
      <QtyInPackage>1</QtyInPackage>
      <ItemPrice>4.80</ItemPrice>
      <UnitOfMeasurePrice>0.90</UnitOfMeasurePrice>
      <AllowDiscount>1</AllowDiscount>
      <itemStatus>1</itemStatus>
      <LastUpdateDate />
      <LastUpdateTime />
    </Product>
    <Product>
      <PriceUpdateDate>2019/01/15 08:38</PriceUpdateDate>
      <ItemCode>7290013702043</ItemCode>
      <ItemType>1</ItemType>
      <ItemName>מים בטעם ענבים שוופס (1.5 ליטר)</ItemName>
      <ManufactureName>יפאורה</ManufactureName>
      <ManufactureCountry />
      <ManufactureItemDescription />
      <UnitQty>יח`</UnitQty>
      <Quantity>1500</Quantity>
      <UnitMeasure>מ"ל</UnitMeasure>
      <BisWeighted>0</BisWeighted>
      <QtyInPackage>1</QtyInPackage>
      <ItemPrice>6.30</ItemPrice>
      <UnitOfMeasurePrice>0.42</UnitOfMeasurePrice>
      <AllowDiscount>1</AllowDiscount>
      <itemStatus>1</itemStatus>
      <LastUpdateDate />
      <LastUpdateTime />
    </Product>
    <Product>
      <PriceUpdateDate>2019/01/15 08:38</PriceUpdateDate>
      <ItemCode>7290013702050</ItemCode>
      <ItemType>1</ItemType>
      <ItemName>שוופס ווטר ענבים 500מל</ItemName>
      <ManufactureName>יפאורה</ManufactureName>
      <ManufactureCountry />
      <ManufactureItemDescription />
      <UnitQty>יח`</UnitQty>
      <Quantity>500</Quantity>
      <UnitMeasure>מ"ל</UnitMeasure>
      <BisWeighted>0</BisWeighted>
      <QtyInPackage>1</QtyInPackage>
      <ItemPrice>4.80</ItemPrice>
      <UnitOfMeasurePrice>0.90</UnitOfMeasurePrice>
      <AllowDiscount>1</AllowDiscount>
      <itemStatus>1</itemStatus>
      <LastUpdateDate />
      <LastUpdateTime />
    </Product>
    <Product>
      <PriceUpdateDate>2019/01/15 08:38</PriceUpdateDate>
      <ItemCode>7290013702371</ItemCode>
      <ItemType>1</ItemType>
      <ItemName>מים בטעם תפוח שוופס (1.5 ליטר)</ItemName>
      <ManufactureName>יפאורה</ManufactureName>
      <ManufactureCountry />
      <ManufactureItemDescription />
      <UnitQty>יח`</UnitQty>
      <Quantity>1500</Quantity>
      <UnitMeasure>מ"ל</UnitMeasure>
      <BisWeighted>0</BisWeighted>
      <QtyInPackage>1</QtyInPackage>
      <ItemPrice>6.30</ItemPrice>
      <UnitOfMeasurePrice>0.42</UnitOfMeasurePrice>
      <AllowDiscount>1</AllowDiscount>
      <itemStatus>1</itemStatus>
      <LastUpdateDate />
      <LastUpdateTime />
    </Product>
    <Product>
      <PriceUpdateDate>2019/01/15 08:38</PriceUpdateDate>
      <ItemCode>7290013702388</ItemCode>
      <ItemType>1</ItemType>
      <ItemName>שוופס ווטר תפוח 500מל</ItemName>
      <ManufactureName>יפאורה</ManufactureName>
      <ManufactureCountry />
      <ManufactureItemDescription />
      <UnitQty>יח`</UnitQty>
      <Quantity>500</Quantity>
      <UnitMeasure>מ"ל</UnitMeasure>
      <BisWeighted>0</BisWeighted>
      <QtyInPackage>1</QtyInPackage>
      <ItemPrice>4.80</ItemPrice>
      <UnitOfMeasurePrice>0.90</UnitOfMeasurePrice>
      <AllowDiscount>1</AllowDiscount>
      <itemStatus>1</itemStatus>
      <LastUpdateDate />
      <LastUpdateTime />
    </Product>
    <Product>
      <PriceUpdateDate>2019/01/15 08:38</PriceUpdateDate>
      <ItemCode>7290013702463</ItemCode>
      <ItemType>1</ItemType>
      <ItemName>משקה מוגז לימונייד שוופס (1.5 ליטר)</ItemName>
      <ManufactureName>יפאורה</ManufactureName>
      <ManufactureCountry />
      <ManufactureItemDescription />
      <UnitQty>יח`</UnitQty>
      <Quantity>1500</Quantity>
      <UnitMeasure>מ"ל</UnitMeasure>
      <BisWeighted>0</BisWeighted>
      <QtyInPackage>1</QtyInPackage>
      <ItemPrice>6.90</ItemPrice>
      <UnitOfMeasurePrice>0.46</UnitOfMeasurePrice>
      <AllowDiscount>1</AllowDiscount>
      <itemStatus>1</itemStatus>
      <LastUpdateDate />
      <LastUpdateTime />
    </Product>
    <Product>
      <PriceUpdateDate>2019/01/15 08:38</PriceUpdateDate>
      <ItemCode>7290013702470</ItemCode>
      <ItemType>1</ItemType>
      <ItemName>משקה מוגז לימונדה ורודה שוופס (1.5 ליטר)</ItemName>
      <ManufactureName>יפאורה</ManufactureName>
      <ManufactureCountry />
      <ManufactureItemDescription />
      <UnitQty>יח`</UnitQty>
      <Quantity>1500</Quantity>
      <UnitMeasure>מ"ל</UnitMeasure>
      <BisWeighted>0</BisWeighted>
      <QtyInPackage>1</QtyInPackage>
      <ItemPrice>6.90</ItemPrice>
      <UnitOfMeasurePrice>0.46</UnitOfMeasurePrice>
      <AllowDiscount>1</AllowDiscount>
      <itemStatus>1</itemStatus>
      <LastUpdateDate />
      <LastUpdateTime />
    </Product>
    <Product>
      <PriceUpdateDate>2019/01/15 08:38</PriceUpdateDate>
      <ItemCode>7290013702555</ItemCode>
      <ItemType>1</ItemType>
      <ItemName>שוופס מוגז עדין 1.5 ליטר אננס</ItemName>
      <ManufactureName>יפאורה</ManufactureName>
      <ManufactureCountry />
      <ManufactureItemDescription />
      <UnitQty>יח`</UnitQty>
      <Quantity>1500</Quantity>
      <UnitMeasure>מ"ל</UnitMeasure>
      <BisWeighted>0</BisWeighted>
      <QtyInPackage>1</QtyInPackage>
      <ItemPrice>6.90</ItemPrice>
      <UnitOfMeasurePrice>0.46</UnitOfMeasurePrice>
      <AllowDiscount>1</AllowDiscount>
      <itemStatus>1</itemStatus>
      <LastUpdateDate />
      <LastUpdateTime />
    </Product>
    <Product>
      <PriceUpdateDate>2015/05/14 08:11</PriceUpdateDate>
      <ItemCode>7290013725769</ItemCode>
      <ItemType>1</ItemType>
      <ItemName>נודלס עבה 400 גר`</ItemName>
      <ManufactureName>דין שיווק וקליה בעמ</ManufactureName>
      <ManufactureCountry />
      <ManufactureItemDescription />
      <UnitQty>יח`</UnitQty>
      <Quantity>400</Quantity>
      <UnitMeasure>גרם</UnitMeasure>
      <BisWeighted>0</BisWeighted>
      <QtyInPackage>1</QtyInPackage>
      <ItemPrice>4.90</ItemPrice>
      <UnitOfMeasurePrice>1.23</UnitOfMeasurePrice>
      <AllowDiscount>0</AllowDiscount>
      <itemStatus>1</itemStatus>
      <LastUpdateDate />
      <LastUpdateTime />
    </Product>
    <Product>
      <PriceUpdateDate>2020/03/19 15:46</PriceUpdateDate>
      <ItemCode>7290013787354</ItemCode>
      <ItemType>1</ItemType>
      <ItemName>פסטה פוזילי סרדי 500 גר`</ItemName>
      <ManufactureName>דורו איטליאן פרודקטס בעמ</ManufactureName>
      <ManufactureCountry />
      <ManufactureItemDescription />
      <UnitQty>יח`</UnitQty>
      <Quantity>500</Quantity>
      <UnitMeasure>גרם</UnitMeasure>
      <BisWeighted>0</BisWeighted>
      <QtyInPackage>1</QtyInPackage>
      <ItemPrice>9.90</ItemPrice>
      <UnitOfMeasurePrice>1.98</UnitOfMeasurePrice>
      <AllowDiscount>0</AllowDiscount>
      <itemStatus>1</itemStatus>
      <LastUpdateDate />
      <LastUpdateTime />
    </Product>
    <Product>
      <PriceUpdateDate>2019/04/07 10:08</PriceUpdateDate>
      <ItemCode>7290013847577</ItemCode>
      <ItemType>1</ItemType>
      <ItemName>רביעייה טונה סטארכיסט בשמן 10% תוספת</ItemName>
      <ManufactureName>סטארקיסט דיפלומט היינץ</ManufactureName>
      <ManufactureCountry />
      <ManufactureItemDescription />
      <UnitQty>יח`</UnitQty>
      <Quantity>704</Quantity>
      <UnitMeasure>גרם</UnitMeasure>
      <BisWeighted>0</BisWeighted>
      <QtyInPackage>1</QtyInPackage>
      <ItemPrice>25.90</ItemPrice>
      <UnitOfMeasurePrice>3.68</UnitOfMeasurePrice>
      <AllowDiscount>0</AllowDiscount>
      <itemStatus>1</itemStatus>
      <LastUpdateDate />
      <LastUpdateTime />
    </Product>
    <Product>
      <PriceUpdateDate>2018/06/20 15:13</PriceUpdateDate>
      <ItemCode>7290013847836</ItemCode>
      <ItemType>1</ItemType>
      <ItemName>מארז זוגות טונה בשמן קנולה 280 גר`* (140</ItemName>
      <ManufactureName>סטארקיסט דיפלומט היינץ</ManufactureName>
      <ManufactureCountry />
      <ManufactureItemDescription />
      <UnitQty>יח`</UnitQty>
      <Quantity>280</Quantity>
      <UnitMeasure>גרם</UnitMeasure>
      <BisWeighted>0</BisWeighted>
      <QtyInPackage>1</QtyInPackage>
      <ItemPrice>11.90</ItemPrice>
      <UnitOfMeasurePrice>4.25</UnitOfMeasurePrice>
      <AllowDiscount>0</AllowDiscount>
      <itemStatus>1</itemStatus>
      <LastUpdateDate />
      <LastUpdateTime />
    </Product>
    <Product>
      <PriceUpdateDate>2019/04/07 10:02</PriceUpdateDate>
      <ItemCode>7290013848345</ItemCode>
      <ItemType>1</ItemType>
      <ItemName>מטליות לניקוי לחיטוי ולניקוי 50 יח סנו</ItemName>
      <ManufactureName>החברה הדרומית לשיווק בעמ</ManufactureName>
      <ManufactureCountry />
      <ManufactureItemDescription />
      <UnitQty>יח`</UnitQty>
      <Quantity>1</Quantity>
      <UnitMeasure />
      <BisWeighted>0</BisWeighted>
      <QtyInPackage>1</QtyInPackage>
      <ItemPrice>19.90</ItemPrice>
      <UnitOfMeasurePrice>19.90</UnitOfMeasurePrice>
      <AllowDiscount>0</AllowDiscount>
      <itemStatus>1</itemStatus>
      <LastUpdateDate />
      <LastUpdateTime />
    </Product>
    <Product>
      <PriceUpdateDate>2015/12/08 08:24</PriceUpdateDate>
      <ItemCode>7290013848611</ItemCode>
      <ItemType>1</ItemType>
      <ItemName>רדיד אלומיניום סנו סושי (61 מטר)</ItemName>
      <ManufactureName>החברה הדרומית לשיווק בעמ</ManufactureName>
      <ManufactureCountry />
      <ManufactureItemDescription />
      <UnitQty>יח`</UnitQty>
      <Quantity>1</Quantity>
      <UnitMeasure />
      <BisWeighted>0</BisWeighted>
      <QtyInPackage>1</QtyInPackage>
      <ItemPrice>41.90</ItemPrice>
      <UnitOfMeasurePrice>41.90</UnitOfMeasurePrice>
      <AllowDiscount>0</AllowDiscount>
      <itemStatus>1</itemStatus>
      <LastUpdateDate />
      <LastUpdateTime />
    </Product>
    <Product>
      <PriceUpdateDate>2015/04/30 11:36</PriceUpdateDate>
      <ItemCode>7290013883490</ItemCode>
      <ItemType>1</ItemType>
      <ItemName>קוביות דלק לפחמים</ItemName>
      <ManufactureName>יעקב יעקבי ובניו בעמ</ManufactureName>
      <ManufactureCountry />
      <ManufactureItemDescription />
      <UnitQty>יח`</UnitQty>
      <Quantity>1</Quantity>
      <UnitMeasure />
      <BisWeighted>0</BisWeighted>
      <QtyInPackage>1</QtyInPackage>
      <ItemPrice>10.90</ItemPrice>
      <UnitOfMeasurePrice>10.90</UnitOfMeasurePrice>
      <AllowDiscount>0</AllowDiscount>
      <itemStatus>1</itemStatus>
      <LastUpdateDate />
      <LastUpdateTime />
    </Product>
    <Product>
      <PriceUpdateDate>2019/03/24 12:39</PriceUpdateDate>
      <ItemCode>7290013906205</ItemCode>
      <ItemType>1</ItemType>
      <ItemName>פסטרמה שום וצילי טירת צבי (400 גרם)</ItemName>
      <ManufactureName>תנובה קפואים</ManufactureName>
      <ManufactureCountry />
      <ManufactureItemDescription />
      <UnitQty>יח`</UnitQty>
      <Quantity>400</Quantity>
      <UnitMeasure>גרם</UnitMeasure>
      <BisWeighted>0</BisWeighted>
      <QtyInPackage>1</QtyInPackage>
      <ItemPrice>31.90</ItemPrice>
      <UnitOfMeasurePrice>7.98</UnitOfMeasurePrice>
      <AllowDiscount>1</AllowDiscount>
      <itemStatus>1</itemStatus>
      <LastUpdateDate />
      <LastUpdateTime />
    </Product>
    <Product>
      <PriceUpdateDate>2019/10/06 12:29</PriceUpdateDate>
      <ItemCode>7290013919359</ItemCode>
      <ItemType>1</ItemType>
      <ItemName>עוגיות בדלי כתר ריבה 600 גר`</ItemName>
      <ManufactureName>שיבולים יצור ושיווק מוצרי מאפה</ManufactureName>
      <ManufactureCountry />
      <ManufactureItemDescription />
      <UnitQty>יח`</UnitQty>
      <Quantity>600</Quantity>
      <UnitMeasure>גרם</UnitMeasure>
      <BisWeighted>0</BisWeighted>
      <QtyInPackage>1</QtyInPackage>
      <ItemPrice>11.90</ItemPrice>
      <UnitOfMeasurePrice>1.98</UnitOfMeasurePrice>
      <AllowDiscount>0</AllowDiscount>
      <itemStatus>1</itemStatus>
      <LastUpdateDate />
      <LastUpdateTime />
    </Product>
    <Product>
      <PriceUpdateDate>2016/08/04 11:13</PriceUpdateDate>
      <ItemCode>7290013927002</ItemCode>
      <ItemType>1</ItemType>
      <ItemName>עוגיות דקליות בטעם שוקולד אחוה (400 גרם)</ItemName>
      <ManufactureName>אחדות בעמ</ManufactureName>
      <ManufactureCountry />
      <ManufactureItemDescription />
      <UnitQty>יח`</UnitQty>
      <Quantity>400</Quantity>
      <UnitMeasure>גרם</UnitMeasure>
      <BisWeighted>0</BisWeighted>
      <QtyInPackage>1</QtyInPackage>
      <ItemPrice>8.90</ItemPrice>
      <UnitOfMeasurePrice>2.23</UnitOfMeasurePrice>
      <AllowDiscount>0</AllowDiscount>
      <itemStatus>1</itemStatus>
      <LastUpdateDate />
      <LastUpdateTime />
    </Product>
    <Product>
      <PriceUpdateDate>2016/08/04 11:13</PriceUpdateDate>
      <ItemCode>7290013927019</ItemCode>
      <ItemType>1</ItemType>
      <ItemName>עוגיות דקליות בטעם קינמון אחוה (400 גרם)</ItemName>
      <ManufactureName>אחדות בעמ</ManufactureName>
      <ManufactureCountry />
      <ManufactureItemDescription />
      <UnitQty>יח`</UnitQty>
      <Quantity>400</Quantity>
      <UnitMeasure>גרם</UnitMeasure>
      <BisWeighted>0</BisWeighted>
      <QtyInPackage>1</QtyInPackage>
      <ItemPrice>8.90</ItemPrice>
      <UnitOfMeasurePrice>2.23</UnitOfMeasurePrice>
      <AllowDiscount>0</AllowDiscount>
      <itemStatus>1</itemStatus>
      <LastUpdateDate />
      <LastUpdateTime />
    </Product>
    <Product>
      <PriceUpdateDate>2016/08/04 11:13</PriceUpdateDate>
      <ItemCode>7290013927026</ItemCode>
      <ItemType>1</ItemType>
      <ItemName>עוגיות דקליות אחוה (400 גרם)</ItemName>
      <ManufactureName>אחדות בעמ</ManufactureName>
      <ManufactureCountry />
      <ManufactureItemDescription />
      <UnitQty>יח`</UnitQty>
      <Quantity>400</Quantity>
      <UnitMeasure>גרם</UnitMeasure>
      <BisWeighted>0</BisWeighted>
      <QtyInPackage>1</QtyInPackage>
      <ItemPrice>8.90</ItemPrice>
      <UnitOfMeasurePrice>2.23</UnitOfMeasurePrice>
      <AllowDiscount>0</AllowDiscount>
      <itemStatus>1</itemStatus>
      <LastUpdateDate />
      <LastUpdateTime />
    </Product>
    <Product>
      <PriceUpdateDate>2016/08/04 11:13</PriceUpdateDate>
      <ItemCode>7290013927057</ItemCode>
      <ItemType>1</ItemType>
      <ItemName>עוגיות שוקולד צ`יפס אחוה (400 גרם)</ItemName>
      <ManufactureName>אחדות בעמ</ManufactureName>
      <ManufactureCountry />
      <ManufactureItemDescription />
      <UnitQty>יח`</UnitQty>
      <Quantity>400</Quantity>
      <UnitMeasure>גרם</UnitMeasure>
      <BisWeighted>0</BisWeighted>
      <QtyInPackage>1</QtyInPackage>
      <ItemPrice>9.90</ItemPrice>
      <UnitOfMeasurePrice>2.48</UnitOfMeasurePrice>
      <AllowDiscount>0</AllowDiscount>
      <itemStatus>1</itemStatus>
      <LastUpdateDate />
      <LastUpdateTime />
    </Product>
    <Product>
      <PriceUpdateDate>2016/08/04 11:13</PriceUpdateDate>
      <ItemCode>7290013927064</ItemCode>
      <ItemType>1</ItemType>
      <ItemName>עוגיות גרנולה 400 גר`</ItemName>
      <ManufactureName>אחדות בעמ</ManufactureName>
      <ManufactureCountry />
      <ManufactureItemDescription />
      <UnitQty>יח`</UnitQty>
      <Quantity>400</Quantity>
      <UnitMeasure>גרם</UnitMeasure>
      <BisWeighted>0</BisWeighted>
      <QtyInPackage>1</QtyInPackage>
      <ItemPrice>8.90</ItemPrice>
      <UnitOfMeasurePrice>2.23</UnitOfMeasurePrice>
      <AllowDiscount>0</AllowDiscount>
      <itemStatus>1</itemStatus>
      <LastUpdateDate />
      <LastUpdateTime />
    </Product>
    <Product>
      <PriceUpdateDate>2014/08/14 09:24</PriceUpdateDate>
      <ItemCode>7290013927156</ItemCode>
      <ItemType>1</ItemType>
      <ItemName>עוגת פירות יער ללא תוספת סוכר</ItemName>
      <ManufactureName>אחדות בעמ</ManufactureName>
      <ManufactureCountry />
      <ManufactureItemDescription />
      <UnitQty>יח`</UnitQty>
      <Quantity>450</Quantity>
      <UnitMeasure>גרם</UnitMeasure>
      <BisWeighted>0</BisWeighted>
      <QtyInPackage>1</QtyInPackage>
      <ItemPrice>11.90</ItemPrice>
      <UnitOfMeasurePrice>2.64</UnitOfMeasurePrice>
      <AllowDiscount>0</AllowDiscount>
      <itemStatus>1</itemStatus>
      <LastUpdateDate />
      <LastUpdateTime />
    </Product>
    <Product>
      <PriceUpdateDate>2013/11/20 14:55</PriceUpdateDate>
      <ItemCode>7290013927200</ItemCode>
      <ItemType>1</ItemType>
      <ItemName>עוגת שוקולד צ`יפס 400  גר`אחווה</ItemName>
      <ManufactureName>אחדות בעמ</ManufactureName>
      <ManufactureCountry />
      <ManufactureItemDescription />
      <UnitQty>יח`</UnitQty>
      <Quantity>400</Quantity>
      <UnitMeasure>גרם</UnitMeasure>
      <BisWeighted>0</BisWeighted>
      <QtyInPackage>1</QtyInPackage>
      <ItemPrice>11</ItemPrice>
      <UnitOfMeasurePrice>2.75</UnitOfMeasurePrice>
      <AllowDiscount>0</AllowDiscount>
      <itemStatus>1</itemStatus>
      <LastUpdateDate />
      <LastUpdateTime />
    </Product>
    <Product>
      <PriceUpdateDate>2014/04/06 08:12</PriceUpdateDate>
      <ItemCode>7290013927323</ItemCode>
      <ItemType>1</ItemType>
      <ItemName>עוגת בראוניס 400 גרם אחדות</ItemName>
      <ManufactureName>אחדות בעמ</ManufactureName>
      <ManufactureCountry />
      <ManufactureItemDescription />
      <UnitQty>יח`</UnitQty>
      <Quantity>400</Quantity>
      <UnitMeasure>גרם</UnitMeasure>
      <BisWeighted>0</BisWeighted>
      <QtyInPackage>1</QtyInPackage>
      <ItemPrice>11</ItemPrice>
      <UnitOfMeasurePrice>2.75</UnitOfMeasurePrice>
      <AllowDiscount>0</AllowDiscount>
      <itemStatus>1</itemStatus>
      <LastUpdateDate />
      <LastUpdateTime />
    </Product>
    <Product>
      <PriceUpdateDate>2018/02/18 08:23</PriceUpdateDate>
      <ItemCode>7290013927514</ItemCode>
      <ItemType>1</ItemType>
      <ItemName>רוגעלך קינמון במגש 400  גר`אחוה</ItemName>
      <ManufactureName>אחדות בעמ</ManufactureName>
      <ManufactureCountry />
      <ManufactureItemDescription />
      <UnitQty>יח`</UnitQty>
      <Quantity>400</Quantity>
      <UnitMeasure>גרם</UnitMeasure>
      <BisWeighted>0</BisWeighted>
      <QtyInPackage>1</QtyInPackage>
      <ItemPrice>8.90</ItemPrice>
      <UnitOfMeasurePrice>2.23</UnitOfMeasurePrice>
      <AllowDiscount>0</AllowDiscount>
      <itemStatus>1</itemStatus>
      <LastUpdateDate />
      <LastUpdateTime />
    </Product>
    <Product>
      <PriceUpdateDate>2018/12/02 14:13</PriceUpdateDate>
      <ItemCode>7290013927613</ItemCode>
      <ItemType>1</ItemType>
      <ItemName>רוגעלך אחוה טעם שוקו וניל (400 גרם)</ItemName>
      <ManufactureName>אחדות בעמ</ManufactureName>
      <ManufactureCountry />
      <ManufactureItemDescription />
      <UnitQty>יח`</UnitQty>
      <Quantity>400</Quantity>
      <UnitMeasure>גרם</UnitMeasure>
      <BisWeighted>0</BisWeighted>
      <QtyInPackage>1</QtyInPackage>
      <ItemPrice>8.90</ItemPrice>
      <UnitOfMeasurePrice>2.23</UnitOfMeasurePrice>
      <AllowDiscount>0</AllowDiscount>
      <itemStatus>1</itemStatus>
      <LastUpdateDate />
      <LastUpdateTime />
    </Product>
    <Product>
      <PriceUpdateDate>2019/01/22 11:43</PriceUpdateDate>
      <ItemCode>7290013927637</ItemCode>
      <ItemType>1</ItemType>
      <ItemName>חלבה אחוה ללא סוכר 400 גר`</ItemName>
      <ManufactureName>אחדות בעמ</ManufactureName>
      <ManufactureCountry />
      <ManufactureItemDescription />
      <UnitQty>יח`</UnitQty>
      <Quantity>400</Quantity>
      <UnitMeasure>גרם</UnitMeasure>
      <BisWeighted>0</BisWeighted>
      <QtyInPackage>1</QtyInPackage>
      <ItemPrice>11.90</ItemPrice>
      <UnitOfMeasurePrice>2.98</UnitOfMeasurePrice>
      <AllowDiscount>0</AllowDiscount>
      <itemStatus>1</itemStatus>
      <LastUpdateDate />
      <LastUpdateTime />
    </Product>
    <Product>
      <PriceUpdateDate>2020/05/01 06:20</PriceUpdateDate>
      <ItemCode>7290013927996</ItemCode>
      <ItemType>1</ItemType>
      <ItemName>עוגת שמרים קרנץ בטעם שוקולד 400  גר`אחוו</ItemName>
      <ManufactureName>אחדות בעמ</ManufactureName>
      <ManufactureCountry />
      <ManufactureItemDescription />
      <UnitQty>יח`</UnitQty>
      <Quantity>400</Quantity>
      <UnitMeasure>גרם</UnitMeasure>
      <BisWeighted>0</BisWeighted>
      <QtyInPackage>1</QtyInPackage>
      <ItemPrice>10</ItemPrice>
      <UnitOfMeasurePrice>2.50</UnitOfMeasurePrice>
      <AllowDiscount>0</AllowDiscount>
      <itemStatus>1</itemStatus>
      <LastUpdateDate />
      <LastUpdateTime />
    </Product>
    <Product>
      <PriceUpdateDate>2019/02/03 12:24</PriceUpdateDate>
      <ItemCode>7290014002128</ItemCode>
      <ItemType>1</ItemType>
      <ItemName>תה ירוק לימונית מנטה ויסוצקי) (25</ItemName>
      <ManufactureName>תה ויסוצקי (ישראל) בעמ</ManufactureName>
      <ManufactureCountry />
      <ManufactureItemDescription />
      <UnitQty>יח`</UnitQty>
      <Quantity>37.50</Quantity>
      <UnitMeasure>גרם</UnitMeasure>
      <BisWeighted>0</BisWeighted>
      <QtyInPackage>1</QtyInPackage>
      <ItemPrice>24.90</ItemPrice>
      <UnitOfMeasurePrice>66.40</UnitOfMeasurePrice>
      <AllowDiscount>0</AllowDiscount>
      <itemStatus>1</itemStatus>
      <LastUpdateDate />
      <LastUpdateTime />
    </Product>
    <Product>
      <PriceUpdateDate>2018/10/11 19:19</PriceUpdateDate>
      <ItemCode>7290014002197</ItemCode>
      <ItemType>1</ItemType>
      <ItemName>הגן הקסום קמומיל לימונית 25 שקיקים</ItemName>
      <ManufactureName>תה ויסוצקי (ישראל) בעמ</ManufactureName>
      <ManufactureCountry />
      <ManufactureItemDescription />
      <UnitQty>יח`</UnitQty>
      <Quantity>37.50</Quantity>
      <UnitMeasure>גרם</UnitMeasure>
      <BisWeighted>0</BisWeighted>
      <QtyInPackage>1</QtyInPackage>
      <ItemPrice>17.50</ItemPrice>
      <UnitOfMeasurePrice>46.67</UnitOfMeasurePrice>
      <AllowDiscount>0</AllowDiscount>
      <itemStatus>1</itemStatus>
      <LastUpdateDate />
      <LastUpdateTime />
    </Product>
    <Product>
      <PriceUpdateDate>2018/10/11 19:19</PriceUpdateDate>
      <ItemCode>7290014002203</ItemCode>
      <ItemType>1</ItemType>
      <ItemName>חליטת לימונית לואיזה ויסוצקי) (25</ItemName>
      <ManufactureName>תה ויסוצקי (ישראל) בעמ</ManufactureName>
      <ManufactureCountry />
      <ManufactureItemDescription />
      <UnitQty>יח`</UnitQty>
      <Quantity>37.50</Quantity>
      <UnitMeasure>גרם</UnitMeasure>
      <BisWeighted>0</BisWeighted>
      <QtyInPackage>1</QtyInPackage>
      <ItemPrice>17.50</ItemPrice>
      <UnitOfMeasurePrice>46.67</UnitOfMeasurePrice>
      <AllowDiscount>0</AllowDiscount>
      <itemStatus>1</itemStatus>
      <LastUpdateDate />
      <LastUpdateTime />
    </Product>
    <Product>
      <PriceUpdateDate>2019/11/27 12:18</PriceUpdateDate>
      <ItemCode>7290014046047</ItemCode>
      <ItemType>1</ItemType>
      <ItemName>צמד פסטרמות 600 גר` יחיעם</ItemName>
      <ManufactureName>מעדני יחיעם (1993) בעמ</ManufactureName>
      <ManufactureCountry />
      <ManufactureItemDescription />
      <UnitQty>יח`</UnitQty>
      <Quantity>600</Quantity>
      <UnitMeasure>גרם</UnitMeasure>
      <BisWeighted>0</BisWeighted>
      <QtyInPackage>1</QtyInPackage>
      <ItemPrice>25.90</ItemPrice>
      <UnitOfMeasurePrice>4.32</UnitOfMeasurePrice>
      <AllowDiscount>0</AllowDiscount>
      <itemStatus>1</itemStatus>
      <LastUpdateDate />
      <LastUpdateTime />
    </Product>
    <Product>
      <PriceUpdateDate>2017/01/25 08:40</PriceUpdateDate>
      <ItemCode>7290014046474</ItemCode>
      <ItemType>1</ItemType>
      <ItemName>נקניקיות עוף 1.5 קג</ItemName>
      <ManufactureName>מעדני יחיעם (1993) בעמ</ManufactureName>
      <ManufactureCountry />
      <ManufactureItemDescription />
      <UnitQty>יח`</UnitQty>
      <Quantity>1</Quantity>
      <UnitMeasure />
      <BisWeighted>0</BisWeighted>
      <QtyInPackage>1</QtyInPackage>
      <ItemPrice>29.90</ItemPrice>
      <UnitOfMeasurePrice>29.90</UnitOfMeasurePrice>
      <AllowDiscount>1</AllowDiscount>
      <itemStatus>1</itemStatus>
      <LastUpdateDate />
      <LastUpdateTime />
    </Product>
    <Product>
      <PriceUpdateDate>2016/06/28 07:59</PriceUpdateDate>
      <ItemCode>7290014046757</ItemCode>
      <ItemType>1</ItemType>
      <ItemName>סלמי תה יחיעם (300 גרם)</ItemName>
      <ManufactureName>מעדני יחיעם (1993) בעמ</ManufactureName>
      <ManufactureCountry />
      <ManufactureItemDescription />
      <UnitQty>יח`</UnitQty>
      <Quantity>300</Quantity>
      <UnitMeasure>גרם</UnitMeasure>
      <BisWeighted>0</BisWeighted>
      <QtyInPackage>1</QtyInPackage>
      <ItemPrice>25.90</ItemPrice>
      <UnitOfMeasurePrice>8.63</UnitOfMeasurePrice>
      <AllowDiscount>1</AllowDiscount>
      <itemStatus>1</itemStatus>
      <LastUpdateDate />
      <LastUpdateTime />
    </Product>
    <Product>
      <PriceUpdateDate>2015/05/27 14:08</PriceUpdateDate>
      <ItemCode>7290014059085</ItemCode>
      <ItemType>1</ItemType>
      <ItemName>סנסודיין שיקום והגנה 75 מל</ItemName>
      <ManufactureName>גורי ע.ע.ע בעמ</ManufactureName>
      <ManufactureCountry />
      <ManufactureItemDescription />
      <UnitQty>יח`</UnitQty>
      <Quantity>75</Quantity>
      <UnitMeasure>מ"ל</UnitMeasure>
      <BisWeighted>0</BisWeighted>
      <QtyInPackage>1</QtyInPackage>
      <ItemPrice>25.90</ItemPrice>
      <UnitOfMeasurePrice>34.53</UnitOfMeasurePrice>
      <AllowDiscount>0</AllowDiscount>
      <itemStatus>1</itemStatus>
      <LastUpdateDate />
      <LastUpdateTime />
    </Product>
    <Product>
      <PriceUpdateDate>2018/09/02 13:59</PriceUpdateDate>
      <ItemCode>7290014083479</ItemCode>
      <ItemType>1</ItemType>
      <ItemName>גבינת גאודה פרוסות 150 גר</ItemName>
      <ManufactureName>ג.וילי-פוד אינטרנשיונל בעמ</ManufactureName>
      <ManufactureCountry />
      <ManufactureItemDescription />
      <UnitQty>יח`</UnitQty>
      <Quantity>150</Quantity>
      <UnitMeasure>גרם</UnitMeasure>
      <BisWeighted>0</BisWeighted>
      <QtyInPackage>1</QtyInPackage>
      <ItemPrice>9.90</ItemPrice>
      <UnitOfMeasurePrice>6.60</UnitOfMeasurePrice>
      <AllowDiscount>1</AllowDiscount>
      <itemStatus>1</itemStatus>
      <LastUpdateDate />
      <LastUpdateTime />
    </Product>
    <Product>
      <PriceUpdateDate>2019/12/23 12:16</PriceUpdateDate>
      <ItemCode>7290014094352</ItemCode>
      <ItemType>1</ItemType>
      <ItemName>אגוז מלך טבעי ששון הקולה (200 גרם)</ItemName>
      <ManufactureName>דין שיווק וקליה בעמ</ManufactureName>
      <ManufactureCountry />
      <ManufactureItemDescription />
      <UnitQty>יח`</UnitQty>
      <Quantity>200</Quantity>
      <UnitMeasure>גרם</UnitMeasure>
      <BisWeighted>0</BisWeighted>
      <QtyInPackage>1</QtyInPackage>
      <ItemPrice>15.90</ItemPrice>
      <UnitOfMeasurePrice>7.95</UnitOfMeasurePrice>
      <AllowDiscount>0</AllowDiscount>
      <itemStatus>1</itemStatus>
      <LastUpdateDate />
      <LastUpdateTime />
    </Product>
    <Product>
      <PriceUpdateDate>2018/03/06 10:39</PriceUpdateDate>
      <ItemCode>7290014094369</ItemCode>
      <ItemType>1</ItemType>
      <ItemName>שקד טבעי קלוף ששון הקולה (200 גרם)</ItemName>
      <ManufactureName>דין שיווק וקליה בעמ</ManufactureName>
      <ManufactureCountry />
      <ManufactureItemDescription />
      <UnitQty>יח`</UnitQty>
      <Quantity>200</Quantity>
      <UnitMeasure>גרם</UnitMeasure>
      <BisWeighted>0</BisWeighted>
      <QtyInPackage>1</QtyInPackage>
      <ItemPrice>19.90</ItemPrice>
      <UnitOfMeasurePrice>9.95</UnitOfMeasurePrice>
      <AllowDiscount>0</AllowDiscount>
      <itemStatus>1</itemStatus>
      <LastUpdateDate />
      <LastUpdateTime />
    </Product>
    <Product>
      <PriceUpdateDate>2019/12/23 12:16</PriceUpdateDate>
      <ItemCode>7290014094383</ItemCode>
      <ItemType>1</ItemType>
      <ItemName>משמש בקופסא ששון הקולה (330 גרם)</ItemName>
      <ManufactureName>דין שיווק וקליה בעמ</ManufactureName>
      <ManufactureCountry />
      <ManufactureItemDescription />
      <UnitQty>יח`</UnitQty>
      <Quantity>300</Quantity>
      <UnitMeasure>גרם</UnitMeasure>
      <BisWeighted>0</BisWeighted>
      <QtyInPackage>1</QtyInPackage>
      <ItemPrice>13.90</ItemPrice>
      <UnitOfMeasurePrice>4.63</UnitOfMeasurePrice>
      <AllowDiscount>0</AllowDiscount>
      <itemStatus>1</itemStatus>
      <LastUpdateDate />
      <LastUpdateTime />
    </Product>
    <Product>
      <PriceUpdateDate>2019/12/23 12:16</PriceUpdateDate>
      <ItemCode>7290014094390</ItemCode>
      <ItemType>1</ItemType>
      <ItemName>חמוציות מסוכרות ששון הקולה (330 גרם)</ItemName>
      <ManufactureName>דין שיווק וקליה בעמ</ManufactureName>
      <ManufactureCountry />
      <ManufactureItemDescription />
      <UnitQty>יח`</UnitQty>
      <Quantity>330</Quantity>
      <UnitMeasure>גרם</UnitMeasure>
      <BisWeighted>0</BisWeighted>
      <QtyInPackage>1</QtyInPackage>
      <ItemPrice>11.90</ItemPrice>
      <UnitOfMeasurePrice>3.61</UnitOfMeasurePrice>
      <AllowDiscount>0</AllowDiscount>
      <itemStatus>1</itemStatus>
      <LastUpdateDate />
      <LastUpdateTime />
    </Product>
    <Product>
      <PriceUpdateDate>2019/12/23 12:16</PriceUpdateDate>
      <ItemCode>7290014094406</ItemCode>
      <ItemType>1</ItemType>
      <ItemName>צימוק לבן ששון הקולה (330 גרם)</ItemName>
      <ManufactureName>דין שיווק וקליה בעמ</ManufactureName>
      <ManufactureCountry />
      <ManufactureItemDescription />
      <UnitQty>יח`</UnitQty>
      <Quantity>330</Quantity>
      <UnitMeasure>גרם</UnitMeasure>
      <BisWeighted>0</BisWeighted>
      <QtyInPackage>1</QtyInPackage>
      <ItemPrice>13.90</ItemPrice>
      <UnitOfMeasurePrice>4.21</UnitOfMeasurePrice>
      <AllowDiscount>0</AllowDiscount>
      <itemStatus>1</itemStatus>
      <LastUpdateDate />
      <LastUpdateTime />
    </Product>
    <Product>
      <PriceUpdateDate>2015/12/02 11:49</PriceUpdateDate>
      <ItemCode>7290014094505</ItemCode>
      <ItemType>1</ItemType>
      <ItemName>אורז בסמטי אהרוני (1 קג)</ItemName>
      <ManufactureName>דין שיווק וקליה בעמ</ManufactureName>
      <ManufactureCountry />
      <ManufactureItemDescription />
      <UnitQty>יח`</UnitQty>
      <Quantity>1</Quantity>
      <UnitMeasure>ק"ג</UnitMeasure>
      <BisWeighted>0</BisWeighted>
      <QtyInPackage>1</QtyInPackage>
      <ItemPrice>12.90</ItemPrice>
      <UnitOfMeasurePrice>12.90</UnitOfMeasurePrice>
      <AllowDiscount>1</AllowDiscount>
      <itemStatus>1</itemStatus>
      <LastUpdateDate />
      <LastUpdateTime />
    </Product>
    <Product>
      <PriceUpdateDate>2016/09/21 08:31</PriceUpdateDate>
      <ItemCode>7290014094611</ItemCode>
      <ItemType>1</ItemType>
      <ItemName>שקד מולבן פרוס ששון הקולה (200 גרם)</ItemName>
      <ManufactureName>דין שיווק וקליה בעמ</ManufactureName>
      <ManufactureCountry />
      <ManufactureItemDescription />
      <UnitQty>יח`</UnitQty>
      <Quantity>200</Quantity>
      <UnitMeasure>גרם</UnitMeasure>
      <BisWeighted>0</BisWeighted>
      <QtyInPackage>1</QtyInPackage>
      <ItemPrice>19.90</ItemPrice>
      <UnitOfMeasurePrice>9.95</UnitOfMeasurePrice>
      <AllowDiscount>0</AllowDiscount>
      <itemStatus>1</itemStatus>
      <LastUpdateDate />
      <LastUpdateTime />
    </Product>
    <Product>
      <PriceUpdateDate>2019/12/23 12:16</PriceUpdateDate>
      <ItemCode>7290014094628</ItemCode>
      <ItemType>1</ItemType>
      <ItemName>פקאן טבעי ששון הקולה (200 גרם)</ItemName>
      <ManufactureName>דין שיווק וקליה בעמ</ManufactureName>
      <ManufactureCountry />
      <ManufactureItemDescription />
      <UnitQty>יח`</UnitQty>
      <Quantity>200</Quantity>
      <UnitMeasure>גרם</UnitMeasure>
      <BisWeighted>0</BisWeighted>
      <QtyInPackage>1</QtyInPackage>
      <ItemPrice>23.90</ItemPrice>
      <UnitOfMeasurePrice>11.95</UnitOfMeasurePrice>
      <AllowDiscount>0</AllowDiscount>
      <itemStatus>1</itemStatus>
      <LastUpdateDate />
      <LastUpdateTime />
    </Product>
    <Product>
      <PriceUpdateDate>2019/12/23 12:16</PriceUpdateDate>
      <ItemCode>7290014094642</ItemCode>
      <ItemType>1</ItemType>
      <ItemName>אגוזי קשיו טבעיים ששון הקולה (250 גרם)</ItemName>
      <ManufactureName>דין שיווק וקליה בעמ</ManufactureName>
      <ManufactureCountry />
      <ManufactureItemDescription />
      <UnitQty>יח`</UnitQty>
      <Quantity>200</Quantity>
      <UnitMeasure>גרם</UnitMeasure>
      <BisWeighted>0</BisWeighted>
      <QtyInPackage>1</QtyInPackage>
      <ItemPrice>23.90</ItemPrice>
      <UnitOfMeasurePrice>11.95</UnitOfMeasurePrice>
      <AllowDiscount>0</AllowDiscount>
      <itemStatus>1</itemStatus>
      <LastUpdateDate />
      <LastUpdateTime />
    </Product>
    <Product>
      <PriceUpdateDate>2016/09/21 08:31</PriceUpdateDate>
      <ItemCode>7290014094659</ItemCode>
      <ItemType>1</ItemType>
      <ItemName>אגוזי לוז טבעיים ששון הקולה (250 גרם)</ItemName>
      <ManufactureName>דין שיווק וקליה בעמ</ManufactureName>
      <ManufactureCountry />
      <ManufactureItemDescription />
      <UnitQty>יח`</UnitQty>
      <Quantity>250</Quantity>
      <UnitMeasure>גרם</UnitMeasure>
      <BisWeighted>0</BisWeighted>
      <QtyInPackage>1</QtyInPackage>
      <ItemPrice>24.90</ItemPrice>
      <UnitOfMeasurePrice>9.96</UnitOfMeasurePrice>
      <AllowDiscount>0</AllowDiscount>
      <itemStatus>1</itemStatus>
      <LastUpdateDate />
      <LastUpdateTime />
    </Product>
    <Product>
      <PriceUpdateDate>2020/01/06 10:43</PriceUpdateDate>
      <ItemCode>7290014094796</ItemCode>
      <ItemType>1</ItemType>
      <ItemName>שקדיה משמש ג 300</ItemName>
      <ManufactureName>דין שיווק וקליה בעמ</ManufactureName>
      <ManufactureCountry />
      <ManufactureItemDescription />
      <UnitQty>יח`</UnitQty>
      <Quantity>1</Quantity>
      <UnitMeasure />
      <BisWeighted>0</BisWeighted>
      <QtyInPackage>1</QtyInPackage>
      <ItemPrice>12.90</ItemPrice>
      <UnitOfMeasurePrice>12.90</UnitOfMeasurePrice>
      <AllowDiscount>0</AllowDiscount>
      <itemStatus>1</itemStatus>
      <LastUpdateDate />
      <LastUpdateTime />
    </Product>
    <Product>
      <PriceUpdateDate>2020/01/06 10:43</PriceUpdateDate>
      <ItemCode>7290014094802</ItemCode>
      <ItemType>1</ItemType>
      <ItemName>שזיפים מיובשים 300 גר</ItemName>
      <ManufactureName>דין שיווק וקליה בעמ</ManufactureName>
      <ManufactureCountry />
      <ManufactureItemDescription />
      <UnitQty>יח`</UnitQty>
      <Quantity>300</Quantity>
      <UnitMeasure>גרם</UnitMeasure>
      <BisWeighted>0</BisWeighted>
      <QtyInPackage>1</QtyInPackage>
      <ItemPrice>12.90</ItemPrice>
      <UnitOfMeasurePrice>4.30</UnitOfMeasurePrice>
      <AllowDiscount>0</AllowDiscount>
      <itemStatus>1</itemStatus>
      <LastUpdateDate />
      <LastUpdateTime />
    </Product>
    <Product>
      <PriceUpdateDate>2020/01/06 10:43</PriceUpdateDate>
      <ItemCode>7290014094826</ItemCode>
      <ItemType>1</ItemType>
      <ItemName>שזיפים ללא גלעין 300 גר</ItemName>
      <ManufactureName>דין שיווק וקליה בעמ</ManufactureName>
      <ManufactureCountry />
      <ManufactureItemDescription />
      <UnitQty>יח`</UnitQty>
      <Quantity>300</Quantity>
      <UnitMeasure>גרם</UnitMeasure>
      <BisWeighted>0</BisWeighted>
      <QtyInPackage>1</QtyInPackage>
      <ItemPrice>13.90</ItemPrice>
      <UnitOfMeasurePrice>4.63</UnitOfMeasurePrice>
      <AllowDiscount>0</AllowDiscount>
      <itemStatus>1</itemStatus>
      <LastUpdateDate />
      <LastUpdateTime />
    </Product>
    <Product>
      <PriceUpdateDate>2019/12/23 12:16</PriceUpdateDate>
      <ItemCode>7290014094840</ItemCode>
      <ItemType>1</ItemType>
      <ItemName>צימוק חום 300 גר ששון הקולה</ItemName>
      <ManufactureName>דין שיווק וקליה בעמ</ManufactureName>
      <ManufactureCountry />
      <ManufactureItemDescription />
      <UnitQty>יח`</UnitQty>
      <Quantity>300</Quantity>
      <UnitMeasure>גרם</UnitMeasure>
      <BisWeighted>0</BisWeighted>
      <QtyInPackage>1</QtyInPackage>
      <ItemPrice>10.90</ItemPrice>
      <UnitOfMeasurePrice>3.63</UnitOfMeasurePrice>
      <AllowDiscount>0</AllowDiscount>
      <itemStatus>1</itemStatus>
      <LastUpdateDate />
      <LastUpdateTime />
    </Product>
    <Product>
      <PriceUpdateDate>2019/12/23 12:16</PriceUpdateDate>
      <ItemCode>7290014094857</ItemCode>
      <ItemType>1</ItemType>
      <ItemName>פקאן סיני 150 גר`</ItemName>
      <ManufactureName>דין שיווק וקליה בעמ</ManufactureName>
      <ManufactureCountry />
      <ManufactureItemDescription />
      <UnitQty>יח`</UnitQty>
      <Quantity>150</Quantity>
      <UnitMeasure>גרם</UnitMeasure>
      <BisWeighted>0</BisWeighted>
      <QtyInPackage>1</QtyInPackage>
      <ItemPrice>17.90</ItemPrice>
      <UnitOfMeasurePrice>11.93</UnitOfMeasurePrice>
      <AllowDiscount>0</AllowDiscount>
      <itemStatus>1</itemStatus>
      <LastUpdateDate />
      <LastUpdateTime />
    </Product>
    <Product>
      <PriceUpdateDate>2019/08/08 08:31</PriceUpdateDate>
      <ItemCode>7290014094864</ItemCode>
      <ItemType>1</ItemType>
      <ItemName>פיסטוק קלוי 170  גר`ששון הקולה</ItemName>
      <ManufactureName>דין שיווק וקליה בעמ</ManufactureName>
      <ManufactureCountry />
      <ManufactureItemDescription />
      <UnitQty>יח`</UnitQty>
      <Quantity>170</Quantity>
      <UnitMeasure>גרם</UnitMeasure>
      <BisWeighted>0</BisWeighted>
      <QtyInPackage>1</QtyInPackage>
      <ItemPrice>16.90</ItemPrice>
      <UnitOfMeasurePrice>9.94</UnitOfMeasurePrice>
      <AllowDiscount>0</AllowDiscount>
      <itemStatus>1</itemStatus>
      <LastUpdateDate />
      <LastUpdateTime />
    </Product>
    <Product>
      <PriceUpdateDate>2019/08/04 12:55</PriceUpdateDate>
      <ItemCode>7290014094895</ItemCode>
      <ItemType>1</ItemType>
      <ItemName>אגוזי מלך קלופים ששון הקולה (150 גרם)</ItemName>
      <ManufactureName>דין שיווק וקליה בעמ</ManufactureName>
      <ManufactureCountry />
      <ManufactureItemDescription />
      <UnitQty>יח`</UnitQty>
      <Quantity>150</Quantity>
      <UnitMeasure>גרם</UnitMeasure>
      <BisWeighted>0</BisWeighted>
      <QtyInPackage>1</QtyInPackage>
      <ItemPrice>10.90</ItemPrice>
      <UnitOfMeasurePrice>7.27</UnitOfMeasurePrice>
      <AllowDiscount>0</AllowDiscount>
      <itemStatus>1</itemStatus>
      <LastUpdateDate />
      <LastUpdateTime />
    </Product>
    <Product>
      <PriceUpdateDate>2018/01/02 09:35</PriceUpdateDate>
      <ItemCode>7290014094901</ItemCode>
      <ItemType>1</ItemType>
      <ItemName>פקאן טבעי 150 גר`</ItemName>
      <ManufactureName>דין שיווק וקליה בעמ</ManufactureName>
      <ManufactureCountry />
      <ManufactureItemDescription />
      <UnitQty>יח`</UnitQty>
      <Quantity>150</Quantity>
      <UnitMeasure>גרם</UnitMeasure>
      <BisWeighted>0</BisWeighted>
      <QtyInPackage>1</QtyInPackage>
      <ItemPrice>19.90</ItemPrice>
      <UnitOfMeasurePrice>13.27</UnitOfMeasurePrice>
      <AllowDiscount>0</AllowDiscount>
      <itemStatus>1</itemStatus>
      <LastUpdateDate />
      <LastUpdateTime />
    </Product>
    <Product>
      <PriceUpdateDate>2015/05/07 09:04</PriceUpdateDate>
      <ItemCode>7290014095861</ItemCode>
      <ItemType>1</ItemType>
      <ItemName>שיבולת שועל דקה שקדיה (500 גרם)</ItemName>
      <ManufactureName>דין שיווק וקליה בעמ</ManufactureName>
      <ManufactureCountry />
      <ManufactureItemDescription />
      <UnitQty>יח`</UnitQty>
      <Quantity>500</Quantity>
      <UnitMeasure>גרם</UnitMeasure>
      <BisWeighted>0</BisWeighted>
      <QtyInPackage>1</QtyInPackage>
      <ItemPrice>5.90</ItemPrice>
      <UnitOfMeasurePrice>1.18</UnitOfMeasurePrice>
      <AllowDiscount>1</AllowDiscount>
      <itemStatus>1</itemStatus>
      <LastUpdateDate />
      <LastUpdateTime />
    </Product>
    <Product>
      <PriceUpdateDate>2015/05/07 09:04</PriceUpdateDate>
      <ItemCode>7290014095960</ItemCode>
      <ItemType>1</ItemType>
      <ItemName>שיבולת שועל עבה שקדיה (500 גרם)</ItemName>
      <ManufactureName>דין שיווק וקליה בעמ</ManufactureName>
      <ManufactureCountry />
      <ManufactureItemDescription />
      <UnitQty>יח`</UnitQty>
      <Quantity>500</Quantity>
      <UnitMeasure>גרם</UnitMeasure>
      <BisWeighted>0</BisWeighted>
      <QtyInPackage>1</QtyInPackage>
      <ItemPrice>5.90</ItemPrice>
      <UnitOfMeasurePrice>1.18</UnitOfMeasurePrice>
      <AllowDiscount>1</AllowDiscount>
      <itemStatus>1</itemStatus>
      <LastUpdateDate />
      <LastUpdateTime />
    </Product>
    <Product>
      <PriceUpdateDate>2015/12/14 13:16</PriceUpdateDate>
      <ItemCode>7290014126343</ItemCode>
      <ItemType>1</ItemType>
      <ItemName>בישקוטים וניל קקאו בונומי (200 גרם)</ItemName>
      <ManufactureName>דנשר (1963) בעמ</ManufactureName>
      <ManufactureCountry />
      <ManufactureItemDescription />
      <UnitQty>יח`</UnitQty>
      <Quantity>200</Quantity>
      <UnitMeasure>גרם</UnitMeasure>
      <BisWeighted>0</BisWeighted>
      <QtyInPackage>1</QtyInPackage>
      <ItemPrice>7.90</ItemPrice>
      <UnitOfMeasurePrice>3.95</UnitOfMeasurePrice>
      <AllowDiscount>1</AllowDiscount>
      <itemStatus>1</itemStatus>
      <LastUpdateDate />
      <LastUpdateTime />
    </Product>
    <Product>
      <PriceUpdateDate>2017/08/17 07:38</PriceUpdateDate>
      <ItemCode>7290014126473</ItemCode>
      <ItemType>1</ItemType>
      <ItemName>נגיסי אורז לתינוק תפוח</ItemName>
      <ManufactureName>דנשר (1963) בעמ</ManufactureName>
      <ManufactureCountry />
      <ManufactureItemDescription />
      <UnitQty>יח`</UnitQty>
      <Quantity>1</Quantity>
      <UnitMeasure />
      <BisWeighted>0</BisWeighted>
      <QtyInPackage>1</QtyInPackage>
      <ItemPrice>13.90</ItemPrice>
      <UnitOfMeasurePrice>13.90</UnitOfMeasurePrice>
      <AllowDiscount>0</AllowDiscount>
      <itemStatus>1</itemStatus>
      <LastUpdateDate />
      <LastUpdateTime />
    </Product>
    <Product>
      <PriceUpdateDate>2015/12/01 15:22</PriceUpdateDate>
      <ItemCode>7290014126718</ItemCode>
      <ItemType>1</ItemType>
      <ItemName>מואי עוגיות קקאו ושוקולד עם קרם ברולה</ItemName>
      <ManufactureName>דנשר (1963) בעמ</ManufactureName>
      <ManufactureCountry />
      <ManufactureItemDescription />
      <UnitQty>יח`</UnitQty>
      <Quantity>180</Quantity>
      <UnitMeasure>גרם</UnitMeasure>
      <BisWeighted>0</BisWeighted>
      <QtyInPackage>1</QtyInPackage>
      <ItemPrice>17.90</ItemPrice>
      <UnitOfMeasurePrice>9.94</UnitOfMeasurePrice>
      <AllowDiscount>1</AllowDiscount>
      <itemStatus>1</itemStatus>
      <LastUpdateDate />
      <LastUpdateTime />
    </Product>
    <Product>
      <PriceUpdateDate>2015/10/15 08:19</PriceUpdateDate>
      <ItemCode>7290014204645</ItemCode>
      <ItemType>1</ItemType>
      <ItemName>שמפו לאחר החלקה 750 מל פנינה רוזנבלום</ItemName>
      <ManufactureName>פנינה רוזנבלום בעמ</ManufactureName>
      <ManufactureCountry />
      <ManufactureItemDescription />
      <UnitQty>יח`</UnitQty>
      <Quantity>750</Quantity>
      <UnitMeasure>מ"ל</UnitMeasure>
      <BisWeighted>0</BisWeighted>
      <QtyInPackage>1</QtyInPackage>
      <ItemPrice>29.90</ItemPrice>
      <UnitOfMeasurePrice>3.99</UnitOfMeasurePrice>
      <AllowDiscount>1</AllowDiscount>
      <itemStatus>1</itemStatus>
      <LastUpdateDate />
      <LastUpdateTime />
    </Product>
    <Product>
      <PriceUpdateDate>2015/10/15 08:19</PriceUpdateDate>
      <ItemCode>7290014204676</ItemCode>
      <ItemType>1</ItemType>
      <ItemName>מסיכה לאחר החלקה 500 מל פנינה רוזנבלום</ItemName>
      <ManufactureName>פנינה רוזנבלום בעמ</ManufactureName>
      <ManufactureCountry />
      <ManufactureItemDescription />
      <UnitQty>יח`</UnitQty>
      <Quantity>500</Quantity>
      <UnitMeasure>מ"ל</UnitMeasure>
      <BisWeighted>0</BisWeighted>
      <QtyInPackage>1</QtyInPackage>
      <ItemPrice>34.90</ItemPrice>
      <UnitOfMeasurePrice>6.98</UnitOfMeasurePrice>
      <AllowDiscount>1</AllowDiscount>
      <itemStatus>1</itemStatus>
      <LastUpdateDate />
      <LastUpdateTime />
    </Product>
    <Product>
      <PriceUpdateDate>2018/02/15 13:21</PriceUpdateDate>
      <ItemCode>7290014217140</ItemCode>
      <ItemType>1</ItemType>
      <ItemName>ראס אל חנות 100 גר`</ItemName>
      <ManufactureName>תבליני טעם וריח בעמ</ManufactureName>
      <ManufactureCountry />
      <ManufactureItemDescription />
      <UnitQty>יח`</UnitQty>
      <Quantity>100</Quantity>
      <UnitMeasure>גרם</UnitMeasure>
      <BisWeighted>0</BisWeighted>
      <QtyInPackage>1</QtyInPackage>
      <ItemPrice>8.90</ItemPrice>
      <UnitOfMeasurePrice>8.90</UnitOfMeasurePrice>
      <AllowDiscount>0</AllowDiscount>
      <itemStatus>1</itemStatus>
      <LastUpdateDate />
      <LastUpdateTime />
    </Product>
    <Product>
      <PriceUpdateDate>2018/02/15 13:21</PriceUpdateDate>
      <ItemCode>7290014217157</ItemCode>
      <ItemType>1</ItemType>
      <ItemName>תיבול טוסקנה 120 גר`</ItemName>
      <ManufactureName>תבליני טעם וריח בעמ</ManufactureName>
      <ManufactureCountry />
      <ManufactureItemDescription />
      <UnitQty>יח`</UnitQty>
      <Quantity>120</Quantity>
      <UnitMeasure>גרם</UnitMeasure>
      <BisWeighted>0</BisWeighted>
      <QtyInPackage>1</QtyInPackage>
      <ItemPrice>8.90</ItemPrice>
      <UnitOfMeasurePrice>7.42</UnitOfMeasurePrice>
      <AllowDiscount>0</AllowDiscount>
      <itemStatus>1</itemStatus>
      <LastUpdateDate />
      <LastUpdateTime />
    </Product>
    <Product>
      <PriceUpdateDate>2018/02/14 14:08</PriceUpdateDate>
      <ItemCode>7290014217225</ItemCode>
      <ItemType>1</ItemType>
      <ItemName>גריל עוף 120 גר`</ItemName>
      <ManufactureName>תבליני טעם וריח בעמ</ManufactureName>
      <ManufactureCountry />
      <ManufactureItemDescription />
      <UnitQty>יח`</UnitQty>
      <Quantity>120</Quantity>
      <UnitMeasure>גרם</UnitMeasure>
      <BisWeighted>0</BisWeighted>
      <QtyInPackage>1</QtyInPackage>
      <ItemPrice>8.90</ItemPrice>
      <UnitOfMeasurePrice>7.42</UnitOfMeasurePrice>
      <AllowDiscount>0</AllowDiscount>
      <itemStatus>1</itemStatus>
      <LastUpdateDate />
      <LastUpdateTime />
    </Product>
    <Product>
      <PriceUpdateDate>2018/02/15 13:21</PriceUpdateDate>
      <ItemCode>7290014217263</ItemCode>
      <ItemType>1</ItemType>
      <ItemName>תיבול לפרגית 100 גר`</ItemName>
      <ManufactureName>תבליני טעם וריח בעמ</ManufactureName>
      <ManufactureCountry />
      <ManufactureItemDescription />
      <UnitQty>יח`</UnitQty>
      <Quantity>100</Quantity>
      <UnitMeasure>גרם</UnitMeasure>
      <BisWeighted>0</BisWeighted>
      <QtyInPackage>1</QtyInPackage>
      <ItemPrice>8.90</ItemPrice>
      <UnitOfMeasurePrice>8.90</UnitOfMeasurePrice>
      <AllowDiscount>0</AllowDiscount>
      <itemStatus>1</itemStatus>
      <LastUpdateDate />
      <LastUpdateTime />
    </Product>
    <Product>
      <PriceUpdateDate>2018/02/15 13:21</PriceUpdateDate>
      <ItemCode>7290014217348</ItemCode>
      <ItemType>1</ItemType>
      <ItemName>צ`ילי כתוש 70 גר`</ItemName>
      <ManufactureName>תבליני טעם וריח בעמ</ManufactureName>
      <ManufactureCountry />
      <ManufactureItemDescription />
      <UnitQty>יח`</UnitQty>
      <Quantity>70</Quantity>
      <UnitMeasure>גרם</UnitMeasure>
      <BisWeighted>0</BisWeighted>
      <QtyInPackage>1</QtyInPackage>
      <ItemPrice>8.90</ItemPrice>
      <UnitOfMeasurePrice>12.71</UnitOfMeasurePrice>
      <AllowDiscount>0</AllowDiscount>
      <itemStatus>1</itemStatus>
      <LastUpdateDate />
      <LastUpdateTime />
    </Product>
    <Product>
      <PriceUpdateDate>2018/02/15 13:21</PriceUpdateDate>
      <ItemCode>7290014217362</ItemCode>
      <ItemType>1</ItemType>
      <ItemName>תיבול לקציצות 100 גר`</ItemName>
      <ManufactureName>תבליני טעם וריח בעמ</ManufactureName>
      <ManufactureCountry />
      <ManufactureItemDescription />
      <UnitQty>יח`</UnitQty>
      <Quantity>100</Quantity>
      <UnitMeasure>גרם</UnitMeasure>
      <BisWeighted>0</BisWeighted>
      <QtyInPackage>1</QtyInPackage>
      <ItemPrice>8.90</ItemPrice>
      <UnitOfMeasurePrice>8.90</UnitOfMeasurePrice>
      <AllowDiscount>0</AllowDiscount>
      <itemStatus>1</itemStatus>
      <LastUpdateDate />
      <LastUpdateTime />
    </Product>
    <Product>
      <PriceUpdateDate>2018/02/15 13:21</PriceUpdateDate>
      <ItemCode>7290014217478</ItemCode>
      <ItemType>1</ItemType>
      <ItemName>תערובת עשבי תיבול 30 גר`</ItemName>
      <ManufactureName>תבליני טעם וריח בעמ</ManufactureName>
      <ManufactureCountry />
      <ManufactureItemDescription />
      <UnitQty>יח`</UnitQty>
      <Quantity>30</Quantity>
      <UnitMeasure>גרם</UnitMeasure>
      <BisWeighted>0</BisWeighted>
      <QtyInPackage>1</QtyInPackage>
      <ItemPrice>8.90</ItemPrice>
      <UnitOfMeasurePrice>29.67</UnitOfMeasurePrice>
      <AllowDiscount>0</AllowDiscount>
      <itemStatus>1</itemStatus>
      <LastUpdateDate />
      <LastUpdateTime />
    </Product>
    <Product>
      <PriceUpdateDate>2018/07/19 20:08</PriceUpdateDate>
      <ItemCode>7290014217522</ItemCode>
      <ItemType>1</ItemType>
      <ItemName>לחם שום תערובת מיכל 100 גר` טעם וריח</ItemName>
      <ManufactureName>תבליני טעם וריח בעמ</ManufactureName>
      <ManufactureCountry />
      <ManufactureItemDescription />
      <UnitQty>יח`</UnitQty>
      <Quantity>100</Quantity>
      <UnitMeasure>גרם</UnitMeasure>
      <BisWeighted>0</BisWeighted>
      <QtyInPackage>1</QtyInPackage>
      <ItemPrice>10.90</ItemPrice>
      <UnitOfMeasurePrice>10.90</UnitOfMeasurePrice>
      <AllowDiscount>0</AllowDiscount>
      <itemStatus>1</itemStatus>
      <LastUpdateDate />
      <LastUpdateTime />
    </Product>
    <Product>
      <PriceUpdateDate>2017/04/23 07:30</PriceUpdateDate>
      <ItemCode>7290014218505</ItemCode>
      <ItemType>1</ItemType>
      <ItemName>פיצות 360  גר`שלישייה מעדנות</ItemName>
      <ManufactureName>תנובה קפואים</ManufactureName>
      <ManufactureCountry />
      <ManufactureItemDescription />
      <UnitQty>יח`</UnitQty>
      <Quantity>1080</Quantity>
      <UnitMeasure>גרם</UnitMeasure>
      <BisWeighted>0</BisWeighted>
      <QtyInPackage>1</QtyInPackage>
      <ItemPrice>29.90</ItemPrice>
      <UnitOfMeasurePrice>2.77</UnitOfMeasurePrice>
      <AllowDiscount>0</AllowDiscount>
      <itemStatus>1</itemStatus>
      <LastUpdateDate />
      <LastUpdateTime />
    </Product>
    <Product>
      <PriceUpdateDate>2017/09/07 08:32</PriceUpdateDate>
      <ItemCode>7290014258730</ItemCode>
      <ItemType>1</ItemType>
      <ItemName>מטרנה צמחי 700 גר מגיל שנה</ItemName>
      <ManufactureName>קבוצת אסם סחר שות. מוגבלת</ManufactureName>
      <ManufactureCountry />
      <ManufactureItemDescription />
      <UnitQty>יח`</UnitQty>
      <Quantity>700</Quantity>
      <UnitMeasure>גרם</UnitMeasure>
      <BisWeighted>0</BisWeighted>
      <QtyInPackage>1</QtyInPackage>
      <ItemPrice>59.90</ItemPrice>
      <UnitOfMeasurePrice>8.56</UnitOfMeasurePrice>
      <AllowDiscount>0</AllowDiscount>
      <itemStatus>1</itemStatus>
      <LastUpdateDate />
      <LastUpdateTime />
    </Product>
    <Product>
      <PriceUpdateDate>2016/06/16 11:01</PriceUpdateDate>
      <ItemCode>7290014258877</ItemCode>
      <ItemType>1</ItemType>
      <ItemName>מטרנה מהדרין ספיישל 700 גרם</ItemName>
      <ManufactureName>קבוצת אסם סחר שות. מוגבלת</ManufactureName>
      <ManufactureCountry />
      <ManufactureItemDescription />
      <UnitQty>יח`</UnitQty>
      <Quantity>700</Quantity>
      <UnitMeasure>גרם</UnitMeasure>
      <BisWeighted>0</BisWeighted>
      <QtyInPackage>1</QtyInPackage>
      <ItemPrice>69.90</ItemPrice>
      <UnitOfMeasurePrice>9.99</UnitOfMeasurePrice>
      <AllowDiscount>0</AllowDiscount>
      <itemStatus>1</itemStatus>
      <LastUpdateDate />
      <LastUpdateTime />
    </Product>
    <Product>
      <PriceUpdateDate>2016/04/06 12:47</PriceUpdateDate>
      <ItemCode>7290014325036</ItemCode>
      <ItemType>1</ItemType>
      <ItemName>סוכריות ג`לי שמחה</ItemName>
      <ManufactureName>מיה תעשיות מזון מ.ת.מ. בעמ</ManufactureName>
      <ManufactureCountry />
      <ManufactureItemDescription />
      <UnitQty>יח`</UnitQty>
      <Quantity>1</Quantity>
      <UnitMeasure />
      <BisWeighted>0</BisWeighted>
      <QtyInPackage>1</QtyInPackage>
      <ItemPrice>19.90</ItemPrice>
      <UnitOfMeasurePrice>19.90</UnitOfMeasurePrice>
      <AllowDiscount>0</AllowDiscount>
      <itemStatus>1</itemStatus>
      <LastUpdateDate />
      <LastUpdateTime />
    </Product>
    <Product>
      <PriceUpdateDate>2015/12/01 16:31</PriceUpdateDate>
      <ItemCode>7290014325050</ItemCode>
      <ItemType>1</ItemType>
      <ItemName>קורנפלור מיה (500 גרם)</ItemName>
      <ManufactureName>מיה תעשיות מזון מ.ת.מ. בעמ</ManufactureName>
      <ManufactureCountry />
      <ManufactureItemDescription />
      <UnitQty>יח`</UnitQty>
      <Quantity>500</Quantity>
      <UnitMeasure>גרם</UnitMeasure>
      <BisWeighted>0</BisWeighted>
      <QtyInPackage>1</QtyInPackage>
      <ItemPrice>8.90</ItemPrice>
      <UnitOfMeasurePrice>1.78</UnitOfMeasurePrice>
      <AllowDiscount>1</AllowDiscount>
      <itemStatus>1</itemStatus>
      <LastUpdateDate />
      <LastUpdateTime />
    </Product>
    <Product>
      <PriceUpdateDate>2017/12/13 09:53</PriceUpdateDate>
      <ItemCode>7290014397163</ItemCode>
      <ItemType>1</ItemType>
      <ItemName>סנו פרש אוטומטיק פלורל</ItemName>
      <ManufactureName>החברה הדרומית לשיווק בעמ</ManufactureName>
      <ManufactureCountry />
      <ManufactureItemDescription />
      <UnitQty>יח`</UnitQty>
      <Quantity>250</Quantity>
      <UnitMeasure>מ"ל</UnitMeasure>
      <BisWeighted>0</BisWeighted>
      <QtyInPackage>1</QtyInPackage>
      <ItemPrice>13.90</ItemPrice>
      <UnitOfMeasurePrice>5.56</UnitOfMeasurePrice>
      <AllowDiscount>0</AllowDiscount>
      <itemStatus>1</itemStatus>
      <LastUpdateDate />
      <LastUpdateTime />
    </Product>
    <Product>
      <PriceUpdateDate>2018/01/10 11:24</PriceUpdateDate>
      <ItemCode>7290014397279</ItemCode>
      <ItemType>1</ItemType>
      <ItemName>שקיות מזון סנו סושי (300)</ItemName>
      <ManufactureName>החברה הדרומית לשיווק בעמ</ManufactureName>
      <ManufactureCountry />
      <ManufactureItemDescription />
      <UnitQty>יח`</UnitQty>
      <Quantity>1</Quantity>
      <UnitMeasure />
      <BisWeighted>0</BisWeighted>
      <QtyInPackage>1</QtyInPackage>
      <ItemPrice>11.90</ItemPrice>
      <UnitOfMeasurePrice>11.90</UnitOfMeasurePrice>
      <AllowDiscount>1</AllowDiscount>
      <itemStatus>1</itemStatus>
      <LastUpdateDate />
      <LastUpdateTime />
    </Product>
    <Product>
      <PriceUpdateDate>2018/01/10 11:24</PriceUpdateDate>
      <ItemCode>7290014397453</ItemCode>
      <ItemType>1</ItemType>
      <ItemName>אוקסיג`ן ג`ל 3 ליטר כביסה לבנה</ItemName>
      <ManufactureName>החברה הדרומית לשיווק בעמ</ManufactureName>
      <ManufactureCountry />
      <ManufactureItemDescription />
      <UnitQty>יח`</UnitQty>
      <Quantity>3</Quantity>
      <UnitMeasure>1 ליטר</UnitMeasure>
      <BisWeighted>0</BisWeighted>
      <QtyInPackage>1</QtyInPackage>
      <ItemPrice>29.90</ItemPrice>
      <UnitOfMeasurePrice>9.97</UnitOfMeasurePrice>
      <AllowDiscount>1</AllowDiscount>
      <itemStatus>1</itemStatus>
      <LastUpdateDate />
      <LastUpdateTime />
    </Product>
    <Product>
      <PriceUpdateDate>2017/10/30 10:21</PriceUpdateDate>
      <ItemCode>7290014397514</ItemCode>
      <ItemType>1</ItemType>
      <ItemName>סנופרש הום נטול גז 350 מל בניחוח כותנה</ItemName>
      <ManufactureName>החברה הדרומית לשיווק בעמ</ManufactureName>
      <ManufactureCountry />
      <ManufactureItemDescription />
      <UnitQty>יח`</UnitQty>
      <Quantity>350</Quantity>
      <UnitMeasure>מ"ל</UnitMeasure>
      <BisWeighted>0</BisWeighted>
      <QtyInPackage>1</QtyInPackage>
      <ItemPrice>14.90</ItemPrice>
      <UnitOfMeasurePrice>4.26</UnitOfMeasurePrice>
      <AllowDiscount>0</AllowDiscount>
      <itemStatus>1</itemStatus>
      <LastUpdateDate />
      <LastUpdateTime />
    </Product>
    <Product>
      <PriceUpdateDate>2019/02/03 12:17</PriceUpdateDate>
      <ItemCode>7290014397675</ItemCode>
      <ItemType>1</ItemType>
      <ItemName>מקסימה מרכך חלב ודבש סנו (4 ליטר)</ItemName>
      <ManufactureName>החברה הדרומית לשיווק בעמ</ManufactureName>
      <ManufactureCountry />
      <ManufactureItemDescription />
      <UnitQty>יח`</UnitQty>
      <Quantity>4</Quantity>
      <UnitMeasure>1 ליטר</UnitMeasure>
      <BisWeighted>0</BisWeighted>
      <QtyInPackage>1</QtyInPackage>
      <ItemPrice>19.90</ItemPrice>
      <UnitOfMeasurePrice>4.98</UnitOfMeasurePrice>
      <AllowDiscount>0</AllowDiscount>
      <itemStatus>1</itemStatus>
      <LastUpdateDate />
      <LastUpdateTime />
    </Product>
    <Product>
      <PriceUpdateDate>2019/02/03 12:17</PriceUpdateDate>
      <ItemCode>7290014397736</ItemCode>
      <ItemType>1</ItemType>
      <ItemName>מקסימה מרכך פריחה לבנה סנו (4 ליטר)</ItemName>
      <ManufactureName>החברה הדרומית לשיווק בעמ</ManufactureName>
      <ManufactureCountry />
      <ManufactureItemDescription />
      <UnitQty>יח`</UnitQty>
      <Quantity>4</Quantity>
      <UnitMeasure>1 ליטר</UnitMeasure>
      <BisWeighted>0</BisWeighted>
      <QtyInPackage>1</QtyInPackage>
      <ItemPrice>19.90</ItemPrice>
      <UnitOfMeasurePrice>4.98</UnitOfMeasurePrice>
      <AllowDiscount>0</AllowDiscount>
      <itemStatus>1</itemStatus>
      <LastUpdateDate />
      <LastUpdateTime />
    </Product>
    <Product>
      <PriceUpdateDate>2018/08/08 15:38</PriceUpdateDate>
      <ItemCode>7290014397767</ItemCode>
      <ItemType>1</ItemType>
      <ItemName>ריצפז פרש הום 2 ליטר</ItemName>
      <ManufactureName>החברה הדרומית לשיווק בעמ</ManufactureName>
      <ManufactureCountry />
      <ManufactureItemDescription />
      <UnitQty>יח`</UnitQty>
      <Quantity>2</Quantity>
      <UnitMeasure>1 ליטר</UnitMeasure>
      <BisWeighted>0</BisWeighted>
      <QtyInPackage>1</QtyInPackage>
      <ItemPrice>19.90</ItemPrice>
      <UnitOfMeasurePrice>9.95</UnitOfMeasurePrice>
      <AllowDiscount>0</AllowDiscount>
      <itemStatus>1</itemStatus>
      <LastUpdateDate />
      <LastUpdateTime />
    </Product>
    <Product>
      <PriceUpdateDate>2015/04/24 08:12</PriceUpdateDate>
      <ItemCode>7290014397842</ItemCode>
      <ItemType>1</ItemType>
      <ItemName>דוחה יתושים סנומט (90לילות)</ItemName>
      <ManufactureName>החברה הדרומית לשיווק בעמ</ManufactureName>
      <ManufactureCountry />
      <ManufactureItemDescription />
      <UnitQty>יח`</UnitQty>
      <Quantity>1</Quantity>
      <UnitMeasure />
      <BisWeighted>0</BisWeighted>
      <QtyInPackage>1</QtyInPackage>
      <ItemPrice>49.90</ItemPrice>
      <UnitOfMeasurePrice>49.90</UnitOfMeasurePrice>
      <AllowDiscount>0</AllowDiscount>
      <itemStatus>1</itemStatus>
      <LastUpdateDate />
      <LastUpdateTime />
    </Product>
    <Product>
      <PriceUpdateDate>2019/10/17 09:44</PriceUpdateDate>
      <ItemCode>7290014397873</ItemCode>
      <ItemType>1</ItemType>
      <ItemName>סנו מקסימה מרכך כביסה 4 ליטר gentle bree</ItemName>
      <ManufactureName>החברה הדרומית לשיווק בעמ</ManufactureName>
      <ManufactureCountry />
      <ManufactureItemDescription />
      <UnitQty>יח`</UnitQty>
      <Quantity>1</Quantity>
      <UnitMeasure />
      <BisWeighted>0</BisWeighted>
      <QtyInPackage>1</QtyInPackage>
      <ItemPrice>19.90</ItemPrice>
      <UnitOfMeasurePrice>19.90</UnitOfMeasurePrice>
      <AllowDiscount>0</AllowDiscount>
      <itemStatus>1</itemStatus>
      <LastUpdateDate />
      <LastUpdateTime />
    </Product>
    <Product>
      <PriceUpdateDate>2016/03/30 08:42</PriceUpdateDate>
      <ItemCode>7290014435803</ItemCode>
      <ItemType>1</ItemType>
      <ItemName>מטיאס הולנדי פרובנציאל עם בצל בשמן 200</ItemName>
      <ManufactureName>סלטי שמיר 2006 בעמ</ManufactureName>
      <ManufactureCountry />
      <ManufactureItemDescription />
      <UnitQty>יח`</UnitQty>
      <Quantity>200</Quantity>
      <UnitMeasure>גרם</UnitMeasure>
      <BisWeighted>0</BisWeighted>
      <QtyInPackage>1</QtyInPackage>
      <ItemPrice>15.90</ItemPrice>
      <UnitOfMeasurePrice>7.95</UnitOfMeasurePrice>
      <AllowDiscount>0</AllowDiscount>
      <itemStatus>1</itemStatus>
      <LastUpdateDate />
      <LastUpdateTime />
    </Product>
    <Product>
      <PriceUpdateDate>2016/03/30 08:42</PriceUpdateDate>
      <ItemCode>7290014435810</ItemCode>
      <ItemType>1</ItemType>
      <ItemName>הרינג כבוש עם בצל במרינת חמוץ מתוק 220 ג</ItemName>
      <ManufactureName>סלטי שמיר 2006 בעמ</ManufactureName>
      <ManufactureCountry />
      <ManufactureItemDescription />
      <UnitQty>יח`</UnitQty>
      <Quantity>220</Quantity>
      <UnitMeasure>גרם</UnitMeasure>
      <BisWeighted>0</BisWeighted>
      <QtyInPackage>1</QtyInPackage>
      <ItemPrice>15.90</ItemPrice>
      <UnitOfMeasurePrice>7.23</UnitOfMeasurePrice>
      <AllowDiscount>0</AllowDiscount>
      <itemStatus>1</itemStatus>
      <LastUpdateDate />
      <LastUpdateTime />
    </Product>
    <Product>
      <PriceUpdateDate>2016/03/30 08:42</PriceUpdateDate>
      <ItemCode>7290014435834</ItemCode>
      <ItemType>1</ItemType>
      <ItemName>מקרל מעושן פרוס בשמן 190 גר</ItemName>
      <ManufactureName>סלטי שמיר 2006 בעמ</ManufactureName>
      <ManufactureCountry />
      <ManufactureItemDescription />
      <UnitQty>יח`</UnitQty>
      <Quantity>190</Quantity>
      <UnitMeasure>גרם</UnitMeasure>
      <BisWeighted>0</BisWeighted>
      <QtyInPackage>1</QtyInPackage>
      <ItemPrice>18.90</ItemPrice>
      <UnitOfMeasurePrice>9.95</UnitOfMeasurePrice>
      <AllowDiscount>0</AllowDiscount>
      <itemStatus>1</itemStatus>
      <LastUpdateDate />
      <LastUpdateTime />
    </Product>
    <Product>
      <PriceUpdateDate>2016/03/30 08:42</PriceUpdateDate>
      <ItemCode>7290014435841</ItemCode>
      <ItemType>1</ItemType>
      <ItemName>פילה מטיאס  הולנדי בשמן 200 גר</ItemName>
      <ManufactureName>סלטי שמיר 2006 בעמ</ManufactureName>
      <ManufactureCountry />
      <ManufactureItemDescription />
      <UnitQty>יח`</UnitQty>
      <Quantity>200</Quantity>
      <UnitMeasure>גרם</UnitMeasure>
      <BisWeighted>0</BisWeighted>
      <QtyInPackage>1</QtyInPackage>
      <ItemPrice>15.90</ItemPrice>
      <UnitOfMeasurePrice>7.95</UnitOfMeasurePrice>
      <AllowDiscount>0</AllowDiscount>
      <itemStatus>1</itemStatus>
      <LastUpdateDate />
      <LastUpdateTime />
    </Product>
    <Product>
      <PriceUpdateDate>2018/10/10 11:10</PriceUpdateDate>
      <ItemCode>7290014455320</ItemCode>
      <ItemType>1</ItemType>
      <ItemName>כדורי מוצרלה פרסקה גד (100 גרם)</ItemName>
      <ManufactureName>מחלבות גד שיווק 1992 בעמ</ManufactureName>
      <ManufactureCountry />
      <ManufactureItemDescription />
      <UnitQty>יח`</UnitQty>
      <Quantity>100</Quantity>
      <UnitMeasure>גרם</UnitMeasure>
      <BisWeighted>0</BisWeighted>
      <QtyInPackage>1</QtyInPackage>
      <ItemPrice>8.90</ItemPrice>
      <UnitOfMeasurePrice>8.90</UnitOfMeasurePrice>
      <AllowDiscount>0</AllowDiscount>
      <itemStatus>1</itemStatus>
      <LastUpdateDate />
      <LastUpdateTime />
    </Product>
    <Product>
      <PriceUpdateDate>2015/06/21 14:25</PriceUpdateDate>
      <ItemCode>7290014459137</ItemCode>
      <ItemType>1</ItemType>
      <ItemName>סטייק צ`יפס תפוגן (1.5 קג)</ItemName>
      <ManufactureName>קבוצת אסם סחר שות. מוגבלת</ManufactureName>
      <ManufactureCountry />
      <ManufactureItemDescription />
      <UnitQty>יח`</UnitQty>
      <Quantity>1500</Quantity>
      <UnitMeasure>גרם</UnitMeasure>
      <BisWeighted>0</BisWeighted>
      <QtyInPackage>1</QtyInPackage>
      <ItemPrice>24.90</ItemPrice>
      <UnitOfMeasurePrice>1.66</UnitOfMeasurePrice>
      <AllowDiscount>0</AllowDiscount>
      <itemStatus>1</itemStatus>
      <LastUpdateDate />
      <LastUpdateTime />
    </Product>
    <Product>
      <PriceUpdateDate>2016/03/03 11:17</PriceUpdateDate>
      <ItemCode>7290014459267</ItemCode>
      <ItemType>1</ItemType>
      <ItemName>פרוסות צ`יפס תפוגן (1.5 קג)</ItemName>
      <ManufactureName>קבוצת אסם סחר שות. מוגבלת</ManufactureName>
      <ManufactureCountry />
      <ManufactureItemDescription />
      <UnitQty>יח`</UnitQty>
      <Quantity>1500</Quantity>
      <UnitMeasure>גרם</UnitMeasure>
      <BisWeighted>0</BisWeighted>
      <QtyInPackage>1</QtyInPackage>
      <ItemPrice>24.90</ItemPrice>
      <UnitOfMeasurePrice>1.66</UnitOfMeasurePrice>
      <AllowDiscount>1</AllowDiscount>
      <itemStatus>1</itemStatus>
      <LastUpdateDate />
      <LastUpdateTime />
    </Product>
    <Product>
      <PriceUpdateDate>2018/07/19 20:12</PriceUpdateDate>
      <ItemCode>7290014459632</ItemCode>
      <ItemType>1</ItemType>
      <ItemName>תפוגן צ`פיס טוגן 1.5 קג`</ItemName>
      <ManufactureName>קבוצת אסם סחר שות. מוגבלת</ManufactureName>
      <ManufactureCountry />
      <ManufactureItemDescription />
      <UnitQty>יח`</UnitQty>
      <Quantity>1</Quantity>
      <UnitMeasure />
      <BisWeighted>0</BisWeighted>
      <QtyInPackage>1</QtyInPackage>
      <ItemPrice>14.90</ItemPrice>
      <UnitOfMeasurePrice>14.90</UnitOfMeasurePrice>
      <AllowDiscount>0</AllowDiscount>
      <itemStatus>1</itemStatus>
      <LastUpdateDate />
      <LastUpdateTime />
    </Product>
    <Product>
      <PriceUpdateDate>2020/05/03 10:48</PriceUpdateDate>
      <ItemCode>7290014466128</ItemCode>
      <ItemType>1</ItemType>
      <ItemName>הר חרמון אינדיגו</ItemName>
      <ManufactureName>היכל היין שקד גולן בעמ</ManufactureName>
      <ManufactureCountry />
      <ManufactureItemDescription />
      <UnitQty>יח`</UnitQty>
      <Quantity>750</Quantity>
      <UnitMeasure>מ"ל</UnitMeasure>
      <BisWeighted>0</BisWeighted>
      <QtyInPackage>1</QtyInPackage>
      <ItemPrice>30.90</ItemPrice>
      <UnitOfMeasurePrice>4.08</UnitOfMeasurePrice>
      <AllowDiscount>1</AllowDiscount>
      <itemStatus>1</itemStatus>
      <LastUpdateDate />
      <LastUpdateTime />
    </Product>
    <Product>
      <PriceUpdateDate>2020/05/03 10:48</PriceUpdateDate>
      <ItemCode>7290014466463</ItemCode>
      <ItemType>1</ItemType>
      <ItemName>הר חרמון מוסקט יקב רמת הגולן (750 מל)</ItemName>
      <ManufactureName>היכל היין שקד גולן בעמ</ManufactureName>
      <ManufactureCountry />
      <ManufactureItemDescription />
      <UnitQty>יח`</UnitQty>
      <Quantity>750</Quantity>
      <UnitMeasure>מ"ל</UnitMeasure>
      <BisWeighted>0</BisWeighted>
      <QtyInPackage>1</QtyInPackage>
      <ItemPrice>30.90</ItemPrice>
      <UnitOfMeasurePrice>4.08</UnitOfMeasurePrice>
      <AllowDiscount>1</AllowDiscount>
      <itemStatus>1</itemStatus>
      <LastUpdateDate />
      <LastUpdateTime />
    </Product>
    <Product>
      <PriceUpdateDate>2017/09/03 08:40</PriceUpdateDate>
      <ItemCode>7290014466609</ItemCode>
      <ItemType>1</ItemType>
      <ItemName>יין גמלא מרלו</ItemName>
      <ManufactureName>היכל היין שקד גולן בעמ</ManufactureName>
      <ManufactureCountry />
      <ManufactureItemDescription />
      <UnitQty>יח`</UnitQty>
      <Quantity>1</Quantity>
      <UnitMeasure />
      <BisWeighted>0</BisWeighted>
      <QtyInPackage>1</QtyInPackage>
      <ItemPrice>59.90</ItemPrice>
      <UnitOfMeasurePrice>59.90</UnitOfMeasurePrice>
      <AllowDiscount>0</AllowDiscount>
      <itemStatus>1</itemStatus>
      <LastUpdateDate />
      <LastUpdateTime />
    </Product>
    <Product>
      <PriceUpdateDate>2013/06/26 14:35</PriceUpdateDate>
      <ItemCode>7290014471191</ItemCode>
      <ItemType>1</ItemType>
      <ItemName>חמוציות מסוכרות המותג (200 גרם)</ItemName>
      <ManufactureName>דין שיווק - המותג</ManufactureName>
      <ManufactureCountry />
      <ManufactureItemDescription />
      <UnitQty>יח`</UnitQty>
      <Quantity>200</Quantity>
      <UnitMeasure>גרם</UnitMeasure>
      <BisWeighted>0</BisWeighted>
      <QtyInPackage>1</QtyInPackage>
      <ItemPrice>10</ItemPrice>
      <UnitOfMeasurePrice>5</UnitOfMeasurePrice>
      <AllowDiscount>0</AllowDiscount>
      <itemStatus>1</itemStatus>
      <LastUpdateDate />
      <LastUpdateTime />
    </Product>
    <Product>
      <PriceUpdateDate>2015/06/07 11:35</PriceUpdateDate>
      <ItemCode>7290014471412</ItemCode>
      <ItemType>1</ItemType>
      <ItemName>מוזלי בוטנים אגוזים ושקדים 1קג - שקדיה</ItemName>
      <ManufactureName>דין שיווק וקליה בעמ</ManufactureName>
      <ManufactureCountry />
      <ManufactureItemDescription />
      <UnitQty>יח`</UnitQty>
      <Quantity>1000</Quantity>
      <UnitMeasure>גרם</UnitMeasure>
      <BisWeighted>0</BisWeighted>
      <QtyInPackage>1</QtyInPackage>
      <ItemPrice>19.90</ItemPrice>
      <UnitOfMeasurePrice>1.99</UnitOfMeasurePrice>
      <AllowDiscount>1</AllowDiscount>
      <itemStatus>1</itemStatus>
      <LastUpdateDate />
      <LastUpdateTime />
    </Product>
    <Product>
      <PriceUpdateDate>2015/06/07 11:35</PriceUpdateDate>
      <ItemCode>7290014471436</ItemCode>
      <ItemType>1</ItemType>
      <ItemName>מוזלי צימוקים תפוח קינומון 1קג - שקדיה</ItemName>
      <ManufactureName>דין שיווק וקליה בעמ</ManufactureName>
      <ManufactureCountry />
      <ManufactureItemDescription />
      <UnitQty>יח`</UnitQty>
      <Quantity>1000</Quantity>
      <UnitMeasure>גרם</UnitMeasure>
      <BisWeighted>0</BisWeighted>
      <QtyInPackage>1</QtyInPackage>
      <ItemPrice>19.90</ItemPrice>
      <UnitOfMeasurePrice>1.99</UnitOfMeasurePrice>
      <AllowDiscount>1</AllowDiscount>
      <itemStatus>1</itemStatus>
      <LastUpdateDate />
      <LastUpdateTime />
    </Product>
    <Product>
      <PriceUpdateDate>2015/06/07 11:35</PriceUpdateDate>
      <ItemCode>7290014471443</ItemCode>
      <ItemType>1</ItemType>
      <ItemName>גרנולה אגוזים 1קג - שקדיה</ItemName>
      <ManufactureName>דין שיווק וקליה בעמ</ManufactureName>
      <ManufactureCountry />
      <ManufactureItemDescription />
      <UnitQty>יח`</UnitQty>
      <Quantity>1000</Quantity>
      <UnitMeasure>גרם</UnitMeasure>
      <BisWeighted>0</BisWeighted>
      <QtyInPackage>1</QtyInPackage>
      <ItemPrice>19.90</ItemPrice>
      <UnitOfMeasurePrice>1.99</UnitOfMeasurePrice>
      <AllowDiscount>1</AllowDiscount>
      <itemStatus>1</itemStatus>
      <LastUpdateDate />
      <LastUpdateTime />
    </Product>
    <Product>
      <PriceUpdateDate>2017/07/06 08:30</PriceUpdateDate>
      <ItemCode>7290014472136</ItemCode>
      <ItemType>1</ItemType>
      <ItemName>גרעין שחור קלוי ששון הקולה (150 גרם)</ItemName>
      <ManufactureName>דין שיווק וקליה בעמ</ManufactureName>
      <ManufactureCountry />
      <ManufactureItemDescription />
      <UnitQty>יח`</UnitQty>
      <Quantity>150</Quantity>
      <UnitMeasure>גרם</UnitMeasure>
      <BisWeighted>0</BisWeighted>
      <QtyInPackage>1</QtyInPackage>
      <ItemPrice>3.90</ItemPrice>
      <UnitOfMeasurePrice>2.60</UnitOfMeasurePrice>
      <AllowDiscount>0</AllowDiscount>
      <itemStatus>1</itemStatus>
      <LastUpdateDate />
      <LastUpdateTime />
    </Product>
    <Product>
      <PriceUpdateDate>2015/05/21 08:57</PriceUpdateDate>
      <ItemCode>7290014472990</ItemCode>
      <ItemType>1</ItemType>
      <ItemName>ממרח 100% שקדים שקדיה (300 גרם)</ItemName>
      <ManufactureName>דין שיווק וקליה בעמ</ManufactureName>
      <ManufactureCountry />
      <ManufactureItemDescription />
      <UnitQty>יח`</UnitQty>
      <Quantity>300</Quantity>
      <UnitMeasure>גרם</UnitMeasure>
      <BisWeighted>0</BisWeighted>
      <QtyInPackage>1</QtyInPackage>
      <ItemPrice>34.90</ItemPrice>
      <UnitOfMeasurePrice>11.63</UnitOfMeasurePrice>
      <AllowDiscount>0</AllowDiscount>
      <itemStatus>1</itemStatus>
      <LastUpdateDate />
      <LastUpdateTime />
    </Product>
    <Product>
      <PriceUpdateDate>2019/02/03 12:43</PriceUpdateDate>
      <ItemCode>7290014525016</ItemCode>
      <ItemType>1</ItemType>
      <ItemName>מרבה סלים פרוט בטעם יוגורט ותות</ItemName>
      <ManufactureName>ש.שסטוביץ בעמ</ManufactureName>
      <ManufactureCountry />
      <ManufactureItemDescription />
      <UnitQty>יח`</UnitQty>
      <Quantity>182</Quantity>
      <UnitMeasure>גרם</UnitMeasure>
      <BisWeighted>0</BisWeighted>
      <QtyInPackage>1</QtyInPackage>
      <ItemPrice>10.90</ItemPrice>
      <UnitOfMeasurePrice>5.99</UnitOfMeasurePrice>
      <AllowDiscount>1</AllowDiscount>
      <itemStatus>1</itemStatus>
      <LastUpdateDate />
      <LastUpdateTime />
    </Product>
    <Product>
      <PriceUpdateDate>2019/02/03 12:43</PriceUpdateDate>
      <ItemCode>7290014525290</ItemCode>
      <ItemType>1</ItemType>
      <ItemName>סלים דליס קריספי תות מרבה (125 גרם)</ItemName>
      <ManufactureName>ש.שסטוביץ בעמ</ManufactureName>
      <ManufactureCountry />
      <ManufactureItemDescription />
      <UnitQty>יח`</UnitQty>
      <Quantity>120</Quantity>
      <UnitMeasure>גרם</UnitMeasure>
      <BisWeighted>0</BisWeighted>
      <QtyInPackage>1</QtyInPackage>
      <ItemPrice>10.90</ItemPrice>
      <UnitOfMeasurePrice>9.08</UnitOfMeasurePrice>
      <AllowDiscount>1</AllowDiscount>
      <itemStatus>1</itemStatus>
      <LastUpdateDate />
      <LastUpdateTime />
    </Product>
    <Product>
      <PriceUpdateDate>2019/02/03 12:43</PriceUpdateDate>
      <ItemCode>7290014525306</ItemCode>
      <ItemType>1</ItemType>
      <ItemName>סלים דליס קריספי אוכמניות מרבה (125 גרם)</ItemName>
      <ManufactureName>ש.שסטוביץ בעמ</ManufactureName>
      <ManufactureCountry />
      <ManufactureItemDescription />
      <UnitQty>יח`</UnitQty>
      <Quantity>125</Quantity>
      <UnitMeasure>גרם</UnitMeasure>
      <BisWeighted>0</BisWeighted>
      <QtyInPackage>1</QtyInPackage>
      <ItemPrice>10.90</ItemPrice>
      <UnitOfMeasurePrice>8.72</UnitOfMeasurePrice>
      <AllowDiscount>1</AllowDiscount>
      <itemStatus>1</itemStatus>
      <LastUpdateDate />
      <LastUpdateTime />
    </Product>
    <Product>
      <PriceUpdateDate>2019/02/03 12:43</PriceUpdateDate>
      <ItemCode>7290014525313</ItemCode>
      <ItemType>1</ItemType>
      <ItemName>סלים דליס קריספי שוקולד מרבה (125 גרם)</ItemName>
      <ManufactureName>ש.שסטוביץ בעמ</ManufactureName>
      <ManufactureCountry />
      <ManufactureItemDescription />
      <UnitQty>יח`</UnitQty>
      <Quantity>125</Quantity>
      <UnitMeasure>גרם</UnitMeasure>
      <BisWeighted>0</BisWeighted>
      <QtyInPackage>1</QtyInPackage>
      <ItemPrice>10.90</ItemPrice>
      <UnitOfMeasurePrice>8.72</UnitOfMeasurePrice>
      <AllowDiscount>1</AllowDiscount>
      <itemStatus>1</itemStatus>
      <LastUpdateDate />
      <LastUpdateTime />
    </Product>
    <Product>
      <PriceUpdateDate>2016/11/15 17:35</PriceUpdateDate>
      <ItemCode>7290014648005</ItemCode>
      <ItemType>1</ItemType>
      <ItemName>LA BELLE מסיר לק ללא אציטון 250מל</ItemName>
      <ManufactureName>פארמה דיל (פ.א.ב.) שיווק והפצה</ManufactureName>
      <ManufactureCountry />
      <ManufactureItemDescription />
      <UnitQty>יח`</UnitQty>
      <Quantity>1</Quantity>
      <UnitMeasure />
      <BisWeighted>0</BisWeighted>
      <QtyInPackage>1</QtyInPackage>
      <ItemPrice>11.90</ItemPrice>
      <UnitOfMeasurePrice>11.90</UnitOfMeasurePrice>
      <AllowDiscount>0</AllowDiscount>
      <itemStatus>1</itemStatus>
      <LastUpdateDate />
      <LastUpdateTime />
    </Product>
    <Product>
      <PriceUpdateDate>2016/11/15 17:35</PriceUpdateDate>
      <ItemCode>7290014648043</ItemCode>
      <ItemType>1</ItemType>
      <ItemName>LA BELLE שעווה דבש פח 500גר</ItemName>
      <ManufactureName>פארמה דיל (פ.א.ב.) שיווק והפצה</ManufactureName>
      <ManufactureCountry />
      <ManufactureItemDescription />
      <UnitQty>יח`</UnitQty>
      <Quantity>1</Quantity>
      <UnitMeasure />
      <BisWeighted>0</BisWeighted>
      <QtyInPackage>1</QtyInPackage>
      <ItemPrice>16.90</ItemPrice>
      <UnitOfMeasurePrice>16.90</UnitOfMeasurePrice>
      <AllowDiscount>0</AllowDiscount>
      <itemStatus>1</itemStatus>
      <LastUpdateDate />
      <LastUpdateTime />
    </Product>
    <Product>
      <PriceUpdateDate>2016/11/15 17:35</PriceUpdateDate>
      <ItemCode>7290014648050</ItemCode>
      <ItemType>1</ItemType>
      <ItemName>LA BELLE למיקרוגל גר 500דבש שעווה</ItemName>
      <ManufactureName>פארמה דיל (פ.א.ב.) שיווק והפצה</ManufactureName>
      <ManufactureCountry />
      <ManufactureItemDescription />
      <UnitQty>יח`</UnitQty>
      <Quantity>1</Quantity>
      <UnitMeasure />
      <BisWeighted>0</BisWeighted>
      <QtyInPackage>1</QtyInPackage>
      <ItemPrice>16.90</ItemPrice>
      <UnitOfMeasurePrice>16.90</UnitOfMeasurePrice>
      <AllowDiscount>0</AllowDiscount>
      <itemStatus>1</itemStatus>
      <LastUpdateDate />
      <LastUpdateTime />
    </Product>
    <Product>
      <PriceUpdateDate>2016/11/15 17:35</PriceUpdateDate>
      <ItemCode>7290014648067</ItemCode>
      <ItemType>1</ItemType>
      <ItemName>LA BELLE נייר שעווה 50יח</ItemName>
      <ManufactureName>פארמה דיל (פ.א.ב.) שיווק והפצה</ManufactureName>
      <ManufactureCountry />
      <ManufactureItemDescription />
      <UnitQty>יח`</UnitQty>
      <Quantity>550</Quantity>
      <UnitMeasure>גרם</UnitMeasure>
      <BisWeighted>0</BisWeighted>
      <QtyInPackage>1</QtyInPackage>
      <ItemPrice>19.90</ItemPrice>
      <UnitOfMeasurePrice>3.62</UnitOfMeasurePrice>
      <AllowDiscount>0</AllowDiscount>
      <itemStatus>1</itemStatus>
      <LastUpdateDate />
      <LastUpdateTime />
    </Product>
    <Product>
      <PriceUpdateDate>2016/12/13 10:19</PriceUpdateDate>
      <ItemCode>7290014648081</ItemCode>
      <ItemType>1</ItemType>
      <ItemName>סכיני גילוח חדפ 10 יחידות</ItemName>
      <ManufactureName>פארמה דיל (פ.א.ב.) שיווק והפצה</ManufactureName>
      <ManufactureCountry />
      <ManufactureItemDescription />
      <UnitQty>יח`</UnitQty>
      <Quantity>1</Quantity>
      <UnitMeasure />
      <BisWeighted>0</BisWeighted>
      <QtyInPackage>1</QtyInPackage>
      <ItemPrice>10</ItemPrice>
      <UnitOfMeasurePrice>10</UnitOfMeasurePrice>
      <AllowDiscount>0</AllowDiscount>
      <itemStatus>1</itemStatus>
      <LastUpdateDate />
      <LastUpdateTime />
    </Product>
    <Product>
      <PriceUpdateDate>2015/01/28 08:34</PriceUpdateDate>
      <ItemCode>7290014648098</ItemCode>
      <ItemType>1</ItemType>
      <ItemName>סכיני גילוח חמישייה-חד  פעמי</ItemName>
      <ManufactureName>פארמה דיל (פ.א.ב.) שיווק והפצה</ManufactureName>
      <ManufactureCountry />
      <ManufactureItemDescription />
      <UnitQty>יח`</UnitQty>
      <Quantity>1</Quantity>
      <UnitMeasure />
      <BisWeighted>0</BisWeighted>
      <QtyInPackage>1</QtyInPackage>
      <ItemPrice>11.90</ItemPrice>
      <UnitOfMeasurePrice>11.90</UnitOfMeasurePrice>
      <AllowDiscount>0</AllowDiscount>
      <itemStatus>1</itemStatus>
      <LastUpdateDate />
      <LastUpdateTime />
    </Product>
    <Product>
      <PriceUpdateDate>2018/10/04 08:25</PriceUpdateDate>
      <ItemCode>7290014648296</ItemCode>
      <ItemType>1</ItemType>
      <ItemName>מקלוני אוזניים עץ 100 יח LA BELLE</ItemName>
      <ManufactureName>פארמה דיל (פ.א.ב.) שיווק והפצה</ManufactureName>
      <ManufactureCountry />
      <ManufactureItemDescription />
      <UnitQty>יח`</UnitQty>
      <Quantity>1</Quantity>
      <UnitMeasure />
      <BisWeighted>0</BisWeighted>
      <QtyInPackage>1</QtyInPackage>
      <ItemPrice>1.50</ItemPrice>
      <UnitOfMeasurePrice>1.50</UnitOfMeasurePrice>
      <AllowDiscount>0</AllowDiscount>
      <itemStatus>1</itemStatus>
      <LastUpdateDate />
      <LastUpdateTime />
    </Product>
    <Product>
      <PriceUpdateDate>2018/10/04 08:25</PriceUpdateDate>
      <ItemCode>7290014648654</ItemCode>
      <ItemType>1</ItemType>
      <ItemName>מקלוני אוזניים פלסטיק 500  יח`LA BELLE</ItemName>
      <ManufactureName>פארמה דיל (פ.א.ב.) שיווק והפצה</ManufactureName>
      <ManufactureCountry />
      <ManufactureItemDescription />
      <UnitQty>יח`</UnitQty>
      <Quantity>1</Quantity>
      <UnitMeasure />
      <BisWeighted>0</BisWeighted>
      <QtyInPackage>1</QtyInPackage>
      <ItemPrice>12.90</ItemPrice>
      <UnitOfMeasurePrice>12.90</UnitOfMeasurePrice>
      <AllowDiscount>0</AllowDiscount>
      <itemStatus>1</itemStatus>
      <LastUpdateDate />
      <LastUpdateTime />
    </Product>
    <Product>
      <PriceUpdateDate>2018/10/21 10:25</PriceUpdateDate>
      <ItemCode>7290014648692</ItemCode>
      <ItemType>1</ItemType>
      <ItemName>כדורי צמר גפן 72 יח LA BELLE</ItemName>
      <ManufactureName>פארמה דיל (פ.א.ב.) שיווק והפצה</ManufactureName>
      <ManufactureCountry />
      <ManufactureItemDescription />
      <UnitQty>יח`</UnitQty>
      <Quantity>1</Quantity>
      <UnitMeasure />
      <BisWeighted>0</BisWeighted>
      <QtyInPackage>1</QtyInPackage>
      <ItemPrice>7.90</ItemPrice>
      <UnitOfMeasurePrice>7.90</UnitOfMeasurePrice>
      <AllowDiscount>0</AllowDiscount>
      <itemStatus>1</itemStatus>
      <LastUpdateDate />
      <LastUpdateTime />
    </Product>
    <Product>
      <PriceUpdateDate>2019/02/17 11:38</PriceUpdateDate>
      <ItemCode>7290014648821</ItemCode>
      <ItemType>1</ItemType>
      <ItemName>מקלוני צמר גפן פלסטיק 100  גר`LA BELLE</ItemName>
      <ManufactureName>פארמה דיל (פ.א.ב.) שיווק והפצה</ManufactureName>
      <ManufactureCountry />
      <ManufactureItemDescription />
      <UnitQty>יח`</UnitQty>
      <Quantity>1</Quantity>
      <UnitMeasure />
      <BisWeighted>0</BisWeighted>
      <QtyInPackage>1</QtyInPackage>
      <ItemPrice>1.50</ItemPrice>
      <UnitOfMeasurePrice>1.50</UnitOfMeasurePrice>
      <AllowDiscount>0</AllowDiscount>
      <itemStatus>1</itemStatus>
      <LastUpdateDate />
      <LastUpdateTime />
    </Product>
    <Product>
      <PriceUpdateDate>2018/07/23 12:11</PriceUpdateDate>
      <ItemCode>7290014648906</ItemCode>
      <ItemType>1</ItemType>
      <ItemName>LA BELLE מסיר לק מהציפורניים 100 מל</ItemName>
      <ManufactureName>פארמה דיל (פ.א.ב.) שיווק והפצה</ManufactureName>
      <ManufactureCountry />
      <ManufactureItemDescription />
      <UnitQty>יח`</UnitQty>
      <Quantity>1</Quantity>
      <UnitMeasure />
      <BisWeighted>0</BisWeighted>
      <QtyInPackage>1</QtyInPackage>
      <ItemPrice>3.90</ItemPrice>
      <UnitOfMeasurePrice>3.90</UnitOfMeasurePrice>
      <AllowDiscount>0</AllowDiscount>
      <itemStatus>1</itemStatus>
      <LastUpdateDate />
      <LastUpdateTime />
    </Product>
    <Product>
      <PriceUpdateDate>2019/11/10 11:59</PriceUpdateDate>
      <ItemCode>7290014649033</ItemCode>
      <ItemType>1</ItemType>
      <ItemName>שלישיית ספוגי רחצה עדינים לאמבט מפנק</ItemName>
      <ManufactureName>פארמה דיל (פ.א.ב.) שיווק והפצה</ManufactureName>
      <ManufactureCountry />
      <ManufactureItemDescription />
      <UnitQty>יח`</UnitQty>
      <Quantity>1</Quantity>
      <UnitMeasure />
      <BisWeighted>0</BisWeighted>
      <QtyInPackage>1</QtyInPackage>
      <ItemPrice>9.90</ItemPrice>
      <UnitOfMeasurePrice>9.90</UnitOfMeasurePrice>
      <AllowDiscount>0</AllowDiscount>
      <itemStatus>1</itemStatus>
      <LastUpdateDate />
      <LastUpdateTime />
    </Product>
    <Product>
      <PriceUpdateDate>2016/01/07 14:13</PriceUpdateDate>
      <ItemCode>7290014673366</ItemCode>
      <ItemType>1</ItemType>
      <ItemName>כורכום טחון תבליני מימון (250 גרם)</ItemName>
      <ManufactureName>א.ל.ייצור ושיווק תבלינים בעמ</ManufactureName>
      <ManufactureCountry />
      <ManufactureItemDescription />
      <UnitQty>יח`</UnitQty>
      <Quantity>250</Quantity>
      <UnitMeasure>גרם</UnitMeasure>
      <BisWeighted>0</BisWeighted>
      <QtyInPackage>1</QtyInPackage>
      <ItemPrice>21.90</ItemPrice>
      <UnitOfMeasurePrice>8.76</UnitOfMeasurePrice>
      <AllowDiscount>0</AllowDiscount>
      <itemStatus>1</itemStatus>
      <LastUpdateDate />
      <LastUpdateTime />
    </Product>
    <Product>
      <PriceUpdateDate>2016/01/07 14:13</PriceUpdateDate>
      <ItemCode>7290014673373</ItemCode>
      <ItemType>1</ItemType>
      <ItemName>פפריקה הונגרית חריפה 250 גר`</ItemName>
      <ManufactureName>א.ל.ייצור ושיווק תבלינים בעמ</ManufactureName>
      <ManufactureCountry />
      <ManufactureItemDescription />
      <UnitQty>יח`</UnitQty>
      <Quantity>250</Quantity>
      <UnitMeasure>גרם</UnitMeasure>
      <BisWeighted>0</BisWeighted>
      <QtyInPackage>1</QtyInPackage>
      <ItemPrice>21.90</ItemPrice>
      <UnitOfMeasurePrice>8.76</UnitOfMeasurePrice>
      <AllowDiscount>0</AllowDiscount>
      <itemStatus>1</itemStatus>
      <LastUpdateDate />
      <LastUpdateTime />
    </Product>
    <Product>
      <PriceUpdateDate>2016/01/07 14:13</PriceUpdateDate>
      <ItemCode>7290014673380</ItemCode>
      <ItemType>1</ItemType>
      <ItemName>כמון טחון 250 גר`</ItemName>
      <ManufactureName>א.ל.ייצור ושיווק תבלינים בעמ</ManufactureName>
      <ManufactureCountry />
      <ManufactureItemDescription />
      <UnitQty>יח`</UnitQty>
      <Quantity>250</Quantity>
      <UnitMeasure>גרם</UnitMeasure>
      <BisWeighted>0</BisWeighted>
      <QtyInPackage>1</QtyInPackage>
      <ItemPrice>21.90</ItemPrice>
      <UnitOfMeasurePrice>8.76</UnitOfMeasurePrice>
      <AllowDiscount>0</AllowDiscount>
      <itemStatus>1</itemStatus>
      <LastUpdateDate />
      <LastUpdateTime />
    </Product>
    <Product>
      <PriceUpdateDate>2016/01/07 14:13</PriceUpdateDate>
      <ItemCode>7290014673403</ItemCode>
      <ItemType>1</ItemType>
      <ItemName>פלפל שחור טחון תבליני מימון (250 גרם)</ItemName>
      <ManufactureName>א.ל.ייצור ושיווק תבלינים בעמ</ManufactureName>
      <ManufactureCountry />
      <ManufactureItemDescription />
      <UnitQty>יח`</UnitQty>
      <Quantity>250</Quantity>
      <UnitMeasure>גרם</UnitMeasure>
      <BisWeighted>0</BisWeighted>
      <QtyInPackage>1</QtyInPackage>
      <ItemPrice>29.90</ItemPrice>
      <UnitOfMeasurePrice>11.96</UnitOfMeasurePrice>
      <AllowDiscount>0</AllowDiscount>
      <itemStatus>1</itemStatus>
      <LastUpdateDate />
      <LastUpdateTime />
    </Product>
    <Product>
      <PriceUpdateDate>2018/04/26 09:47</PriceUpdateDate>
      <ItemCode>7290014673434</ItemCode>
      <ItemType>1</ItemType>
      <ItemName>פלפל שחור גרוס דק שקית 80 גר`</ItemName>
      <ManufactureName>א.ל.ייצור ושיווק תבלינים בעמ</ManufactureName>
      <ManufactureCountry />
      <ManufactureItemDescription />
      <UnitQty>יח`</UnitQty>
      <Quantity>80</Quantity>
      <UnitMeasure>גרם</UnitMeasure>
      <BisWeighted>0</BisWeighted>
      <QtyInPackage>1</QtyInPackage>
      <ItemPrice>9.90</ItemPrice>
      <UnitOfMeasurePrice>12.38</UnitOfMeasurePrice>
      <AllowDiscount>0</AllowDiscount>
      <itemStatus>1</itemStatus>
      <LastUpdateDate />
      <LastUpdateTime />
    </Product>
    <Product>
      <PriceUpdateDate>2015/05/27 13:13</PriceUpdateDate>
      <ItemCode>7290014692299</ItemCode>
      <ItemType>1</ItemType>
      <ItemName>גבינת ברי 125 גר</ItemName>
      <ManufactureName>ג.וילי-פוד אינטרנשיונל בעמ</ManufactureName>
      <ManufactureCountry />
      <ManufactureItemDescription />
      <UnitQty>יח`</UnitQty>
      <Quantity>125</Quantity>
      <UnitMeasure>גרם</UnitMeasure>
      <BisWeighted>0</BisWeighted>
      <QtyInPackage>1</QtyInPackage>
      <ItemPrice>18.90</ItemPrice>
      <UnitOfMeasurePrice>15.12</UnitOfMeasurePrice>
      <AllowDiscount>1</AllowDiscount>
      <itemStatus>1</itemStatus>
      <LastUpdateDate />
      <LastUpdateTime />
    </Product>
    <Product>
      <PriceUpdateDate>2014/12/15 11:07</PriceUpdateDate>
      <ItemCode>7290014692336</ItemCode>
      <ItemType>1</ItemType>
      <ItemName>שיני שום במי מלח 340 גרם</ItemName>
      <ManufactureName>ג.וילי-פוד אינטרנשיונל בעמ</ManufactureName>
      <ManufactureCountry />
      <ManufactureItemDescription />
      <UnitQty>יח`</UnitQty>
      <Quantity>340</Quantity>
      <UnitMeasure>גרם</UnitMeasure>
      <BisWeighted>0</BisWeighted>
      <QtyInPackage>1</QtyInPackage>
      <ItemPrice>11.90</ItemPrice>
      <UnitOfMeasurePrice>3.50</UnitOfMeasurePrice>
      <AllowDiscount>1</AllowDiscount>
      <itemStatus>1</itemStatus>
      <LastUpdateDate />
      <LastUpdateTime />
    </Product>
    <Product>
      <PriceUpdateDate>2015/05/27 13:13</PriceUpdateDate>
      <ItemCode>7290014692541</ItemCode>
      <ItemType>1</ItemType>
      <ItemName>פתיתים מגורדת וילי פוד (500 גרם) GOLDEN</ItemName>
      <ManufactureName>ג.וילי-פוד אינטרנשיונל בעמ</ManufactureName>
      <ManufactureCountry />
      <ManufactureItemDescription />
      <UnitQty>יח`</UnitQty>
      <Quantity>500</Quantity>
      <UnitMeasure>גרם</UnitMeasure>
      <BisWeighted>0</BisWeighted>
      <QtyInPackage>1</QtyInPackage>
      <ItemPrice>21.90</ItemPrice>
      <UnitOfMeasurePrice>4.38</UnitOfMeasurePrice>
      <AllowDiscount>1</AllowDiscount>
      <itemStatus>1</itemStatus>
      <LastUpdateDate />
      <LastUpdateTime />
    </Product>
    <Product>
      <PriceUpdateDate>2014/05/11 13:22</PriceUpdateDate>
      <ItemCode>7290014692565</ItemCode>
      <ItemType>1</ItemType>
      <ItemName>גרעיני תירס מתוק וילי פוד (320 גרם)</ItemName>
      <ManufactureName>ג.וילי-פוד אינטרנשיונל בעמ</ManufactureName>
      <ManufactureCountry />
      <ManufactureItemDescription />
      <UnitQty>יח`</UnitQty>
      <Quantity>285</Quantity>
      <UnitMeasure>גרם</UnitMeasure>
      <BisWeighted>0</BisWeighted>
      <QtyInPackage>1</QtyInPackage>
      <ItemPrice>4.90</ItemPrice>
      <UnitOfMeasurePrice>1.72</UnitOfMeasurePrice>
      <AllowDiscount>0</AllowDiscount>
      <itemStatus>1</itemStatus>
      <LastUpdateDate />
      <LastUpdateTime />
    </Product>
    <Product>
      <PriceUpdateDate>2016/03/06 08:15</PriceUpdateDate>
      <ItemCode>7290014725294</ItemCode>
      <ItemType>1</ItemType>
      <ItemName>סוכרלוז סוכרזית (100)</ItemName>
      <ManufactureName>שטראוס גרופ בעמ</ManufactureName>
      <ManufactureCountry />
      <ManufactureItemDescription />
      <UnitQty>יח`</UnitQty>
      <Quantity>100</Quantity>
      <UnitMeasure>גרם</UnitMeasure>
      <BisWeighted>0</BisWeighted>
      <QtyInPackage>1</QtyInPackage>
      <ItemPrice>16.90</ItemPrice>
      <UnitOfMeasurePrice>16.90</UnitOfMeasurePrice>
      <AllowDiscount>0</AllowDiscount>
      <itemStatus>1</itemStatus>
      <LastUpdateDate />
      <LastUpdateTime />
    </Product>
    <Product>
      <PriceUpdateDate>2016/04/04 11:39</PriceUpdateDate>
      <ItemCode>7290014745919</ItemCode>
      <ItemType>1</ItemType>
      <ItemName>שניצל עוף דקיק קריספי 700 גר` עוף טוב</ItemName>
      <ManufactureName>קבוצת אסם סחר שות. מוגבלת</ManufactureName>
      <ManufactureCountry />
      <ManufactureItemDescription />
      <UnitQty>יח`</UnitQty>
      <Quantity>700</Quantity>
      <UnitMeasure>גרם</UnitMeasure>
      <BisWeighted>0</BisWeighted>
      <QtyInPackage>1</QtyInPackage>
      <ItemPrice>35.90</ItemPrice>
      <UnitOfMeasurePrice>5.13</UnitOfMeasurePrice>
      <AllowDiscount>1</AllowDiscount>
      <itemStatus>1</itemStatus>
      <LastUpdateDate />
      <LastUpdateTime />
    </Product>
    <Product>
      <PriceUpdateDate>2018/08/13 09:32</PriceUpdateDate>
      <ItemCode>7290014758100</ItemCode>
      <ItemType>1</ItemType>
      <ItemName>יוגורט ביו 3% תנובה (150x8 גרם)</ItemName>
      <ManufactureName>תנובה - חלב</ManufactureName>
      <ManufactureCountry />
      <ManufactureItemDescription />
      <UnitQty>יח`</UnitQty>
      <Quantity>1200</Quantity>
      <UnitMeasure>גרם</UnitMeasure>
      <BisWeighted>0</BisWeighted>
      <QtyInPackage>1</QtyInPackage>
      <ItemPrice>16.50</ItemPrice>
      <UnitOfMeasurePrice>1.38</UnitOfMeasurePrice>
      <AllowDiscount>1</AllowDiscount>
      <itemStatus>1</itemStatus>
      <LastUpdateDate />
      <LastUpdateTime />
    </Product>
    <Product>
      <PriceUpdateDate>2018/08/13 09:32</PriceUpdateDate>
      <ItemCode>7290014758117</ItemCode>
      <ItemType>1</ItemType>
      <ItemName>יוגורט ביו 1.5% תנובה (150x8 גרם)</ItemName>
      <ManufactureName>תנובה - חלב</ManufactureName>
      <ManufactureCountry />
      <ManufactureItemDescription />
      <UnitQty>יח`</UnitQty>
      <Quantity>1200</Quantity>
      <UnitMeasure>גרם</UnitMeasure>
      <BisWeighted>0</BisWeighted>
      <QtyInPackage>1</QtyInPackage>
      <ItemPrice>16.50</ItemPrice>
      <UnitOfMeasurePrice>1.38</UnitOfMeasurePrice>
      <AllowDiscount>1</AllowDiscount>
      <itemStatus>1</itemStatus>
      <LastUpdateDate />
      <LastUpdateTime />
    </Product>
    <Product>
      <PriceUpdateDate>2018/08/13 09:32</PriceUpdateDate>
      <ItemCode>7290014758148</ItemCode>
      <ItemType>1</ItemType>
      <ItemName>סמי גלבוע 400 גר</ItemName>
      <ManufactureName>תנובה - חלב</ManufactureName>
      <ManufactureCountry />
      <ManufactureItemDescription />
      <UnitQty>יח`</UnitQty>
      <Quantity>400</Quantity>
      <UnitMeasure>גרם</UnitMeasure>
      <BisWeighted>0</BisWeighted>
      <QtyInPackage>1</QtyInPackage>
      <ItemPrice>20.50</ItemPrice>
      <UnitOfMeasurePrice>5.13</UnitOfMeasurePrice>
      <AllowDiscount>0</AllowDiscount>
      <itemStatus>1</itemStatus>
      <LastUpdateDate />
      <LastUpdateTime />
    </Product>
    <Product>
      <PriceUpdateDate>2014/05/25 08:48</PriceUpdateDate>
      <ItemCode>7290014758162</ItemCode>
      <ItemType>1</ItemType>
      <ItemName>חלב עיזים מלא 3.6% שומן תנובה (1 ליטר)</ItemName>
      <ManufactureName>תנובה - חלב</ManufactureName>
      <ManufactureCountry />
      <ManufactureItemDescription />
      <UnitQty>יח`</UnitQty>
      <Quantity>1</Quantity>
      <UnitMeasure>1 ליטר</UnitMeasure>
      <BisWeighted>0</BisWeighted>
      <QtyInPackage>1</QtyInPackage>
      <ItemPrice>15</ItemPrice>
      <UnitOfMeasurePrice>15</UnitOfMeasurePrice>
      <AllowDiscount>0</AllowDiscount>
      <itemStatus>1</itemStatus>
      <LastUpdateDate />
      <LastUpdateTime />
    </Product>
    <Product>
      <PriceUpdateDate>2017/06/05 12:07</PriceUpdateDate>
      <ItemCode>7290014758681</ItemCode>
      <ItemType>1</ItemType>
      <ItemName>גבינת קוטג` 1% בגביע תנובה (250 גרם)</ItemName>
      <ManufactureName>תנובה - חלב</ManufactureName>
      <ManufactureCountry />
      <ManufactureItemDescription />
      <UnitQty>יח`</UnitQty>
      <Quantity>250</Quantity>
      <UnitMeasure>גרם</UnitMeasure>
      <BisWeighted>0</BisWeighted>
      <QtyInPackage>1</QtyInPackage>
      <ItemPrice>5.50</ItemPrice>
      <UnitOfMeasurePrice>2.20</UnitOfMeasurePrice>
      <AllowDiscount>0</AllowDiscount>
      <itemStatus>1</itemStatus>
      <LastUpdateDate />
      <LastUpdateTime />
    </Product>
    <Product>
      <PriceUpdateDate>2018/08/13 09:32</PriceUpdateDate>
      <ItemCode>7290014759084</ItemCode>
      <ItemType>1</ItemType>
      <ItemName>גבינת נפוליאון 225 גר` 16% גביע</ItemName>
      <ManufactureName>תנובה - חלב</ManufactureName>
      <ManufactureCountry />
      <ManufactureItemDescription />
      <UnitQty>יח`</UnitQty>
      <Quantity>225</Quantity>
      <UnitMeasure>גרם</UnitMeasure>
      <BisWeighted>0</BisWeighted>
      <QtyInPackage>1</QtyInPackage>
      <ItemPrice>13.90</ItemPrice>
      <UnitOfMeasurePrice>6.18</UnitOfMeasurePrice>
      <AllowDiscount>0</AllowDiscount>
      <itemStatus>1</itemStatus>
      <LastUpdateDate />
      <LastUpdateTime />
    </Product>
    <Product>
      <PriceUpdateDate>2018/08/13 09:32</PriceUpdateDate>
      <ItemCode>7290014759992</ItemCode>
      <ItemType>1</ItemType>
      <ItemName>קולאז רוקפור/גליל תנובה (140 גרם)</ItemName>
      <ManufactureName>תנובה - חלב</ManufactureName>
      <ManufactureCountry />
      <ManufactureItemDescription />
      <UnitQty>יח`</UnitQty>
      <Quantity>200</Quantity>
      <UnitMeasure>גרם</UnitMeasure>
      <BisWeighted>0</BisWeighted>
      <QtyInPackage>1</QtyInPackage>
      <ItemPrice>18.90</ItemPrice>
      <UnitOfMeasurePrice>9.45</UnitOfMeasurePrice>
      <AllowDiscount>0</AllowDiscount>
      <itemStatus>1</itemStatus>
      <LastUpdateDate />
      <LastUpdateTime />
    </Product>
    <Product>
      <PriceUpdateDate>2018/01/10 11:31</PriceUpdateDate>
      <ItemCode>7290014760134</ItemCode>
      <ItemType>1</ItemType>
      <ItemName>מעדן סויה בטעם וניל 125 גר` תנובה</ItemName>
      <ManufactureName>תנובה - חלב</ManufactureName>
      <ManufactureCountry />
      <ManufactureItemDescription />
      <UnitQty>יח`</UnitQty>
      <Quantity>125</Quantity>
      <UnitMeasure>גרם</UnitMeasure>
      <BisWeighted>0</BisWeighted>
      <QtyInPackage>1</QtyInPackage>
      <ItemPrice>3.90</ItemPrice>
      <UnitOfMeasurePrice>3.12</UnitOfMeasurePrice>
      <AllowDiscount>0</AllowDiscount>
      <itemStatus>1</itemStatus>
      <LastUpdateDate />
      <LastUpdateTime />
    </Product>
    <Product>
      <PriceUpdateDate>2015/06/14 08:22</PriceUpdateDate>
      <ItemCode>7290014760141</ItemCode>
      <ItemType>1</ItemType>
      <ItemName>משקה שקדים טרי תנובה (1 ליטר)</ItemName>
      <ManufactureName>תנובה - חלב</ManufactureName>
      <ManufactureCountry />
      <ManufactureItemDescription />
      <UnitQty>יח`</UnitQty>
      <Quantity>1000</Quantity>
      <UnitMeasure>מ"ל</UnitMeasure>
      <BisWeighted>0</BisWeighted>
      <QtyInPackage>1</QtyInPackage>
      <ItemPrice>11.90</ItemPrice>
      <UnitOfMeasurePrice>1.19</UnitOfMeasurePrice>
      <AllowDiscount>1</AllowDiscount>
      <itemStatus>1</itemStatus>
      <LastUpdateDate />
      <LastUpdateTime />
    </Product>
    <Product>
      <PriceUpdateDate>2018/08/13 09:32</PriceUpdateDate>
      <ItemCode>7290014760448</ItemCode>
      <ItemType>1</ItemType>
      <ItemName>גבינה צהובה 22% שומן גלבוע (400 גרם)</ItemName>
      <ManufactureName>תנובה - חלב</ManufactureName>
      <ManufactureCountry />
      <ManufactureItemDescription />
      <UnitQty>יח`</UnitQty>
      <Quantity>400</Quantity>
      <UnitMeasure>גרם</UnitMeasure>
      <BisWeighted>0</BisWeighted>
      <QtyInPackage>1</QtyInPackage>
      <ItemPrice>22.90</ItemPrice>
      <UnitOfMeasurePrice>5.73</UnitOfMeasurePrice>
      <AllowDiscount>0</AllowDiscount>
      <itemStatus>1</itemStatus>
      <LastUpdateDate />
      <LastUpdateTime />
    </Product>
    <Product>
      <PriceUpdateDate>2018/08/13 09:32</PriceUpdateDate>
      <ItemCode>7290014761018</ItemCode>
      <ItemType>1</ItemType>
      <ItemName>גיל בטעם וניל</ItemName>
      <ManufactureName>תנובה - חלב</ManufactureName>
      <ManufactureCountry />
      <ManufactureItemDescription />
      <UnitQty>יח`</UnitQty>
      <Quantity>125</Quantity>
      <UnitMeasure>מ"ל</UnitMeasure>
      <BisWeighted>0</BisWeighted>
      <QtyInPackage>1</QtyInPackage>
      <ItemPrice>1.60</ItemPrice>
      <UnitOfMeasurePrice>1.28</UnitOfMeasurePrice>
      <AllowDiscount>0</AllowDiscount>
      <itemStatus>1</itemStatus>
      <LastUpdateDate />
      <LastUpdateTime />
    </Product>
    <Product>
      <PriceUpdateDate>2018/08/13 09:32</PriceUpdateDate>
      <ItemCode>7290014761056</ItemCode>
      <ItemType>1</ItemType>
      <ItemName>מעדן שוקולד חלב יולו (123 גרם)</ItemName>
      <ManufactureName>תנובה - חלב</ManufactureName>
      <ManufactureCountry />
      <ManufactureItemDescription />
      <UnitQty>יח`</UnitQty>
      <Quantity>123</Quantity>
      <UnitMeasure>מ"ל</UnitMeasure>
      <BisWeighted>0</BisWeighted>
      <QtyInPackage>1</QtyInPackage>
      <ItemPrice>4.50</ItemPrice>
      <UnitOfMeasurePrice>3.66</UnitOfMeasurePrice>
      <AllowDiscount>1</AllowDiscount>
      <itemStatus>1</itemStatus>
      <LastUpdateDate />
      <LastUpdateTime />
    </Product>
    <Product>
      <PriceUpdateDate>2018/08/13 09:32</PriceUpdateDate>
      <ItemCode>7290014761063</ItemCode>
      <ItemType>1</ItemType>
      <ItemName>מעדן שוקולד מריר יולו (123 גרם)</ItemName>
      <ManufactureName>תנובה - חלב</ManufactureName>
      <ManufactureCountry />
      <ManufactureItemDescription />
      <UnitQty>יח`</UnitQty>
      <Quantity>123</Quantity>
      <UnitMeasure>מ"ל</UnitMeasure>
      <BisWeighted>0</BisWeighted>
      <QtyInPackage>1</QtyInPackage>
      <ItemPrice>4.50</ItemPrice>
      <UnitOfMeasurePrice>3.66</UnitOfMeasurePrice>
      <AllowDiscount>1</AllowDiscount>
      <itemStatus>1</itemStatus>
      <LastUpdateDate />
      <LastUpdateTime />
    </Product>
    <Product>
      <PriceUpdateDate>2018/08/13 09:32</PriceUpdateDate>
      <ItemCode>7290014761070</ItemCode>
      <ItemType>1</ItemType>
      <ItemName>מעדן שוקולד לבן יולו (123 גרם)</ItemName>
      <ManufactureName>תנובה - חלב</ManufactureName>
      <ManufactureCountry />
      <ManufactureItemDescription />
      <UnitQty>יח`</UnitQty>
      <Quantity>123</Quantity>
      <UnitMeasure>מ"ל</UnitMeasure>
      <BisWeighted>0</BisWeighted>
      <QtyInPackage>1</QtyInPackage>
      <ItemPrice>4.50</ItemPrice>
      <UnitOfMeasurePrice>3.66</UnitOfMeasurePrice>
      <AllowDiscount>1</AllowDiscount>
      <itemStatus>1</itemStatus>
      <LastUpdateDate />
      <LastUpdateTime />
    </Product>
    <Product>
      <PriceUpdateDate>2018/08/13 09:32</PriceUpdateDate>
      <ItemCode>7290014761193</ItemCode>
      <ItemType>1</ItemType>
      <ItemName>יוגורט עם פירות יער 1.5% פרילי (125 גרם)</ItemName>
      <ManufactureName>תנובה - חלב</ManufactureName>
      <ManufactureCountry />
      <ManufactureItemDescription />
      <UnitQty>יח`</UnitQty>
      <Quantity>125</Quantity>
      <UnitMeasure>מ"ל</UnitMeasure>
      <BisWeighted>0</BisWeighted>
      <QtyInPackage>1</QtyInPackage>
      <ItemPrice>3.50</ItemPrice>
      <UnitOfMeasurePrice>2.80</UnitOfMeasurePrice>
      <AllowDiscount>0</AllowDiscount>
      <itemStatus>1</itemStatus>
      <LastUpdateDate />
      <LastUpdateTime />
    </Product>
    <Product>
      <PriceUpdateDate>2018/08/13 09:32</PriceUpdateDate>
      <ItemCode>7290014761414</ItemCode>
      <ItemType>1</ItemType>
      <ItemName>יולו מעדן שכבות שוקולד חלבי לבן</ItemName>
      <ManufactureName>תנובה - חלב</ManufactureName>
      <ManufactureCountry />
      <ManufactureItemDescription />
      <UnitQty>יח`</UnitQty>
      <Quantity>123</Quantity>
      <UnitMeasure>מ"ל</UnitMeasure>
      <BisWeighted>0</BisWeighted>
      <QtyInPackage>1</QtyInPackage>
      <ItemPrice>4.50</ItemPrice>
      <UnitOfMeasurePrice>3.66</UnitOfMeasurePrice>
      <AllowDiscount>1</AllowDiscount>
      <itemStatus>1</itemStatus>
      <LastUpdateDate />
      <LastUpdateTime />
    </Product>
    <Product>
      <PriceUpdateDate>2018/08/13 09:32</PriceUpdateDate>
      <ItemCode>7290014761612</ItemCode>
      <ItemType>1</ItemType>
      <ItemName>יולו מעדן שכבות שוקולד מריר לבן</ItemName>
      <ManufactureName>תנובה - חלב</ManufactureName>
      <ManufactureCountry />
      <ManufactureItemDescription />
      <UnitQty>יח`</UnitQty>
      <Quantity>123</Quantity>
      <UnitMeasure>מ"ל</UnitMeasure>
      <BisWeighted>0</BisWeighted>
      <QtyInPackage>1</QtyInPackage>
      <ItemPrice>4.50</ItemPrice>
      <UnitOfMeasurePrice>3.66</UnitOfMeasurePrice>
      <AllowDiscount>1</AllowDiscount>
      <itemStatus>1</itemStatus>
      <LastUpdateDate />
      <LastUpdateTime />
    </Product>
    <Product>
      <PriceUpdateDate>2018/08/13 09:32</PriceUpdateDate>
      <ItemCode>7290014761698</ItemCode>
      <ItemType>1</ItemType>
      <ItemName>סמי עמק 28% 600 גר בדצ</ItemName>
      <ManufactureName>תנובה - חלב</ManufactureName>
      <ManufactureCountry />
      <ManufactureItemDescription />
      <UnitQty>יח`</UnitQty>
      <Quantity>600</Quantity>
      <UnitMeasure>גרם</UnitMeasure>
      <BisWeighted>0</BisWeighted>
      <QtyInPackage>1</QtyInPackage>
      <ItemPrice>31</ItemPrice>
      <UnitOfMeasurePrice>5.17</UnitOfMeasurePrice>
      <AllowDiscount>0</AllowDiscount>
      <itemStatus>1</itemStatus>
      <LastUpdateDate />
      <LastUpdateTime />
    </Product>
    <Product>
      <PriceUpdateDate>2018/08/13 09:32</PriceUpdateDate>
      <ItemCode>7290014762756</ItemCode>
      <ItemType>1</ItemType>
      <ItemName>גבינת שמנת 16% עם בצל נפוליאון (225 גרם)</ItemName>
      <ManufactureName>תנובה - חלב</ManufactureName>
      <ManufactureCountry />
      <ManufactureItemDescription />
      <UnitQty>יח`</UnitQty>
      <Quantity>225</Quantity>
      <UnitMeasure>גרם</UnitMeasure>
      <BisWeighted>0</BisWeighted>
      <QtyInPackage>1</QtyInPackage>
      <ItemPrice>13.90</ItemPrice>
      <UnitOfMeasurePrice>6.18</UnitOfMeasurePrice>
      <AllowDiscount>0</AllowDiscount>
      <itemStatus>1</itemStatus>
      <LastUpdateDate />
      <LastUpdateTime />
    </Product>
    <Product>
      <PriceUpdateDate>2018/08/13 09:32</PriceUpdateDate>
      <ItemCode>7290014762763</ItemCode>
      <ItemType>1</ItemType>
      <ItemName>מאגדת שמיניית פרילי תות 125 גר`</ItemName>
      <ManufactureName>תנובה - חלב</ManufactureName>
      <ManufactureCountry />
      <ManufactureItemDescription />
      <UnitQty>יח`</UnitQty>
      <Quantity>1000</Quantity>
      <UnitMeasure>גרם</UnitMeasure>
      <BisWeighted>0</BisWeighted>
      <QtyInPackage>1</QtyInPackage>
      <ItemPrice>20.50</ItemPrice>
      <UnitOfMeasurePrice>2.05</UnitOfMeasurePrice>
      <AllowDiscount>0</AllowDiscount>
      <itemStatus>1</itemStatus>
      <LastUpdateDate />
      <LastUpdateTime />
    </Product>
    <Product>
      <PriceUpdateDate>2017/08/27 09:13</PriceUpdateDate>
      <ItemCode>7290014762770</ItemCode>
      <ItemType>1</ItemType>
      <ItemName>מעדן סויה טעם אפרסק</ItemName>
      <ManufactureName>תנובה - חלב</ManufactureName>
      <ManufactureCountry />
      <ManufactureItemDescription />
      <UnitQty>יח`</UnitQty>
      <Quantity>125</Quantity>
      <UnitMeasure>גרם</UnitMeasure>
      <BisWeighted>0</BisWeighted>
      <QtyInPackage>1</QtyInPackage>
      <ItemPrice>3.90</ItemPrice>
      <UnitOfMeasurePrice>3.12</UnitOfMeasurePrice>
      <AllowDiscount>0</AllowDiscount>
      <itemStatus>1</itemStatus>
      <LastUpdateDate />
      <LastUpdateTime />
    </Product>
    <Product>
      <PriceUpdateDate>2017/08/27 09:13</PriceUpdateDate>
      <ItemCode>7290014762794</ItemCode>
      <ItemType>1</ItemType>
      <ItemName>מעדן סויה במתיקות מעודנת</ItemName>
      <ManufactureName>תנובה - חלב</ManufactureName>
      <ManufactureCountry />
      <ManufactureItemDescription />
      <UnitQty>יח`</UnitQty>
      <Quantity>125</Quantity>
      <UnitMeasure>גרם</UnitMeasure>
      <BisWeighted>0</BisWeighted>
      <QtyInPackage>1</QtyInPackage>
      <ItemPrice>3.90</ItemPrice>
      <UnitOfMeasurePrice>3.12</UnitOfMeasurePrice>
      <AllowDiscount>0</AllowDiscount>
      <itemStatus>1</itemStatus>
      <LastUpdateDate />
      <LastUpdateTime />
    </Product>
    <Product>
      <PriceUpdateDate>2017/08/27 09:13</PriceUpdateDate>
      <ItemCode>7290014762800</ItemCode>
      <ItemType>1</ItemType>
      <ItemName>מעדן סויה טעם שוקולד</ItemName>
      <ManufactureName>תנובה - חלב</ManufactureName>
      <ManufactureCountry />
      <ManufactureItemDescription />
      <UnitQty>יח`</UnitQty>
      <Quantity>125</Quantity>
      <UnitMeasure>גרם</UnitMeasure>
      <BisWeighted>0</BisWeighted>
      <QtyInPackage>1</QtyInPackage>
      <ItemPrice>3.90</ItemPrice>
      <UnitOfMeasurePrice>3.12</UnitOfMeasurePrice>
      <AllowDiscount>0</AllowDiscount>
      <itemStatus>1</itemStatus>
      <LastUpdateDate />
      <LastUpdateTime />
    </Product>
    <Product>
      <PriceUpdateDate>2018/08/13 09:32</PriceUpdateDate>
      <ItemCode>7290014762831</ItemCode>
      <ItemType>1</ItemType>
      <ItemName>גבינת נפוליאון 225 גר` חלפיניו גביע</ItemName>
      <ManufactureName>תנובה - חלב</ManufactureName>
      <ManufactureCountry />
      <ManufactureItemDescription />
      <UnitQty>יח`</UnitQty>
      <Quantity>225</Quantity>
      <UnitMeasure>גרם</UnitMeasure>
      <BisWeighted>0</BisWeighted>
      <QtyInPackage>1</QtyInPackage>
      <ItemPrice>13.90</ItemPrice>
      <UnitOfMeasurePrice>6.18</UnitOfMeasurePrice>
      <AllowDiscount>0</AllowDiscount>
      <itemStatus>1</itemStatus>
      <LastUpdateDate />
      <LastUpdateTime />
    </Product>
    <Product>
      <PriceUpdateDate>2017/11/06 08:03</PriceUpdateDate>
      <ItemCode>7290014762848</ItemCode>
      <ItemType>1</ItemType>
      <ItemName>פתיתי גלבוע 22% 500 גר</ItemName>
      <ManufactureName>תנובה - חלב</ManufactureName>
      <ManufactureCountry />
      <ManufactureItemDescription />
      <UnitQty>יח`</UnitQty>
      <Quantity>500</Quantity>
      <UnitMeasure>גרם</UnitMeasure>
      <BisWeighted>0</BisWeighted>
      <QtyInPackage>1</QtyInPackage>
      <ItemPrice>33.90</ItemPrice>
      <UnitOfMeasurePrice>6.78</UnitOfMeasurePrice>
      <AllowDiscount>0</AllowDiscount>
      <itemStatus>1</itemStatus>
      <LastUpdateDate />
      <LastUpdateTime />
    </Product>
    <Product>
      <PriceUpdateDate>2019/05/07 16:31</PriceUpdateDate>
      <ItemCode>7290014762909</ItemCode>
      <ItemType>1</ItemType>
      <ItemName>פתיתי מוצרלה 200 גרם</ItemName>
      <ManufactureName>תנובה - חלב</ManufactureName>
      <ManufactureCountry />
      <ManufactureItemDescription />
      <UnitQty>יח`</UnitQty>
      <Quantity>200</Quantity>
      <UnitMeasure>גרם</UnitMeasure>
      <BisWeighted>0</BisWeighted>
      <QtyInPackage>1</QtyInPackage>
      <ItemPrice>15.90</ItemPrice>
      <UnitOfMeasurePrice>7.95</UnitOfMeasurePrice>
      <AllowDiscount>0</AllowDiscount>
      <itemStatus>1</itemStatus>
      <LastUpdateDate />
      <LastUpdateTime />
    </Product>
    <Product>
      <PriceUpdateDate>2018/08/13 09:32</PriceUpdateDate>
      <ItemCode>7290014763098</ItemCode>
      <ItemType>1</ItemType>
      <ItemName>קרם גבינה שמנת 5% טוסקנה 200 גרם</ItemName>
      <ManufactureName>תנובה - חלב</ManufactureName>
      <ManufactureCountry />
      <ManufactureItemDescription />
      <UnitQty>יח`</UnitQty>
      <Quantity>200</Quantity>
      <UnitMeasure>גרם</UnitMeasure>
      <BisWeighted>0</BisWeighted>
      <QtyInPackage>1</QtyInPackage>
      <ItemPrice>11.50</ItemPrice>
      <UnitOfMeasurePrice>5.75</UnitOfMeasurePrice>
      <AllowDiscount>0</AllowDiscount>
      <itemStatus>1</itemStatus>
      <LastUpdateDate />
      <LastUpdateTime />
    </Product>
    <Product>
      <PriceUpdateDate>2016/06/17 08:12</PriceUpdateDate>
      <ItemCode>7290014763289</ItemCode>
      <ItemType>1</ItemType>
      <ItemName>משקה סויה BIO עם תפוח ופטל בתוספת חיידקי</ItemName>
      <ManufactureName>תנובה - חלב</ManufactureName>
      <ManufactureCountry />
      <ManufactureItemDescription />
      <UnitQty>יח`</UnitQty>
      <Quantity>250</Quantity>
      <UnitMeasure>גרם</UnitMeasure>
      <BisWeighted>0</BisWeighted>
      <QtyInPackage>1</QtyInPackage>
      <ItemPrice>5.30</ItemPrice>
      <UnitOfMeasurePrice>2.12</UnitOfMeasurePrice>
      <AllowDiscount>0</AllowDiscount>
      <itemStatus>1</itemStatus>
      <LastUpdateDate />
      <LastUpdateTime />
    </Product>
    <Product>
      <PriceUpdateDate>2016/06/17 08:12</PriceUpdateDate>
      <ItemCode>7290014763401</ItemCode>
      <ItemType>1</ItemType>
      <ItemName>משקה סויה BIO עם אפרסק בתוספת חיידקי יוג</ItemName>
      <ManufactureName>תנובה - חלב</ManufactureName>
      <ManufactureCountry />
      <ManufactureItemDescription />
      <UnitQty>יח`</UnitQty>
      <Quantity>250</Quantity>
      <UnitMeasure>גרם</UnitMeasure>
      <BisWeighted>0</BisWeighted>
      <QtyInPackage>1</QtyInPackage>
      <ItemPrice>5.30</ItemPrice>
      <UnitOfMeasurePrice>2.12</UnitOfMeasurePrice>
      <AllowDiscount>0</AllowDiscount>
      <itemStatus>1</itemStatus>
      <LastUpdateDate />
      <LastUpdateTime />
    </Product>
    <Product>
      <PriceUpdateDate>2018/08/13 09:32</PriceUpdateDate>
      <ItemCode>7290014763418</ItemCode>
      <ItemType>1</ItemType>
      <ItemName>יוגורט כד 1.5 ליטר 4%</ItemName>
      <ManufactureName>תנובה - חלב</ManufactureName>
      <ManufactureCountry />
      <ManufactureItemDescription />
      <UnitQty>יח`</UnitQty>
      <Quantity>1.50</Quantity>
      <UnitMeasure>1 ליטר</UnitMeasure>
      <BisWeighted>0</BisWeighted>
      <QtyInPackage>1</QtyInPackage>
      <ItemPrice>16.50</ItemPrice>
      <UnitOfMeasurePrice>11</UnitOfMeasurePrice>
      <AllowDiscount>0</AllowDiscount>
      <itemStatus>1</itemStatus>
      <LastUpdateDate />
      <LastUpdateTime />
    </Product>
    <Product>
      <PriceUpdateDate>2018/01/10 11:31</PriceUpdateDate>
      <ItemCode>7290014763579</ItemCode>
      <ItemType>1</ItemType>
      <ItemName>מעדן סויה ביו בטעם פירות יער 125 גר`</ItemName>
      <ManufactureName>תנובה - חלב</ManufactureName>
      <ManufactureCountry />
      <ManufactureItemDescription />
      <UnitQty>יח`</UnitQty>
      <Quantity>125</Quantity>
      <UnitMeasure>גרם</UnitMeasure>
      <BisWeighted>0</BisWeighted>
      <QtyInPackage>1</QtyInPackage>
      <ItemPrice>3.90</ItemPrice>
      <UnitOfMeasurePrice>3.12</UnitOfMeasurePrice>
      <AllowDiscount>0</AllowDiscount>
      <itemStatus>1</itemStatus>
      <LastUpdateDate />
      <LastUpdateTime />
    </Product>
    <Product>
      <PriceUpdateDate>2016/12/09 09:18</PriceUpdateDate>
      <ItemCode>7290014763678</ItemCode>
      <ItemType>1</ItemType>
      <ItemName>משקה טעם וניל תנובה GO</ItemName>
      <ManufactureName>תנובה - חלב</ManufactureName>
      <ManufactureCountry />
      <ManufactureItemDescription />
      <UnitQty>יח`</UnitQty>
      <Quantity>250</Quantity>
      <UnitMeasure>מ"ל</UnitMeasure>
      <BisWeighted>0</BisWeighted>
      <QtyInPackage>1</QtyInPackage>
      <ItemPrice>5.90</ItemPrice>
      <UnitOfMeasurePrice>2.36</UnitOfMeasurePrice>
      <AllowDiscount>1</AllowDiscount>
      <itemStatus>1</itemStatus>
      <LastUpdateDate />
      <LastUpdateTime />
    </Product>
    <Product>
      <PriceUpdateDate>2014/08/17 08:41</PriceUpdateDate>
      <ItemCode>7290014785113</ItemCode>
      <ItemType>1</ItemType>
      <ItemName>רוטב טריאקי טעמי אסיה (500 מל)</ItemName>
      <ManufactureName>טעמי אסיה בעמ</ManufactureName>
      <ManufactureCountry />
      <ManufactureItemDescription />
      <UnitQty>יח`</UnitQty>
      <Quantity>500</Quantity>
      <UnitMeasure>מ"ל</UnitMeasure>
      <BisWeighted>0</BisWeighted>
      <QtyInPackage>1</QtyInPackage>
      <ItemPrice>14.90</ItemPrice>
      <UnitOfMeasurePrice>2.98</UnitOfMeasurePrice>
      <AllowDiscount>0</AllowDiscount>
      <itemStatus>1</itemStatus>
      <LastUpdateDate />
      <LastUpdateTime />
    </Product>
    <Product>
      <PriceUpdateDate>2019/06/20 15:39</PriceUpdateDate>
      <ItemCode>7290014785564</ItemCode>
      <ItemType>1</ItemType>
      <ItemName>אטריות אודון מוכנות 200 גר`</ItemName>
      <ManufactureName>טעמי אסיה בעמ</ManufactureName>
      <ManufactureCountry />
      <ManufactureItemDescription />
      <UnitQty>יח`</UnitQty>
      <Quantity>200</Quantity>
      <UnitMeasure>גרם</UnitMeasure>
      <BisWeighted>0</BisWeighted>
      <QtyInPackage>1</QtyInPackage>
      <ItemPrice>4.90</ItemPrice>
      <UnitOfMeasurePrice>2.45</UnitOfMeasurePrice>
      <AllowDiscount>1</AllowDiscount>
      <itemStatus>1</itemStatus>
      <LastUpdateDate />
      <LastUpdateTime />
    </Product>
    <Product>
      <PriceUpdateDate>2019/06/20 15:39</PriceUpdateDate>
      <ItemCode>7290014785571</ItemCode>
      <ItemType>1</ItemType>
      <ItemName>אטריות מוכנות להקפצה 200 גר`</ItemName>
      <ManufactureName>טעמי אסיה בעמ</ManufactureName>
      <ManufactureCountry />
      <ManufactureItemDescription />
      <UnitQty>יח`</UnitQty>
      <Quantity>200</Quantity>
      <UnitMeasure>גרם</UnitMeasure>
      <BisWeighted>0</BisWeighted>
      <QtyInPackage>1</QtyInPackage>
      <ItemPrice>4.90</ItemPrice>
      <UnitOfMeasurePrice>2.45</UnitOfMeasurePrice>
      <AllowDiscount>1</AllowDiscount>
      <itemStatus>1</itemStatus>
      <LastUpdateDate />
      <LastUpdateTime />
    </Product>
    <Product>
      <PriceUpdateDate>2019/06/20 15:39</PriceUpdateDate>
      <ItemCode>7290014785588</ItemCode>
      <ItemType>1</ItemType>
      <ItemName>אטריות ראמן מוכנות 180 גר`</ItemName>
      <ManufactureName>טעמי אסיה בעמ</ManufactureName>
      <ManufactureCountry />
      <ManufactureItemDescription />
      <UnitQty>יח`</UnitQty>
      <Quantity>180</Quantity>
      <UnitMeasure>גרם</UnitMeasure>
      <BisWeighted>0</BisWeighted>
      <QtyInPackage>1</QtyInPackage>
      <ItemPrice>4.90</ItemPrice>
      <UnitOfMeasurePrice>2.72</UnitOfMeasurePrice>
      <AllowDiscount>1</AllowDiscount>
      <itemStatus>1</itemStatus>
      <LastUpdateDate />
      <LastUpdateTime />
    </Product>
    <Product>
      <PriceUpdateDate>2019/01/15 08:38</PriceUpdateDate>
      <ItemCode>7290014791213</ItemCode>
      <ItemType>1</ItemType>
      <ItemName>שוופס ווטר 0 קלוריות תפוח 1.5 ליטר</ItemName>
      <ManufactureName>יפאורה</ManufactureName>
      <ManufactureCountry />
      <ManufactureItemDescription />
      <UnitQty>יח`</UnitQty>
      <Quantity>1500</Quantity>
      <UnitMeasure>מ"ל</UnitMeasure>
      <BisWeighted>0</BisWeighted>
      <QtyInPackage>1</QtyInPackage>
      <ItemPrice>6.30</ItemPrice>
      <UnitOfMeasurePrice>0.42</UnitOfMeasurePrice>
      <AllowDiscount>1</AllowDiscount>
      <itemStatus>1</itemStatus>
      <LastUpdateDate />
      <LastUpdateTime />
    </Product>
    <Product>
      <PriceUpdateDate>2019/01/15 08:38</PriceUpdateDate>
      <ItemCode>7290014791237</ItemCode>
      <ItemType>1</ItemType>
      <ItemName>שוופס ווטר 0 קלוריות אפרסק 1.5 ליטר</ItemName>
      <ManufactureName>יפאורה</ManufactureName>
      <ManufactureCountry />
      <ManufactureItemDescription />
      <UnitQty>יח`</UnitQty>
      <Quantity>1500</Quantity>
      <UnitMeasure>מ"ל</UnitMeasure>
      <BisWeighted>0</BisWeighted>
      <QtyInPackage>1</QtyInPackage>
      <ItemPrice>6.30</ItemPrice>
      <UnitOfMeasurePrice>0.42</UnitOfMeasurePrice>
      <AllowDiscount>1</AllowDiscount>
      <itemStatus>1</itemStatus>
      <LastUpdateDate />
      <LastUpdateTime />
    </Product>
    <Product>
      <PriceUpdateDate>2020/02/24 07:15</PriceUpdateDate>
      <ItemCode>7290014791558</ItemCode>
      <ItemType>1</ItemType>
      <ItemName>רביעייה שוופס סודה נענע ליים 1.5 ליטר</ItemName>
      <ManufactureName>יפאורה</ManufactureName>
      <ManufactureCountry />
      <ManufactureItemDescription />
      <UnitQty>יח`</UnitQty>
      <Quantity>6</Quantity>
      <UnitMeasure>1 ליטר</UnitMeasure>
      <BisWeighted>0</BisWeighted>
      <QtyInPackage>1</QtyInPackage>
      <ItemPrice>11</ItemPrice>
      <UnitOfMeasurePrice>1.83</UnitOfMeasurePrice>
      <AllowDiscount>0</AllowDiscount>
      <itemStatus>1</itemStatus>
      <LastUpdateDate />
      <LastUpdateTime />
    </Product>
    <Product>
      <PriceUpdateDate>2019/01/15 08:38</PriceUpdateDate>
      <ItemCode>7290014791565</ItemCode>
      <ItemType>1</ItemType>
      <ItemName>משקה מוגז בטעם ענבים שוופס (1.5 ליטר)</ItemName>
      <ManufactureName>יפאורה</ManufactureName>
      <ManufactureCountry />
      <ManufactureItemDescription />
      <UnitQty>יח`</UnitQty>
      <Quantity>1.50</Quantity>
      <UnitMeasure>1 ליטר</UnitMeasure>
      <BisWeighted>0</BisWeighted>
      <QtyInPackage>1</QtyInPackage>
      <ItemPrice>6.90</ItemPrice>
      <UnitOfMeasurePrice>4.60</UnitOfMeasurePrice>
      <AllowDiscount>1</AllowDiscount>
      <itemStatus>1</itemStatus>
      <LastUpdateDate />
      <LastUpdateTime />
    </Product>
    <Product>
      <PriceUpdateDate>2019/03/24 12:39</PriceUpdateDate>
      <ItemCode>7290014791589</ItemCode>
      <ItemType>1</ItemType>
      <ItemName>משקה קל לימונדה נענע תפוזינה (1.5 ליטר)</ItemName>
      <ManufactureName>יפאורה</ManufactureName>
      <ManufactureCountry />
      <ManufactureItemDescription />
      <UnitQty>יח`</UnitQty>
      <Quantity>1500</Quantity>
      <UnitMeasure>מ"ל</UnitMeasure>
      <BisWeighted>0</BisWeighted>
      <QtyInPackage>1</QtyInPackage>
      <ItemPrice>6.50</ItemPrice>
      <UnitOfMeasurePrice>0.43</UnitOfMeasurePrice>
      <AllowDiscount>1</AllowDiscount>
      <itemStatus>1</itemStatus>
      <LastUpdateDate />
      <LastUpdateTime />
    </Product>
    <Product>
      <PriceUpdateDate>2015/06/18 08:02</PriceUpdateDate>
      <ItemCode>7290014791770</ItemCode>
      <ItemType>1</ItemType>
      <ItemName>משקה בטעם ענבים פרוט ווטר (1.5 ליטר)</ItemName>
      <ManufactureName>יפאורה</ManufactureName>
      <ManufactureCountry />
      <ManufactureItemDescription />
      <UnitQty>יח`</UnitQty>
      <Quantity>1500</Quantity>
      <UnitMeasure>מ"ל</UnitMeasure>
      <BisWeighted>0</BisWeighted>
      <QtyInPackage>1</QtyInPackage>
      <ItemPrice>6.90</ItemPrice>
      <UnitOfMeasurePrice>0.46</UnitOfMeasurePrice>
      <AllowDiscount>1</AllowDiscount>
      <itemStatus>1</itemStatus>
      <LastUpdateDate />
      <LastUpdateTime />
    </Product>
    <Product>
      <PriceUpdateDate>2015/06/18 08:02</PriceUpdateDate>
      <ItemCode>7290014791787</ItemCode>
      <ItemType>1</ItemType>
      <ItemName>משקה בטעם אננס פרוט ווטר (1.5 ליטר)</ItemName>
      <ManufactureName>יפאורה</ManufactureName>
      <ManufactureCountry />
      <ManufactureItemDescription />
      <UnitQty>יח`</UnitQty>
      <Quantity>1500</Quantity>
      <UnitMeasure>מ"ל</UnitMeasure>
      <BisWeighted>0</BisWeighted>
      <QtyInPackage>1</QtyInPackage>
      <ItemPrice>6.90</ItemPrice>
      <UnitOfMeasurePrice>0.46</UnitOfMeasurePrice>
      <AllowDiscount>1</AllowDiscount>
      <itemStatus>1</itemStatus>
      <LastUpdateDate />
      <LastUpdateTime />
    </Product>
    <Product>
      <PriceUpdateDate>2015/06/18 08:02</PriceUpdateDate>
      <ItemCode>7290014791800</ItemCode>
      <ItemType>1</ItemType>
      <ItemName>משקה בטעם אפרסק פרוט ווטר (1.5 ליטר)</ItemName>
      <ManufactureName>יפאורה</ManufactureName>
      <ManufactureCountry />
      <ManufactureItemDescription />
      <UnitQty>יח`</UnitQty>
      <Quantity>1500</Quantity>
      <UnitMeasure>מ"ל</UnitMeasure>
      <BisWeighted>0</BisWeighted>
      <QtyInPackage>1</QtyInPackage>
      <ItemPrice>6.90</ItemPrice>
      <UnitOfMeasurePrice>0.46</UnitOfMeasurePrice>
      <AllowDiscount>1</AllowDiscount>
      <itemStatus>1</itemStatus>
      <LastUpdateDate />
      <LastUpdateTime />
    </Product>
    <Product>
      <PriceUpdateDate>2015/06/18 08:02</PriceUpdateDate>
      <ItemCode>7290014791817</ItemCode>
      <ItemType>1</ItemType>
      <ItemName>משקה בטעם אבטיח פרוט ווטר (1.5 ליטר)</ItemName>
      <ManufactureName>יפאורה</ManufactureName>
      <ManufactureCountry />
      <ManufactureItemDescription />
      <UnitQty>יח`</UnitQty>
      <Quantity>1500</Quantity>
      <UnitMeasure>מ"ל</UnitMeasure>
      <BisWeighted>0</BisWeighted>
      <QtyInPackage>1</QtyInPackage>
      <ItemPrice>6.90</ItemPrice>
      <UnitOfMeasurePrice>0.46</UnitOfMeasurePrice>
      <AllowDiscount>1</AllowDiscount>
      <itemStatus>1</itemStatus>
      <LastUpdateDate />
      <LastUpdateTime />
    </Product>
    <Product>
      <PriceUpdateDate>2016/01/19 08:27</PriceUpdateDate>
      <ItemCode>7290014791824</ItemCode>
      <ItemType>1</ItemType>
      <ItemName>משקה בטעם תות פרוט ווטר (1.5 ליטר)</ItemName>
      <ManufactureName>יפאורה</ManufactureName>
      <ManufactureCountry />
      <ManufactureItemDescription />
      <UnitQty>יח`</UnitQty>
      <Quantity>1500</Quantity>
      <UnitMeasure>מ"ל</UnitMeasure>
      <BisWeighted>0</BisWeighted>
      <QtyInPackage>1</QtyInPackage>
      <ItemPrice>6.90</ItemPrice>
      <UnitOfMeasurePrice>0.46</UnitOfMeasurePrice>
      <AllowDiscount>1</AllowDiscount>
      <itemStatus>1</itemStatus>
      <LastUpdateDate />
      <LastUpdateTime />
    </Product>
    <Product>
      <PriceUpdateDate>2015/06/24 08:17</PriceUpdateDate>
      <ItemCode>7290014855434</ItemCode>
      <ItemType>1</ItemType>
      <ItemName>מגבונים בייביסיטר רביעייה</ItemName>
      <ManufactureName>שקד תבל בעמ</ManufactureName>
      <ManufactureCountry />
      <ManufactureItemDescription />
      <UnitQty>יח`</UnitQty>
      <Quantity>1</Quantity>
      <UnitMeasure />
      <BisWeighted>0</BisWeighted>
      <QtyInPackage>1</QtyInPackage>
      <ItemPrice>17.90</ItemPrice>
      <UnitOfMeasurePrice>17.90</UnitOfMeasurePrice>
      <AllowDiscount>1</AllowDiscount>
      <itemStatus>1</itemStatus>
      <LastUpdateDate />
      <LastUpdateTime />
    </Product>
    <Product>
      <PriceUpdateDate>2015/06/24 08:17</PriceUpdateDate>
      <ItemCode>7290014855458</ItemCode>
      <ItemType>1</ItemType>
      <ItemName>מגבונים בייביסיטר רביעייה</ItemName>
      <ManufactureName>שקד תבל בעמ</ManufactureName>
      <ManufactureCountry />
      <ManufactureItemDescription />
      <UnitQty>יח`</UnitQty>
      <Quantity>1</Quantity>
      <UnitMeasure />
      <BisWeighted>0</BisWeighted>
      <QtyInPackage>1</QtyInPackage>
      <ItemPrice>17.90</ItemPrice>
      <UnitOfMeasurePrice>17.90</UnitOfMeasurePrice>
      <AllowDiscount>1</AllowDiscount>
      <itemStatus>1</itemStatus>
      <LastUpdateDate />
      <LastUpdateTime />
    </Product>
    <Product>
      <PriceUpdateDate>2015/05/28 09:47</PriceUpdateDate>
      <ItemCode>7290014905160</ItemCode>
      <ItemType>1</ItemType>
      <ItemName>הפי מבשם פניני ריח יעקבי (130 גרם)</ItemName>
      <ManufactureName>יעקב יעקבי ובניו בעמ</ManufactureName>
      <ManufactureCountry />
      <ManufactureItemDescription />
      <UnitQty>יח`</UnitQty>
      <Quantity>1</Quantity>
      <UnitMeasure />
      <BisWeighted>0</BisWeighted>
      <QtyInPackage>1</QtyInPackage>
      <ItemPrice>14.90</ItemPrice>
      <UnitOfMeasurePrice>14.90</UnitOfMeasurePrice>
      <AllowDiscount>0</AllowDiscount>
      <itemStatus>1</itemStatus>
      <LastUpdateDate />
      <LastUpdateTime />
    </Product>
    <Product>
      <PriceUpdateDate>2015/03/16 09:50</PriceUpdateDate>
      <ItemCode>7290014905894</ItemCode>
      <ItemType>1</ItemType>
      <ItemName>הפי אוקסי ספריי</ItemName>
      <ManufactureName>יעקב יעקבי ובניו בעמ</ManufactureName>
      <ManufactureCountry />
      <ManufactureItemDescription />
      <UnitQty>יח`</UnitQty>
      <Quantity>500</Quantity>
      <UnitMeasure>מ"ל</UnitMeasure>
      <BisWeighted>0</BisWeighted>
      <QtyInPackage>1</QtyInPackage>
      <ItemPrice>14.90</ItemPrice>
      <UnitOfMeasurePrice>2.98</UnitOfMeasurePrice>
      <AllowDiscount>0</AllowDiscount>
      <itemStatus>1</itemStatus>
      <LastUpdateDate />
      <LastUpdateTime />
    </Product>
    <Product>
      <PriceUpdateDate>2017/03/01 08:11</PriceUpdateDate>
      <ItemCode>7290014940901</ItemCode>
      <ItemType>1</ItemType>
      <ItemName>לחם פשוט מלא לילדים פרוס אנג`ל (750 גרם)</ItemName>
      <ManufactureName>שלמה א. אנג`ל בעמ</ManufactureName>
      <ManufactureCountry />
      <ManufactureItemDescription />
      <UnitQty>יח`</UnitQty>
      <Quantity>500</Quantity>
      <UnitMeasure>גרם</UnitMeasure>
      <BisWeighted>0</BisWeighted>
      <QtyInPackage>1</QtyInPackage>
      <ItemPrice>12.90</ItemPrice>
      <UnitOfMeasurePrice>2.58</UnitOfMeasurePrice>
      <AllowDiscount>1</AllowDiscount>
      <itemStatus>1</itemStatus>
      <LastUpdateDate />
      <LastUpdateTime />
    </Product>
    <Product>
      <PriceUpdateDate>2016/03/08 08:07</PriceUpdateDate>
      <ItemCode>7290014947047</ItemCode>
      <ItemType>1</ItemType>
      <ItemName>פריכיות כוסמת עם מלח</ItemName>
      <ManufactureName>זנבר טבע בעמ</ManufactureName>
      <ManufactureCountry />
      <ManufactureItemDescription />
      <UnitQty>יח`</UnitQty>
      <Quantity>25</Quantity>
      <UnitMeasure>גרם</UnitMeasure>
      <BisWeighted>0</BisWeighted>
      <QtyInPackage>1</QtyInPackage>
      <ItemPrice>9.90</ItemPrice>
      <UnitOfMeasurePrice>39.60</UnitOfMeasurePrice>
      <AllowDiscount>0</AllowDiscount>
      <itemStatus>1</itemStatus>
      <LastUpdateDate />
      <LastUpdateTime />
    </Product>
    <Product>
      <PriceUpdateDate>2020/04/30 06:50</PriceUpdateDate>
      <ItemCode>7290014947108</ItemCode>
      <ItemType>1</ItemType>
      <ItemName>זן בר פריכיות כוסמין ללא מלח 120 גר</ItemName>
      <ManufactureName>אבאל יזמות בעמ</ManufactureName>
      <ManufactureCountry />
      <ManufactureItemDescription />
      <UnitQty>יח`</UnitQty>
      <Quantity>120</Quantity>
      <UnitMeasure>גרם</UnitMeasure>
      <BisWeighted>0</BisWeighted>
      <QtyInPackage>1</QtyInPackage>
      <ItemPrice>7.90</ItemPrice>
      <UnitOfMeasurePrice>6.58</UnitOfMeasurePrice>
      <AllowDiscount>0</AllowDiscount>
      <itemStatus>1</itemStatus>
      <LastUpdateDate />
      <LastUpdateTime />
    </Product>
    <Product>
      <PriceUpdateDate>2020/04/30 06:50</PriceUpdateDate>
      <ItemCode>7290014947115</ItemCode>
      <ItemType>1</ItemType>
      <ItemName>זן בר פריכיות כוסמת עם מלח 120 גר</ItemName>
      <ManufactureName>אבאל יזמות בעמ</ManufactureName>
      <ManufactureCountry />
      <ManufactureItemDescription />
      <UnitQty>יח`</UnitQty>
      <Quantity>120</Quantity>
      <UnitMeasure>גרם</UnitMeasure>
      <BisWeighted>0</BisWeighted>
      <QtyInPackage>1</QtyInPackage>
      <ItemPrice>7.90</ItemPrice>
      <UnitOfMeasurePrice>6.58</UnitOfMeasurePrice>
      <AllowDiscount>0</AllowDiscount>
      <itemStatus>1</itemStatus>
      <LastUpdateDate />
      <LastUpdateTime />
    </Product>
    <Product>
      <PriceUpdateDate>2020/04/30 06:50</PriceUpdateDate>
      <ItemCode>7290014947122</ItemCode>
      <ItemType>1</ItemType>
      <ItemName>זן בר פריכיות כוסמת ללא מלח 120 גר</ItemName>
      <ManufactureName>אבאל יזמות בעמ</ManufactureName>
      <ManufactureCountry />
      <ManufactureItemDescription />
      <UnitQty>יח`</UnitQty>
      <Quantity>120</Quantity>
      <UnitMeasure>גרם</UnitMeasure>
      <BisWeighted>0</BisWeighted>
      <QtyInPackage>1</QtyInPackage>
      <ItemPrice>7.90</ItemPrice>
      <UnitOfMeasurePrice>6.58</UnitOfMeasurePrice>
      <AllowDiscount>0</AllowDiscount>
      <itemStatus>1</itemStatus>
      <LastUpdateDate />
      <LastUpdateTime />
    </Product>
    <Product>
      <PriceUpdateDate>2020/04/30 06:50</PriceUpdateDate>
      <ItemCode>7290014947139</ItemCode>
      <ItemType>1</ItemType>
      <ItemName>זן בר פריכיות תירס עם מלח 120 גר</ItemName>
      <ManufactureName>אבאל יזמות בעמ</ManufactureName>
      <ManufactureCountry />
      <ManufactureItemDescription />
      <UnitQty>יח`</UnitQty>
      <Quantity>120</Quantity>
      <UnitMeasure>גרם</UnitMeasure>
      <BisWeighted>0</BisWeighted>
      <QtyInPackage>1</QtyInPackage>
      <ItemPrice>7.90</ItemPrice>
      <UnitOfMeasurePrice>6.58</UnitOfMeasurePrice>
      <AllowDiscount>0</AllowDiscount>
      <itemStatus>1</itemStatus>
      <LastUpdateDate />
      <LastUpdateTime />
    </Product>
    <Product>
      <PriceUpdateDate>2015/06/23 09:05</PriceUpdateDate>
      <ItemCode>7290015025423</ItemCode>
      <ItemType>1</ItemType>
      <ItemName>חטיף דגנים עם חלווה ללא תוספת סוכר 6יח`</ItemName>
      <ManufactureName>דנשר (1963) בעמ</ManufactureName>
      <ManufactureCountry />
      <ManufactureItemDescription />
      <UnitQty>יח`</UnitQty>
      <Quantity>720</Quantity>
      <UnitMeasure>גרם</UnitMeasure>
      <BisWeighted>0</BisWeighted>
      <QtyInPackage>1</QtyInPackage>
      <ItemPrice>14.90</ItemPrice>
      <UnitOfMeasurePrice>2.07</UnitOfMeasurePrice>
      <AllowDiscount>0</AllowDiscount>
      <itemStatus>1</itemStatus>
      <LastUpdateDate />
      <LastUpdateTime />
    </Product>
    <Product>
      <PriceUpdateDate>2019/06/07 11:21</PriceUpdateDate>
      <ItemCode>7290015039130</ItemCode>
      <ItemType>1</ItemType>
      <ItemName>חמאה ללא מלח 200 גר</ItemName>
      <ManufactureName>ג.וילי-פוד אינטרנשיונל בעמ</ManufactureName>
      <ManufactureCountry />
      <ManufactureItemDescription />
      <UnitQty>יח`</UnitQty>
      <Quantity>200</Quantity>
      <UnitMeasure>גרם</UnitMeasure>
      <BisWeighted>0</BisWeighted>
      <QtyInPackage>1</QtyInPackage>
      <ItemPrice>6.80</ItemPrice>
      <UnitOfMeasurePrice>3.40</UnitOfMeasurePrice>
      <AllowDiscount>0</AllowDiscount>
      <itemStatus>1</itemStatus>
      <LastUpdateDate />
      <LastUpdateTime />
    </Product>
    <Product>
      <PriceUpdateDate>2015/12/01 16:31</PriceUpdateDate>
      <ItemCode>7290015039253</ItemCode>
      <ItemType>1</ItemType>
      <ItemName>עלי גפן במי מלח 620 גר</ItemName>
      <ManufactureName>ג.וילי-פוד אינטרנשיונל בעמ</ManufactureName>
      <ManufactureCountry />
      <ManufactureItemDescription />
      <UnitQty>יח`</UnitQty>
      <Quantity>620</Quantity>
      <UnitMeasure>גרם</UnitMeasure>
      <BisWeighted>0</BisWeighted>
      <QtyInPackage>1</QtyInPackage>
      <ItemPrice>11.90</ItemPrice>
      <UnitOfMeasurePrice>1.92</UnitOfMeasurePrice>
      <AllowDiscount>0</AllowDiscount>
      <itemStatus>1</itemStatus>
      <LastUpdateDate />
      <LastUpdateTime />
    </Product>
    <Product>
      <PriceUpdateDate>2015/03/04 09:12</PriceUpdateDate>
      <ItemCode>7290015150088</ItemCode>
      <ItemType>1</ItemType>
      <ItemName>מחית עגבניות קלה גראנד איטליה (700 גרם)</ItemName>
      <ManufactureName>תה ויסוצקי (ישראל) בעמ</ManufactureName>
      <ManufactureCountry />
      <ManufactureItemDescription />
      <UnitQty>יח`</UnitQty>
      <Quantity>700</Quantity>
      <UnitMeasure>גרם</UnitMeasure>
      <BisWeighted>0</BisWeighted>
      <QtyInPackage>1</QtyInPackage>
      <ItemPrice>13.90</ItemPrice>
      <UnitOfMeasurePrice>1.99</UnitOfMeasurePrice>
      <AllowDiscount>0</AllowDiscount>
      <itemStatus>1</itemStatus>
      <LastUpdateDate />
      <LastUpdateTime />
    </Product>
    <Product>
      <PriceUpdateDate>2019/09/17 10:18</PriceUpdateDate>
      <ItemCode>7290015150118</ItemCode>
      <ItemType>1</ItemType>
      <ItemName>עגבניות חתוכות דק 400 גר`*3</ItemName>
      <ManufactureName>תה ויסוצקי (ישראל) בעמ</ManufactureName>
      <ManufactureCountry />
      <ManufactureItemDescription />
      <UnitQty>יח`</UnitQty>
      <Quantity>400</Quantity>
      <UnitMeasure>גרם</UnitMeasure>
      <BisWeighted>0</BisWeighted>
      <QtyInPackage>1</QtyInPackage>
      <ItemPrice>16.90</ItemPrice>
      <UnitOfMeasurePrice>4.23</UnitOfMeasurePrice>
      <AllowDiscount>0</AllowDiscount>
      <itemStatus>1</itemStatus>
      <LastUpdateDate />
      <LastUpdateTime />
    </Product>
    <Product>
      <PriceUpdateDate>2019/02/03 12:24</PriceUpdateDate>
      <ItemCode>7290015150361</ItemCode>
      <ItemType>1</ItemType>
      <ItemName>תה ירוק נענע בתוספת סטיביה ויסוצקי) (25</ItemName>
      <ManufactureName>תה ויסוצקי (ישראל) בעמ</ManufactureName>
      <ManufactureCountry />
      <ManufactureItemDescription />
      <UnitQty>יח`</UnitQty>
      <Quantity>68.80</Quantity>
      <UnitMeasure>גרם</UnitMeasure>
      <BisWeighted>0</BisWeighted>
      <QtyInPackage>1</QtyInPackage>
      <ItemPrice>24.90</ItemPrice>
      <UnitOfMeasurePrice>36.19</UnitOfMeasurePrice>
      <AllowDiscount>0</AllowDiscount>
      <itemStatus>1</itemStatus>
      <LastUpdateDate />
      <LastUpdateTime />
    </Product>
    <Product>
      <PriceUpdateDate>2019/02/03 12:24</PriceUpdateDate>
      <ItemCode>7290015150903</ItemCode>
      <ItemType>1</ItemType>
      <ItemName>תה ירוק קינמון ודבש ויסוצקי) (25</ItemName>
      <ManufactureName>תה ויסוצקי (ישראל) בעמ</ManufactureName>
      <ManufactureCountry />
      <ManufactureItemDescription />
      <UnitQty>יח`</UnitQty>
      <Quantity>1</Quantity>
      <UnitMeasure />
      <BisWeighted>0</BisWeighted>
      <QtyInPackage>1</QtyInPackage>
      <ItemPrice>24.90</ItemPrice>
      <UnitOfMeasurePrice>24.90</UnitOfMeasurePrice>
      <AllowDiscount>0</AllowDiscount>
      <itemStatus>1</itemStatus>
      <LastUpdateDate />
      <LastUpdateTime />
    </Product>
    <Product>
      <PriceUpdateDate>2019/08/29 10:54</PriceUpdateDate>
      <ItemCode>7290015155021</ItemCode>
      <ItemType>1</ItemType>
      <ItemName>פרמיו חטיף דנטלי לכלב ננסי 110גרם</ItemName>
      <ManufactureName>שחורי אריה ואנסטסיה</ManufactureName>
      <ManufactureCountry />
      <ManufactureItemDescription />
      <UnitQty>יח`</UnitQty>
      <Quantity>1</Quantity>
      <UnitMeasure />
      <BisWeighted>0</BisWeighted>
      <QtyInPackage>1</QtyInPackage>
      <ItemPrice>11.90</ItemPrice>
      <UnitOfMeasurePrice>11.90</UnitOfMeasurePrice>
      <AllowDiscount>0</AllowDiscount>
      <itemStatus>1</itemStatus>
      <LastUpdateDate />
      <LastUpdateTime />
    </Product>
    <Product>
      <PriceUpdateDate>2017/07/10 07:34</PriceUpdateDate>
      <ItemCode>7290015155823</ItemCode>
      <ItemType>1</ItemType>
      <ItemName>פאוץ` פרינוק תפוח 120 גר`</ItemName>
      <ManufactureName>גורי מוצרי צריכה (1991) בעמ</ManufactureName>
      <ManufactureCountry />
      <ManufactureItemDescription />
      <UnitQty>יח`</UnitQty>
      <Quantity>120</Quantity>
      <UnitMeasure>גרם</UnitMeasure>
      <BisWeighted>0</BisWeighted>
      <QtyInPackage>1</QtyInPackage>
      <ItemPrice>5</ItemPrice>
      <UnitOfMeasurePrice>4.17</UnitOfMeasurePrice>
      <AllowDiscount>1</AllowDiscount>
      <itemStatus>1</itemStatus>
      <LastUpdateDate />
      <LastUpdateTime />
    </Product>
    <Product>
      <PriceUpdateDate>2017/07/10 07:34</PriceUpdateDate>
      <ItemCode>7290015155830</ItemCode>
      <ItemType>1</ItemType>
      <ItemName>פאוץ` פרינוק תפוח בננה 120 גר`</ItemName>
      <ManufactureName>גורי מוצרי צריכה (1991) בעמ</ManufactureName>
      <ManufactureCountry />
      <ManufactureItemDescription />
      <UnitQty>יח`</UnitQty>
      <Quantity>120</Quantity>
      <UnitMeasure>גרם</UnitMeasure>
      <BisWeighted>0</BisWeighted>
      <QtyInPackage>1</QtyInPackage>
      <ItemPrice>5</ItemPrice>
      <UnitOfMeasurePrice>4.17</UnitOfMeasurePrice>
      <AllowDiscount>1</AllowDiscount>
      <itemStatus>1</itemStatus>
      <LastUpdateDate />
      <LastUpdateTime />
    </Product>
    <Product>
      <PriceUpdateDate>2017/07/10 07:34</PriceUpdateDate>
      <ItemCode>7290015155847</ItemCode>
      <ItemType>1</ItemType>
      <ItemName>פאוץ` פרינוק מחית סלט פירות 120 גר</ItemName>
      <ManufactureName>גורי מוצרי צריכה (1991) בעמ</ManufactureName>
      <ManufactureCountry />
      <ManufactureItemDescription />
      <UnitQty>יח`</UnitQty>
      <Quantity>120</Quantity>
      <UnitMeasure>גרם</UnitMeasure>
      <BisWeighted>0</BisWeighted>
      <QtyInPackage>1</QtyInPackage>
      <ItemPrice>5</ItemPrice>
      <UnitOfMeasurePrice>4.17</UnitOfMeasurePrice>
      <AllowDiscount>1</AllowDiscount>
      <itemStatus>1</itemStatus>
      <LastUpdateDate />
      <LastUpdateTime />
    </Product>
    <Product>
      <PriceUpdateDate>2019/04/08 16:19</PriceUpdateDate>
      <ItemCode>7290015178068</ItemCode>
      <ItemType>1</ItemType>
      <ItemName>זוג ממרח זיתים ירוקים 135  גר`אוליבה</ItemName>
      <ManufactureName>גורי מוצרי צריכה (1991) בעמ</ManufactureName>
      <ManufactureCountry />
      <ManufactureItemDescription />
      <UnitQty>יח`</UnitQty>
      <Quantity>270</Quantity>
      <UnitMeasure>גרם</UnitMeasure>
      <BisWeighted>0</BisWeighted>
      <QtyInPackage>1</QtyInPackage>
      <ItemPrice>15.90</ItemPrice>
      <UnitOfMeasurePrice>5.89</UnitOfMeasurePrice>
      <AllowDiscount>0</AllowDiscount>
      <itemStatus>1</itemStatus>
      <LastUpdateDate />
      <LastUpdateTime />
    </Product>
    <Product>
      <PriceUpdateDate>2018/05/15 11:07</PriceUpdateDate>
      <ItemCode>7290015223867</ItemCode>
      <ItemType>1</ItemType>
      <ItemName>אסותא קרם לאחר גילוח 100 מל</ItemName>
      <ManufactureName>עיסא ערטול בעמ</ManufactureName>
      <ManufactureCountry />
      <ManufactureItemDescription />
      <UnitQty>יח`</UnitQty>
      <Quantity>100</Quantity>
      <UnitMeasure>גרם</UnitMeasure>
      <BisWeighted>0</BisWeighted>
      <QtyInPackage>1</QtyInPackage>
      <ItemPrice>9.90</ItemPrice>
      <UnitOfMeasurePrice>9.90</UnitOfMeasurePrice>
      <AllowDiscount>0</AllowDiscount>
      <itemStatus>1</itemStatus>
      <LastUpdateDate />
      <LastUpdateTime />
    </Product>
    <Product>
      <PriceUpdateDate>2020/02/23 08:47</PriceUpdateDate>
      <ItemCode>7290015253055</ItemCode>
      <ItemType>1</ItemType>
      <ItemName>פחמים 2קג</ItemName>
      <ManufactureName>פחם קוואנגו סחר בעמ</ManufactureName>
      <ManufactureCountry />
      <ManufactureItemDescription />
      <UnitQty>יח`</UnitQty>
      <Quantity>2000</Quantity>
      <UnitMeasure>גרם</UnitMeasure>
      <BisWeighted>0</BisWeighted>
      <QtyInPackage>1</QtyInPackage>
      <ItemPrice>11.90</ItemPrice>
      <UnitOfMeasurePrice>0.60</UnitOfMeasurePrice>
      <AllowDiscount>1</AllowDiscount>
      <itemStatus>1</itemStatus>
      <LastUpdateDate />
      <LastUpdateTime />
    </Product>
    <Product>
      <PriceUpdateDate>2018/02/05 13:47</PriceUpdateDate>
      <ItemCode>7290015282604</ItemCode>
      <ItemType>1</ItemType>
      <ItemName>טחינה מיוחדת 200גר</ItemName>
      <ManufactureName>סלטי שמיר 2006 בעמ</ManufactureName>
      <ManufactureCountry />
      <ManufactureItemDescription />
      <UnitQty>יח`</UnitQty>
      <Quantity>200</Quantity>
      <UnitMeasure>גרם</UnitMeasure>
      <BisWeighted>0</BisWeighted>
      <QtyInPackage>1</QtyInPackage>
      <ItemPrice>6.90</ItemPrice>
      <UnitOfMeasurePrice>3.45</UnitOfMeasurePrice>
      <AllowDiscount>0</AllowDiscount>
      <itemStatus>1</itemStatus>
      <LastUpdateDate />
      <LastUpdateTime />
    </Product>
    <Product>
      <PriceUpdateDate>2018/02/14 14:08</PriceUpdateDate>
      <ItemCode>7290015324007</ItemCode>
      <ItemType>1</ItemType>
      <ItemName>פלפל שחור גרוס 80 גר`</ItemName>
      <ManufactureName>תבליני טעם וריח בעמ</ManufactureName>
      <ManufactureCountry />
      <ManufactureItemDescription />
      <UnitQty>יח`</UnitQty>
      <Quantity>80</Quantity>
      <UnitMeasure>גרם</UnitMeasure>
      <BisWeighted>0</BisWeighted>
      <QtyInPackage>1</QtyInPackage>
      <ItemPrice>9.90</ItemPrice>
      <UnitOfMeasurePrice>12.38</UnitOfMeasurePrice>
      <AllowDiscount>1</AllowDiscount>
      <itemStatus>1</itemStatus>
      <LastUpdateDate />
      <LastUpdateTime />
    </Product>
    <Product>
      <PriceUpdateDate>2018/02/14 14:08</PriceUpdateDate>
      <ItemCode>7290015324014</ItemCode>
      <ItemType>1</ItemType>
      <ItemName>פלפל שחור טחון 80 גר`</ItemName>
      <ManufactureName>תבליני טעם וריח בעמ</ManufactureName>
      <ManufactureCountry />
      <ManufactureItemDescription />
      <UnitQty>יח`</UnitQty>
      <Quantity>80</Quantity>
      <UnitMeasure>גרם</UnitMeasure>
      <BisWeighted>0</BisWeighted>
      <QtyInPackage>1</QtyInPackage>
      <ItemPrice>9.90</ItemPrice>
      <UnitOfMeasurePrice>12.38</UnitOfMeasurePrice>
      <AllowDiscount>1</AllowDiscount>
      <itemStatus>1</itemStatus>
      <LastUpdateDate />
      <LastUpdateTime />
    </Product>
    <Product>
      <PriceUpdateDate>2018/02/15 13:21</PriceUpdateDate>
      <ItemCode>7290015324038</ItemCode>
      <ItemType>1</ItemType>
      <ItemName>פפריקה מתוקה בשמן 80 גר`</ItemName>
      <ManufactureName>תבליני טעם וריח בעמ</ManufactureName>
      <ManufactureCountry />
      <ManufactureItemDescription />
      <UnitQty>יח`</UnitQty>
      <Quantity>80</Quantity>
      <UnitMeasure>גרם</UnitMeasure>
      <BisWeighted>0</BisWeighted>
      <QtyInPackage>1</QtyInPackage>
      <ItemPrice>5.90</ItemPrice>
      <UnitOfMeasurePrice>7.38</UnitOfMeasurePrice>
      <AllowDiscount>1</AllowDiscount>
      <itemStatus>1</itemStatus>
      <LastUpdateDate />
      <LastUpdateTime />
    </Product>
    <Product>
      <PriceUpdateDate>2018/02/14 14:08</PriceUpdateDate>
      <ItemCode>7290015324045</ItemCode>
      <ItemType>1</ItemType>
      <ItemName>פפריקה חריפה 80 גר`</ItemName>
      <ManufactureName>תבליני טעם וריח בעמ</ManufactureName>
      <ManufactureCountry />
      <ManufactureItemDescription />
      <UnitQty>יח`</UnitQty>
      <Quantity>80</Quantity>
      <UnitMeasure>גרם</UnitMeasure>
      <BisWeighted>0</BisWeighted>
      <QtyInPackage>1</QtyInPackage>
      <ItemPrice>5.90</ItemPrice>
      <UnitOfMeasurePrice>7.38</UnitOfMeasurePrice>
      <AllowDiscount>1</AllowDiscount>
      <itemStatus>1</itemStatus>
      <LastUpdateDate />
      <LastUpdateTime />
    </Product>
    <Product>
      <PriceUpdateDate>2018/02/14 14:08</PriceUpdateDate>
      <ItemCode>7290015324052</ItemCode>
      <ItemType>1</ItemType>
      <ItemName>פפריקה מתוקה 80 גר`</ItemName>
      <ManufactureName>תבליני טעם וריח בעמ</ManufactureName>
      <ManufactureCountry />
      <ManufactureItemDescription />
      <UnitQty>יח`</UnitQty>
      <Quantity>80</Quantity>
      <UnitMeasure>גרם</UnitMeasure>
      <BisWeighted>0</BisWeighted>
      <QtyInPackage>1</QtyInPackage>
      <ItemPrice>5.90</ItemPrice>
      <UnitOfMeasurePrice>7.38</UnitOfMeasurePrice>
      <AllowDiscount>1</AllowDiscount>
      <itemStatus>1</itemStatus>
      <LastUpdateDate />
      <LastUpdateTime />
    </Product>
    <Product>
      <PriceUpdateDate>2018/02/14 14:08</PriceUpdateDate>
      <ItemCode>7290015324069</ItemCode>
      <ItemType>1</ItemType>
      <ItemName>גריל עוף 80 גר`</ItemName>
      <ManufactureName>תבליני טעם וריח בעמ</ManufactureName>
      <ManufactureCountry />
      <ManufactureItemDescription />
      <UnitQty>יח`</UnitQty>
      <Quantity>80</Quantity>
      <UnitMeasure>גרם</UnitMeasure>
      <BisWeighted>0</BisWeighted>
      <QtyInPackage>1</QtyInPackage>
      <ItemPrice>5.90</ItemPrice>
      <UnitOfMeasurePrice>7.38</UnitOfMeasurePrice>
      <AllowDiscount>1</AllowDiscount>
      <itemStatus>1</itemStatus>
      <LastUpdateDate />
      <LastUpdateTime />
    </Product>
    <Product>
      <PriceUpdateDate>2017/01/03 18:10</PriceUpdateDate>
      <ItemCode>7290015324083</ItemCode>
      <ItemType>1</ItemType>
      <ItemName>מלח לימון 80 גר`</ItemName>
      <ManufactureName>תבליני טעם וריח בעמ</ManufactureName>
      <ManufactureCountry />
      <ManufactureItemDescription />
      <UnitQty>יח`</UnitQty>
      <Quantity>80</Quantity>
      <UnitMeasure>גרם</UnitMeasure>
      <BisWeighted>0</BisWeighted>
      <QtyInPackage>1</QtyInPackage>
      <ItemPrice>5.90</ItemPrice>
      <UnitOfMeasurePrice>7.38</UnitOfMeasurePrice>
      <AllowDiscount>1</AllowDiscount>
      <itemStatus>1</itemStatus>
      <LastUpdateDate />
      <LastUpdateTime />
    </Product>
    <Product>
      <PriceUpdateDate>2018/02/14 14:08</PriceUpdateDate>
      <ItemCode>7290015324090</ItemCode>
      <ItemType>1</ItemType>
      <ItemName>כמון טחון 80 גר`</ItemName>
      <ManufactureName>תבליני טעם וריח בעמ</ManufactureName>
      <ManufactureCountry />
      <ManufactureItemDescription />
      <UnitQty>יח`</UnitQty>
      <Quantity>80</Quantity>
      <UnitMeasure>גרם</UnitMeasure>
      <BisWeighted>0</BisWeighted>
      <QtyInPackage>1</QtyInPackage>
      <ItemPrice>5.90</ItemPrice>
      <UnitOfMeasurePrice>7.38</UnitOfMeasurePrice>
      <AllowDiscount>1</AllowDiscount>
      <itemStatus>1</itemStatus>
      <LastUpdateDate />
      <LastUpdateTime />
    </Product>
    <Product>
      <PriceUpdateDate>2018/02/14 14:08</PriceUpdateDate>
      <ItemCode>7290015324106</ItemCode>
      <ItemType>1</ItemType>
      <ItemName>כורכום טחון 80 גר`</ItemName>
      <ManufactureName>תבליני טעם וריח בעמ</ManufactureName>
      <ManufactureCountry />
      <ManufactureItemDescription />
      <UnitQty>יח`</UnitQty>
      <Quantity>80</Quantity>
      <UnitMeasure>גרם</UnitMeasure>
      <BisWeighted>0</BisWeighted>
      <QtyInPackage>1</QtyInPackage>
      <ItemPrice>5.90</ItemPrice>
      <UnitOfMeasurePrice>7.38</UnitOfMeasurePrice>
      <AllowDiscount>1</AllowDiscount>
      <itemStatus>1</itemStatus>
      <LastUpdateDate />
      <LastUpdateTime />
    </Product>
    <Product>
      <PriceUpdateDate>2018/02/14 14:08</PriceUpdateDate>
      <ItemCode>7290015324113</ItemCode>
      <ItemType>1</ItemType>
      <ItemName>בהרט 80 גר`</ItemName>
      <ManufactureName>תבליני טעם וריח בעמ</ManufactureName>
      <ManufactureCountry />
      <ManufactureItemDescription />
      <UnitQty>יח`</UnitQty>
      <Quantity>80</Quantity>
      <UnitMeasure>גרם</UnitMeasure>
      <BisWeighted>0</BisWeighted>
      <QtyInPackage>1</QtyInPackage>
      <ItemPrice>5.90</ItemPrice>
      <UnitOfMeasurePrice>7.38</UnitOfMeasurePrice>
      <AllowDiscount>1</AllowDiscount>
      <itemStatus>1</itemStatus>
      <LastUpdateDate />
      <LastUpdateTime />
    </Product>
    <Product>
      <PriceUpdateDate>2018/02/14 14:08</PriceUpdateDate>
      <ItemCode>7290015324120</ItemCode>
      <ItemType>1</ItemType>
      <ItemName>שום גבישי 80 גר`</ItemName>
      <ManufactureName>תבליני טעם וריח בעמ</ManufactureName>
      <ManufactureCountry />
      <ManufactureItemDescription />
      <UnitQty>יח`</UnitQty>
      <Quantity>80</Quantity>
      <UnitMeasure>גרם</UnitMeasure>
      <BisWeighted>0</BisWeighted>
      <QtyInPackage>1</QtyInPackage>
      <ItemPrice>7.90</ItemPrice>
      <UnitOfMeasurePrice>9.88</UnitOfMeasurePrice>
      <AllowDiscount>1</AllowDiscount>
      <itemStatus>1</itemStatus>
      <LastUpdateDate />
      <LastUpdateTime />
    </Product>
    <Product>
      <PriceUpdateDate>2018/02/14 14:08</PriceUpdateDate>
      <ItemCode>7290015324168</ItemCode>
      <ItemType>1</ItemType>
      <ItemName>תיבול על האש 80 גר`</ItemName>
      <ManufactureName>תבליני טעם וריח בעמ</ManufactureName>
      <ManufactureCountry />
      <ManufactureItemDescription />
      <UnitQty>יח`</UnitQty>
      <Quantity>80</Quantity>
      <UnitMeasure>גרם</UnitMeasure>
      <BisWeighted>0</BisWeighted>
      <QtyInPackage>1</QtyInPackage>
      <ItemPrice>5.90</ItemPrice>
      <UnitOfMeasurePrice>7.38</UnitOfMeasurePrice>
      <AllowDiscount>1</AllowDiscount>
      <itemStatus>1</itemStatus>
      <LastUpdateDate />
      <LastUpdateTime />
    </Product>
    <Product>
      <PriceUpdateDate>2018/02/14 14:08</PriceUpdateDate>
      <ItemCode>7290015324427</ItemCode>
      <ItemType>1</ItemType>
      <ItemName>סודה לשתיה 80 גר`</ItemName>
      <ManufactureName>תבליני טעם וריח בעמ</ManufactureName>
      <ManufactureCountry />
      <ManufactureItemDescription />
      <UnitQty>יח`</UnitQty>
      <Quantity>80</Quantity>
      <UnitMeasure>גרם</UnitMeasure>
      <BisWeighted>0</BisWeighted>
      <QtyInPackage>1</QtyInPackage>
      <ItemPrice>3.90</ItemPrice>
      <UnitOfMeasurePrice>4.88</UnitOfMeasurePrice>
      <AllowDiscount>1</AllowDiscount>
      <itemStatus>1</itemStatus>
      <LastUpdateDate />
      <LastUpdateTime />
    </Product>
    <Product>
      <PriceUpdateDate>2019/11/17 09:47</PriceUpdateDate>
      <ItemCode>7290015324519</ItemCode>
      <ItemType>1</ItemType>
      <ItemName>תערובת לפיצה 80 גר`</ItemName>
      <ManufactureName>תבליני טעם וריח בעמ</ManufactureName>
      <ManufactureCountry />
      <ManufactureItemDescription />
      <UnitQty>יח`</UnitQty>
      <Quantity>80</Quantity>
      <UnitMeasure>גרם</UnitMeasure>
      <BisWeighted>0</BisWeighted>
      <QtyInPackage>1</QtyInPackage>
      <ItemPrice>5.90</ItemPrice>
      <UnitOfMeasurePrice>7.38</UnitOfMeasurePrice>
      <AllowDiscount>0</AllowDiscount>
      <itemStatus>1</itemStatus>
      <LastUpdateDate />
      <LastUpdateTime />
    </Product>
    <Product>
      <PriceUpdateDate>2019/08/11 11:56</PriceUpdateDate>
      <ItemCode>7290015324526</ItemCode>
      <ItemType>1</ItemType>
      <ItemName>תערובת תיבול לפרגיות 80 גר`</ItemName>
      <ManufactureName>תבליני טעם וריח בעמ</ManufactureName>
      <ManufactureCountry />
      <ManufactureItemDescription />
      <UnitQty>יח`</UnitQty>
      <Quantity>80</Quantity>
      <UnitMeasure>גרם</UnitMeasure>
      <BisWeighted>0</BisWeighted>
      <QtyInPackage>1</QtyInPackage>
      <ItemPrice>5.90</ItemPrice>
      <UnitOfMeasurePrice>7.38</UnitOfMeasurePrice>
      <AllowDiscount>0</AllowDiscount>
      <itemStatus>1</itemStatus>
      <LastUpdateDate />
      <LastUpdateTime />
    </Product>
    <Product>
      <PriceUpdateDate>2019/08/25 11:40</PriceUpdateDate>
      <ItemCode>7290015324557</ItemCode>
      <ItemType>1</ItemType>
      <ItemName>בהרט לבישול מיכל גדול 80 גר`</ItemName>
      <ManufactureName>תבליני טעם וריח בעמ</ManufactureName>
      <ManufactureCountry />
      <ManufactureItemDescription />
      <UnitQty>יח`</UnitQty>
      <Quantity>80</Quantity>
      <UnitMeasure>גרם</UnitMeasure>
      <BisWeighted>0</BisWeighted>
      <QtyInPackage>1</QtyInPackage>
      <ItemPrice>8.90</ItemPrice>
      <UnitOfMeasurePrice>11.13</UnitOfMeasurePrice>
      <AllowDiscount>0</AllowDiscount>
      <itemStatus>1</itemStatus>
      <LastUpdateDate />
      <LastUpdateTime />
    </Product>
    <Product>
      <PriceUpdateDate>2020/02/02 13:13</PriceUpdateDate>
      <ItemCode>7290015324571</ItemCode>
      <ItemType>1</ItemType>
      <ItemName>פפריקה מתוקה בשמן בסגנון מרוקאי 400 גר`</ItemName>
      <ManufactureName>תבליני טעם וריח בעמ</ManufactureName>
      <ManufactureCountry />
      <ManufactureItemDescription />
      <UnitQty>יח`</UnitQty>
      <Quantity>400</Quantity>
      <UnitMeasure>גרם</UnitMeasure>
      <BisWeighted>0</BisWeighted>
      <QtyInPackage>1</QtyInPackage>
      <ItemPrice>17.90</ItemPrice>
      <UnitOfMeasurePrice>4.48</UnitOfMeasurePrice>
      <AllowDiscount>0</AllowDiscount>
      <itemStatus>1</itemStatus>
      <LastUpdateDate />
      <LastUpdateTime />
    </Product>
    <Product>
      <PriceUpdateDate>2017/05/15 16:54</PriceUpdateDate>
      <ItemCode>7290015325752</ItemCode>
      <ItemType>1</ItemType>
      <ItemName>מגבונים רביעייה אסותא</ItemName>
      <ManufactureName>עיסא ערטול בעמ</ManufactureName>
      <ManufactureCountry />
      <ManufactureItemDescription />
      <UnitQty>יח`</UnitQty>
      <Quantity>1</Quantity>
      <UnitMeasure />
      <BisWeighted>0</BisWeighted>
      <QtyInPackage>1</QtyInPackage>
      <ItemPrice>14.90</ItemPrice>
      <UnitOfMeasurePrice>14.90</UnitOfMeasurePrice>
      <AllowDiscount>0</AllowDiscount>
      <itemStatus>1</itemStatus>
      <LastUpdateDate />
      <LastUpdateTime />
    </Product>
    <Product>
      <PriceUpdateDate>2016/03/16 14:02</PriceUpdateDate>
      <ItemCode>7290015347464</ItemCode>
      <ItemType>1</ItemType>
      <ItemName>קינואה מעורבת 400 גר` מיה</ItemName>
      <ManufactureName>מיה תעשיות מזון מ.ת.מ. בעמ</ManufactureName>
      <ManufactureCountry />
      <ManufactureItemDescription />
      <UnitQty>יח`</UnitQty>
      <Quantity>400</Quantity>
      <UnitMeasure>גרם</UnitMeasure>
      <BisWeighted>0</BisWeighted>
      <QtyInPackage>1</QtyInPackage>
      <ItemPrice>19.90</ItemPrice>
      <UnitOfMeasurePrice>4.98</UnitOfMeasurePrice>
      <AllowDiscount>0</AllowDiscount>
      <itemStatus>1</itemStatus>
      <LastUpdateDate />
      <LastUpdateTime />
    </Product>
    <Product>
      <PriceUpdateDate>2015/05/28 10:57</PriceUpdateDate>
      <ItemCode>7290015347488</ItemCode>
      <ItemType>1</ItemType>
      <ItemName>סוכר דמררה שקית מיה (1 קג)</ItemName>
      <ManufactureName>מיה תעשיות מזון מ.ת.מ. בעמ</ManufactureName>
      <ManufactureCountry />
      <ManufactureItemDescription />
      <UnitQty>יח`</UnitQty>
      <Quantity>1</Quantity>
      <UnitMeasure>ק"ג</UnitMeasure>
      <BisWeighted>0</BisWeighted>
      <QtyInPackage>1</QtyInPackage>
      <ItemPrice>11.90</ItemPrice>
      <UnitOfMeasurePrice>11.90</UnitOfMeasurePrice>
      <AllowDiscount>0</AllowDiscount>
      <itemStatus>1</itemStatus>
      <LastUpdateDate />
      <LastUpdateTime />
    </Product>
    <Product>
      <PriceUpdateDate>2017/01/16 08:03</PriceUpdateDate>
      <ItemCode>7290015347730</ItemCode>
      <ItemType>1</ItemType>
      <ItemName>ציפס בטטה מיקס</ItemName>
      <ManufactureName>מיה תעשיות מזון מ.ת.מ. בעמ</ManufactureName>
      <ManufactureCountry />
      <ManufactureItemDescription />
      <UnitQty>יח`</UnitQty>
      <Quantity>80</Quantity>
      <UnitMeasure>גרם</UnitMeasure>
      <BisWeighted>0</BisWeighted>
      <QtyInPackage>1</QtyInPackage>
      <ItemPrice>9.90</ItemPrice>
      <UnitOfMeasurePrice>12.38</UnitOfMeasurePrice>
      <AllowDiscount>0</AllowDiscount>
      <itemStatus>1</itemStatus>
      <LastUpdateDate />
      <LastUpdateTime />
    </Product>
    <Product>
      <PriceUpdateDate>2017/01/16 08:03</PriceUpdateDate>
      <ItemCode>7290015348386</ItemCode>
      <ItemType>1</ItemType>
      <ItemName>מרום גליל רוזה 750 מל</ItemName>
      <ManufactureName>טמפו משקאות בעמ</ManufactureName>
      <ManufactureCountry />
      <ManufactureItemDescription />
      <UnitQty>יח`</UnitQty>
      <Quantity>750</Quantity>
      <UnitMeasure>מ"ל</UnitMeasure>
      <BisWeighted>0</BisWeighted>
      <QtyInPackage>1</QtyInPackage>
      <ItemPrice>39.90</ItemPrice>
      <UnitOfMeasurePrice>5.28</UnitOfMeasurePrice>
      <AllowDiscount>1</AllowDiscount>
      <itemStatus>1</itemStatus>
      <LastUpdateDate />
      <LastUpdateTime />
    </Product>
    <Product>
      <PriceUpdateDate>2015/10/21 08:18</PriceUpdateDate>
      <ItemCode>7290015355834</ItemCode>
      <ItemType>1</ItemType>
      <ItemName>מתבל עגבניות חריף היינץ (855 גרם)</ItemName>
      <ManufactureName>דיפלומט היינץ</ManufactureName>
      <ManufactureCountry />
      <ManufactureItemDescription />
      <UnitQty>יח`</UnitQty>
      <Quantity>885</Quantity>
      <UnitMeasure>גרם</UnitMeasure>
      <BisWeighted>0</BisWeighted>
      <QtyInPackage>1</QtyInPackage>
      <ItemPrice>17.90</ItemPrice>
      <UnitOfMeasurePrice>2.02</UnitOfMeasurePrice>
      <AllowDiscount>0</AllowDiscount>
      <itemStatus>1</itemStatus>
      <LastUpdateDate />
      <LastUpdateTime />
    </Product>
    <Product>
      <PriceUpdateDate>2016/02/29 08:13</PriceUpdateDate>
      <ItemCode>7290015366663</ItemCode>
      <ItemType>1</ItemType>
      <ItemName>אקוה פרש 100 מל עדין</ItemName>
      <ManufactureName>גורי ע.ע.ע בעמ</ManufactureName>
      <ManufactureCountry />
      <ManufactureItemDescription />
      <UnitQty>יח`</UnitQty>
      <Quantity>100</Quantity>
      <UnitMeasure>גרם</UnitMeasure>
      <BisWeighted>0</BisWeighted>
      <QtyInPackage>1</QtyInPackage>
      <ItemPrice>7.90</ItemPrice>
      <UnitOfMeasurePrice>7.90</UnitOfMeasurePrice>
      <AllowDiscount>1</AllowDiscount>
      <itemStatus>1</itemStatus>
      <LastUpdateDate />
      <LastUpdateTime />
    </Product>
    <Product>
      <PriceUpdateDate>2016/02/29 08:13</PriceUpdateDate>
      <ItemCode>7290015366670</ItemCode>
      <ItemType>1</ItemType>
      <ItemName>משחת שיניים בטעם מנטה אקוהפרש (100 מל)</ItemName>
      <ManufactureName>גורי ע.ע.ע בעמ</ManufactureName>
      <ManufactureCountry />
      <ManufactureItemDescription />
      <UnitQty>יח`</UnitQty>
      <Quantity>100</Quantity>
      <UnitMeasure>מ"ל</UnitMeasure>
      <BisWeighted>0</BisWeighted>
      <QtyInPackage>1</QtyInPackage>
      <ItemPrice>7.90</ItemPrice>
      <UnitOfMeasurePrice>7.90</UnitOfMeasurePrice>
      <AllowDiscount>1</AllowDiscount>
      <itemStatus>1</itemStatus>
      <LastUpdateDate />
      <LastUpdateTime />
    </Product>
    <Product>
      <PriceUpdateDate>2016/05/31 08:08</PriceUpdateDate>
      <ItemCode>7290015395045</ItemCode>
      <ItemType>1</ItemType>
      <ItemName>קינואה שקדיה (400 גרם)</ItemName>
      <ManufactureName>דין שיווק וקליה בעמ</ManufactureName>
      <ManufactureCountry />
      <ManufactureItemDescription />
      <UnitQty>יח`</UnitQty>
      <Quantity>400</Quantity>
      <UnitMeasure>גרם</UnitMeasure>
      <BisWeighted>0</BisWeighted>
      <QtyInPackage>1</QtyInPackage>
      <ItemPrice>14.90</ItemPrice>
      <UnitOfMeasurePrice>3.73</UnitOfMeasurePrice>
      <AllowDiscount>1</AllowDiscount>
      <itemStatus>1</itemStatus>
      <LastUpdateDate />
      <LastUpdateTime />
    </Product>
    <Product>
      <PriceUpdateDate>2014/12/22 08:28</PriceUpdateDate>
      <ItemCode>7290015395434</ItemCode>
      <ItemType>1</ItemType>
      <ItemName>פקאן 200  גרם-  קופסא- המותג</ItemName>
      <ManufactureName>דין שיווק - המותג</ManufactureName>
      <ManufactureCountry />
      <ManufactureItemDescription />
      <UnitQty>יח`</UnitQty>
      <Quantity>200</Quantity>
      <UnitMeasure>גרם</UnitMeasure>
      <BisWeighted>0</BisWeighted>
      <QtyInPackage>1</QtyInPackage>
      <ItemPrice>24.90</ItemPrice>
      <UnitOfMeasurePrice>12.45</UnitOfMeasurePrice>
      <AllowDiscount>0</AllowDiscount>
      <itemStatus>1</itemStatus>
      <LastUpdateDate />
      <LastUpdateTime />
    </Product>
    <Product>
      <PriceUpdateDate>2016/08/12 08:10</PriceUpdateDate>
      <ItemCode>7290015470094</ItemCode>
      <ItemType>1</ItemType>
      <ItemName>טוסו שוקולד מריר תפוז ללא סוכר</ItemName>
      <ManufactureName>דנשר (1963) בעמ</ManufactureName>
      <ManufactureCountry />
      <ManufactureItemDescription />
      <UnitQty>יח`</UnitQty>
      <Quantity>100</Quantity>
      <UnitMeasure>גרם</UnitMeasure>
      <BisWeighted>0</BisWeighted>
      <QtyInPackage>1</QtyInPackage>
      <ItemPrice>12.90</ItemPrice>
      <UnitOfMeasurePrice>12.90</UnitOfMeasurePrice>
      <AllowDiscount>0</AllowDiscount>
      <itemStatus>1</itemStatus>
      <LastUpdateDate />
      <LastUpdateTime />
    </Product>
    <Product>
      <PriceUpdateDate>2020/03/02 06:48</PriceUpdateDate>
      <ItemCode>7290015470667</ItemCode>
      <ItemType>1</ItemType>
      <ItemName>שקיות אשפה לפח 52x65 גלילונית) (35</ItemName>
      <ManufactureName>דנשר (1963) בעמ</ManufactureName>
      <ManufactureCountry />
      <ManufactureItemDescription />
      <UnitQty>יח`</UnitQty>
      <Quantity>1</Quantity>
      <UnitMeasure />
      <BisWeighted>0</BisWeighted>
      <QtyInPackage>1</QtyInPackage>
      <ItemPrice>9.90</ItemPrice>
      <UnitOfMeasurePrice>9.90</UnitOfMeasurePrice>
      <AllowDiscount>0</AllowDiscount>
      <itemStatus>1</itemStatus>
      <LastUpdateDate />
      <LastUpdateTime />
    </Product>
    <Product>
      <PriceUpdateDate>2018/05/15 11:07</PriceUpdateDate>
      <ItemCode>7290015493147</ItemCode>
      <ItemType>1</ItemType>
      <ItemName>נביעות פלוס רכיבי פרי ליצי 1.5 ליטר</ItemName>
      <ManufactureName>החברה המרכזית להפצת משקאות בעמ</ManufactureName>
      <ManufactureCountry />
      <ManufactureItemDescription />
      <UnitQty>יח`</UnitQty>
      <Quantity>1.50</Quantity>
      <UnitMeasure>1 ליטר</UnitMeasure>
      <BisWeighted>0</BisWeighted>
      <QtyInPackage>1</QtyInPackage>
      <ItemPrice>7.90</ItemPrice>
      <UnitOfMeasurePrice>5.27</UnitOfMeasurePrice>
      <AllowDiscount>0</AllowDiscount>
      <itemStatus>1</itemStatus>
      <LastUpdateDate />
      <LastUpdateTime />
    </Product>
    <Product>
      <PriceUpdateDate>2018/05/15 11:07</PriceUpdateDate>
      <ItemCode>7290015493161</ItemCode>
      <ItemType>1</ItemType>
      <ItemName>נביעות פלוס רכיבי פרי אננס 1.5 ליטר</ItemName>
      <ManufactureName>החברה המרכזית להפצת משקאות בעמ</ManufactureName>
      <ManufactureCountry />
      <ManufactureItemDescription />
      <UnitQty>יח`</UnitQty>
      <Quantity>1.50</Quantity>
      <UnitMeasure>1 ליטר</UnitMeasure>
      <BisWeighted>0</BisWeighted>
      <QtyInPackage>1</QtyInPackage>
      <ItemPrice>7.90</ItemPrice>
      <UnitOfMeasurePrice>5.27</UnitOfMeasurePrice>
      <AllowDiscount>0</AllowDiscount>
      <itemStatus>1</itemStatus>
      <LastUpdateDate />
      <LastUpdateTime />
    </Product>
    <Product>
      <PriceUpdateDate>2018/05/15 11:07</PriceUpdateDate>
      <ItemCode>7290015493208</ItemCode>
      <ItemType>1</ItemType>
      <ItemName>נביעות פלוס רכיבי פלוס אננס 500 מל</ItemName>
      <ManufactureName>החברה המרכזית להפצת משקאות בעמ</ManufactureName>
      <ManufactureCountry />
      <ManufactureItemDescription />
      <UnitQty>יח`</UnitQty>
      <Quantity>500</Quantity>
      <UnitMeasure>מ"ל</UnitMeasure>
      <BisWeighted>0</BisWeighted>
      <QtyInPackage>1</QtyInPackage>
      <ItemPrice>5.50</ItemPrice>
      <UnitOfMeasurePrice>1.04</UnitOfMeasurePrice>
      <AllowDiscount>0</AllowDiscount>
      <itemStatus>1</itemStatus>
      <LastUpdateDate />
      <LastUpdateTime />
    </Product>
    <Product>
      <PriceUpdateDate>2017/01/19 08:20</PriceUpdateDate>
      <ItemCode>7290015597548</ItemCode>
      <ItemType>1</ItemType>
      <ItemName>קרמיסימו בננה שוקולד צ`יפ</ItemName>
      <ManufactureName>גלידות שטראוס בעמ</ManufactureName>
      <ManufactureCountry />
      <ManufactureItemDescription />
      <UnitQty>יח`</UnitQty>
      <Quantity>133</Quantity>
      <UnitMeasure>1 ליטר</UnitMeasure>
      <BisWeighted>0</BisWeighted>
      <QtyInPackage>1</QtyInPackage>
      <ItemPrice>18.90</ItemPrice>
      <UnitOfMeasurePrice>0.14</UnitOfMeasurePrice>
      <AllowDiscount>1</AllowDiscount>
      <itemStatus>1</itemStatus>
      <LastUpdateDate />
      <LastUpdateTime />
    </Product>
    <Product>
      <PriceUpdateDate>2017/11/09 11:19</PriceUpdateDate>
      <ItemCode>7290015644297</ItemCode>
      <ItemType>1</ItemType>
      <ItemName>לחמניות פשוט מלא 6 יח 450 גר</ItemName>
      <ManufactureName>שלמה א. אנג`ל בעמ</ManufactureName>
      <ManufactureCountry />
      <ManufactureItemDescription />
      <UnitQty>יח`</UnitQty>
      <Quantity>450</Quantity>
      <UnitMeasure>גרם</UnitMeasure>
      <BisWeighted>0</BisWeighted>
      <QtyInPackage>1</QtyInPackage>
      <ItemPrice>10.90</ItemPrice>
      <UnitOfMeasurePrice>2.42</UnitOfMeasurePrice>
      <AllowDiscount>0</AllowDiscount>
      <itemStatus>1</itemStatus>
      <LastUpdateDate />
      <LastUpdateTime />
    </Product>
    <Product>
      <PriceUpdateDate>2017/11/09 11:19</PriceUpdateDate>
      <ItemCode>7290015644426</ItemCode>
      <ItemType>1</ItemType>
      <ItemName>לחם מחמצת חיטה מלאה ודגנים</ItemName>
      <ManufactureName>שלמה א. אנג`ל בעמ</ManufactureName>
      <ManufactureCountry />
      <ManufactureItemDescription />
      <UnitQty>יח`</UnitQty>
      <Quantity>600</Quantity>
      <UnitMeasure>גרם</UnitMeasure>
      <BisWeighted>0</BisWeighted>
      <QtyInPackage>1</QtyInPackage>
      <ItemPrice>15.90</ItemPrice>
      <UnitOfMeasurePrice>2.65</UnitOfMeasurePrice>
      <AllowDiscount>0</AllowDiscount>
      <itemStatus>1</itemStatus>
      <LastUpdateDate />
      <LastUpdateTime />
    </Product>
    <Product>
      <PriceUpdateDate>2017/11/09 11:19</PriceUpdateDate>
      <ItemCode>7290015644433</ItemCode>
      <ItemType>1</ItemType>
      <ItemName>לחם מחמצת 100% שיפון קל</ItemName>
      <ManufactureName>שלמה א. אנג`ל בעמ</ManufactureName>
      <ManufactureCountry />
      <ManufactureItemDescription />
      <UnitQty>יח`</UnitQty>
      <Quantity>600</Quantity>
      <UnitMeasure>גרם</UnitMeasure>
      <BisWeighted>0</BisWeighted>
      <QtyInPackage>1</QtyInPackage>
      <ItemPrice>15.90</ItemPrice>
      <UnitOfMeasurePrice>2.65</UnitOfMeasurePrice>
      <AllowDiscount>0</AllowDiscount>
      <itemStatus>1</itemStatus>
      <LastUpdateDate />
      <LastUpdateTime />
    </Product>
    <Product>
      <PriceUpdateDate>2018/08/08 15:36</PriceUpdateDate>
      <ItemCode>7290015652070</ItemCode>
      <ItemType>1</ItemType>
      <ItemName>קשיו קלוי 150  גר`שקית</ItemName>
      <ManufactureName>דין שיווק וקליה בעמ</ManufactureName>
      <ManufactureCountry />
      <ManufactureItemDescription />
      <UnitQty>יח`</UnitQty>
      <Quantity>150</Quantity>
      <UnitMeasure>גרם</UnitMeasure>
      <BisWeighted>0</BisWeighted>
      <QtyInPackage>1</QtyInPackage>
      <ItemPrice>12.90</ItemPrice>
      <UnitOfMeasurePrice>8.60</UnitOfMeasurePrice>
      <AllowDiscount>0</AllowDiscount>
      <itemStatus>1</itemStatus>
      <LastUpdateDate />
      <LastUpdateTime />
    </Product>
    <Product>
      <PriceUpdateDate>2018/08/08 15:36</PriceUpdateDate>
      <ItemCode>7290015652087</ItemCode>
      <ItemType>1</ItemType>
      <ItemName>תערובת פיצוחים 150  גר`בשקית</ItemName>
      <ManufactureName>דין שיווק וקליה בעמ</ManufactureName>
      <ManufactureCountry />
      <ManufactureItemDescription />
      <UnitQty>יח`</UnitQty>
      <Quantity>150</Quantity>
      <UnitMeasure>גרם</UnitMeasure>
      <BisWeighted>0</BisWeighted>
      <QtyInPackage>1</QtyInPackage>
      <ItemPrice>12.90</ItemPrice>
      <UnitOfMeasurePrice>8.60</UnitOfMeasurePrice>
      <AllowDiscount>0</AllowDiscount>
      <itemStatus>1</itemStatus>
      <LastUpdateDate />
      <LastUpdateTime />
    </Product>
    <Product>
      <PriceUpdateDate>2016/02/12 09:11</PriceUpdateDate>
      <ItemCode>7290015652124</ItemCode>
      <ItemType>1</ItemType>
      <ItemName>רוטב סריראצ`ה אש ולהבה אהרוני (450 מל)</ItemName>
      <ManufactureName>דין שיווק וקליה בעמ</ManufactureName>
      <ManufactureCountry />
      <ManufactureItemDescription />
      <UnitQty>יח`</UnitQty>
      <Quantity>450</Quantity>
      <UnitMeasure>גרם</UnitMeasure>
      <BisWeighted>0</BisWeighted>
      <QtyInPackage>1</QtyInPackage>
      <ItemPrice>19.90</ItemPrice>
      <UnitOfMeasurePrice>4.42</UnitOfMeasurePrice>
      <AllowDiscount>0</AllowDiscount>
      <itemStatus>1</itemStatus>
      <LastUpdateDate />
      <LastUpdateTime />
    </Product>
    <Product>
      <PriceUpdateDate>2015/06/04 10:28</PriceUpdateDate>
      <ItemCode>7290015652254</ItemCode>
      <ItemType>1</ItemType>
      <ItemName>גרעיני חמניה קלויים ששון הקולה (500 גרם)</ItemName>
      <ManufactureName>דין שיווק וקליה בעמ</ManufactureName>
      <ManufactureCountry />
      <ManufactureItemDescription />
      <UnitQty>יח`</UnitQty>
      <Quantity>500</Quantity>
      <UnitMeasure>גרם</UnitMeasure>
      <BisWeighted>0</BisWeighted>
      <QtyInPackage>1</QtyInPackage>
      <ItemPrice>10</ItemPrice>
      <UnitOfMeasurePrice>2</UnitOfMeasurePrice>
      <AllowDiscount>0</AllowDiscount>
      <itemStatus>1</itemStatus>
      <LastUpdateDate />
      <LastUpdateTime />
    </Product>
    <Product>
      <PriceUpdateDate>2015/06/04 10:28</PriceUpdateDate>
      <ItemCode>7290015652261</ItemCode>
      <ItemType>1</ItemType>
      <ItemName>בוטנים קלויים 400 גר`</ItemName>
      <ManufactureName>דין שיווק וקליה בעמ</ManufactureName>
      <ManufactureCountry />
      <ManufactureItemDescription />
      <UnitQty>יח`</UnitQty>
      <Quantity>400</Quantity>
      <UnitMeasure>גרם</UnitMeasure>
      <BisWeighted>0</BisWeighted>
      <QtyInPackage>1</QtyInPackage>
      <ItemPrice>10</ItemPrice>
      <UnitOfMeasurePrice>2.50</UnitOfMeasurePrice>
      <AllowDiscount>0</AllowDiscount>
      <itemStatus>1</itemStatus>
      <LastUpdateDate />
      <LastUpdateTime />
    </Product>
    <Product>
      <PriceUpdateDate>2015/06/04 10:28</PriceUpdateDate>
      <ItemCode>7290015652292</ItemCode>
      <ItemType>1</ItemType>
      <ItemName>קבוקים עם שומשום 500 גר`</ItemName>
      <ManufactureName>דין שיווק וקליה בעמ</ManufactureName>
      <ManufactureCountry />
      <ManufactureItemDescription />
      <UnitQty>יח`</UnitQty>
      <Quantity>500</Quantity>
      <UnitMeasure>גרם</UnitMeasure>
      <BisWeighted>0</BisWeighted>
      <QtyInPackage>1</QtyInPackage>
      <ItemPrice>10</ItemPrice>
      <UnitOfMeasurePrice>2</UnitOfMeasurePrice>
      <AllowDiscount>0</AllowDiscount>
      <itemStatus>1</itemStatus>
      <LastUpdateDate />
      <LastUpdateTime />
    </Product>
    <Product>
      <PriceUpdateDate>2015/06/04 10:28</PriceUpdateDate>
      <ItemCode>7290015652308</ItemCode>
      <ItemType>1</ItemType>
      <ItemName>מנצ`ס 400 גר`</ItemName>
      <ManufactureName>דין שיווק וקליה בעמ</ManufactureName>
      <ManufactureCountry />
      <ManufactureItemDescription />
      <UnitQty>יח`</UnitQty>
      <Quantity>400</Quantity>
      <UnitMeasure>גרם</UnitMeasure>
      <BisWeighted>0</BisWeighted>
      <QtyInPackage>1</QtyInPackage>
      <ItemPrice>10</ItemPrice>
      <UnitOfMeasurePrice>2.50</UnitOfMeasurePrice>
      <AllowDiscount>0</AllowDiscount>
      <itemStatus>1</itemStatus>
      <LastUpdateDate />
      <LastUpdateTime />
    </Product>
    <Product>
      <PriceUpdateDate>2015/06/04 10:28</PriceUpdateDate>
      <ItemCode>7290015652315</ItemCode>
      <ItemType>1</ItemType>
      <ItemName>חמוציות מסוכרות ששון הקולה (300 גרם)</ItemName>
      <ManufactureName>דין שיווק וקליה בעמ</ManufactureName>
      <ManufactureCountry />
      <ManufactureItemDescription />
      <UnitQty>יח`</UnitQty>
      <Quantity>300</Quantity>
      <UnitMeasure>גרם</UnitMeasure>
      <BisWeighted>0</BisWeighted>
      <QtyInPackage>1</QtyInPackage>
      <ItemPrice>10</ItemPrice>
      <UnitOfMeasurePrice>3.33</UnitOfMeasurePrice>
      <AllowDiscount>0</AllowDiscount>
      <itemStatus>1</itemStatus>
      <LastUpdateDate />
      <LastUpdateTime />
    </Product>
    <Product>
      <PriceUpdateDate>2015/06/04 10:28</PriceUpdateDate>
      <ItemCode>7290015652322</ItemCode>
      <ItemType>1</ItemType>
      <ItemName>בוטנים אמריקאים מצופים 500 גר`</ItemName>
      <ManufactureName>דין שיווק וקליה בעמ</ManufactureName>
      <ManufactureCountry />
      <ManufactureItemDescription />
      <UnitQty>יח`</UnitQty>
      <Quantity>500</Quantity>
      <UnitMeasure>גרם</UnitMeasure>
      <BisWeighted>0</BisWeighted>
      <QtyInPackage>1</QtyInPackage>
      <ItemPrice>10</ItemPrice>
      <UnitOfMeasurePrice>2</UnitOfMeasurePrice>
      <AllowDiscount>0</AllowDiscount>
      <itemStatus>1</itemStatus>
      <LastUpdateDate />
      <LastUpdateTime />
    </Product>
    <Product>
      <PriceUpdateDate>2015/12/30 08:50</PriceUpdateDate>
      <ItemCode>7290015652605</ItemCode>
      <ItemType>1</ItemType>
      <ItemName>פיסטוק קלוף 100 גר השף</ItemName>
      <ManufactureName>דין שיווק וקליה בעמ</ManufactureName>
      <ManufactureCountry />
      <ManufactureItemDescription />
      <UnitQty>יח`</UnitQty>
      <Quantity>100</Quantity>
      <UnitMeasure>גרם</UnitMeasure>
      <BisWeighted>0</BisWeighted>
      <QtyInPackage>1</QtyInPackage>
      <ItemPrice>24.90</ItemPrice>
      <UnitOfMeasurePrice>24.90</UnitOfMeasurePrice>
      <AllowDiscount>0</AllowDiscount>
      <itemStatus>1</itemStatus>
      <LastUpdateDate />
      <LastUpdateTime />
    </Product>
    <Product>
      <PriceUpdateDate>2016/12/05 08:54</PriceUpdateDate>
      <ItemCode>7290015673013</ItemCode>
      <ItemType>1</ItemType>
      <ItemName>טחון לצלייה על הגריל קפוא 500 גר</ItemName>
      <ManufactureName>ל.י.ב. (לחיות יותר בטבע) בעמ</ManufactureName>
      <ManufactureCountry />
      <ManufactureItemDescription />
      <UnitQty>יח`</UnitQty>
      <Quantity>500</Quantity>
      <UnitMeasure>גרם</UnitMeasure>
      <BisWeighted>0</BisWeighted>
      <QtyInPackage>1</QtyInPackage>
      <ItemPrice>22.90</ItemPrice>
      <UnitOfMeasurePrice>4.58</UnitOfMeasurePrice>
      <AllowDiscount>0</AllowDiscount>
      <itemStatus>1</itemStatus>
      <LastUpdateDate />
      <LastUpdateTime />
    </Product>
    <Product>
      <PriceUpdateDate>2016/05/08 08:01</PriceUpdateDate>
      <ItemCode>7290015673198</ItemCode>
      <ItemType>1</ItemType>
      <ItemName>בורגר על האש טקסס עם פטריות 400 גרם</ItemName>
      <ManufactureName>ל.י.ב. (לחיות יותר בטבע) בעמ</ManufactureName>
      <ManufactureCountry />
      <ManufactureItemDescription />
      <UnitQty>יח`</UnitQty>
      <Quantity>400</Quantity>
      <UnitMeasure>גרם</UnitMeasure>
      <BisWeighted>0</BisWeighted>
      <QtyInPackage>1</QtyInPackage>
      <ItemPrice>21.90</ItemPrice>
      <UnitOfMeasurePrice>5.48</UnitOfMeasurePrice>
      <AllowDiscount>0</AllowDiscount>
      <itemStatus>1</itemStatus>
      <LastUpdateDate />
      <LastUpdateTime />
    </Product>
    <Product>
      <PriceUpdateDate>2018/06/11 19:08</PriceUpdateDate>
      <ItemCode>7290015733205</ItemCode>
      <ItemType>1</ItemType>
      <ItemName>מטרנה אקסטרא קייר 700 גר` שלב 1 מהדרין</ItemName>
      <ManufactureName>קבוצת אסם סחר שות. מוגבלת</ManufactureName>
      <ManufactureCountry />
      <ManufactureItemDescription />
      <UnitQty>יח`</UnitQty>
      <Quantity>700</Quantity>
      <UnitMeasure>גרם</UnitMeasure>
      <BisWeighted>0</BisWeighted>
      <QtyInPackage>1</QtyInPackage>
      <ItemPrice>67.90</ItemPrice>
      <UnitOfMeasurePrice>9.70</UnitOfMeasurePrice>
      <AllowDiscount>1</AllowDiscount>
      <itemStatus>1</itemStatus>
      <LastUpdateDate />
      <LastUpdateTime />
    </Product>
    <Product>
      <PriceUpdateDate>2019/12/16 17:15</PriceUpdateDate>
      <ItemCode>7290015733427</ItemCode>
      <ItemType>1</ItemType>
      <ItemName>מטרנה דייסת גם וגם 300  גר`וניל פרו</ItemName>
      <ManufactureName>קבוצת אסם סחר שות. מוגבלת</ManufactureName>
      <ManufactureCountry />
      <ManufactureItemDescription />
      <UnitQty>יח`</UnitQty>
      <Quantity>300</Quantity>
      <UnitMeasure>גרם</UnitMeasure>
      <BisWeighted>0</BisWeighted>
      <QtyInPackage>1</QtyInPackage>
      <ItemPrice>18.90</ItemPrice>
      <UnitOfMeasurePrice>6.30</UnitOfMeasurePrice>
      <AllowDiscount>0</AllowDiscount>
      <itemStatus>1</itemStatus>
      <LastUpdateDate />
      <LastUpdateTime />
    </Product>
    <Product>
      <PriceUpdateDate>2015/06/29 09:02</PriceUpdateDate>
      <ItemCode>7290015781008</ItemCode>
      <ItemType>1</ItemType>
      <ItemName>יין מרלו ויז`יון טפרברג (750 מל)</ItemName>
      <ManufactureName>יקב טפרברג 1870 בעמ (יינות ומש</ManufactureName>
      <ManufactureCountry />
      <ManufactureItemDescription />
      <UnitQty>יח`</UnitQty>
      <Quantity>750</Quantity>
      <UnitMeasure>מ"ל</UnitMeasure>
      <BisWeighted>0</BisWeighted>
      <QtyInPackage>1</QtyInPackage>
      <ItemPrice>34.90</ItemPrice>
      <UnitOfMeasurePrice>4.61</UnitOfMeasurePrice>
      <AllowDiscount>1</AllowDiscount>
      <itemStatus>1</itemStatus>
      <LastUpdateDate />
      <LastUpdateTime />
    </Product>
    <Product>
      <PriceUpdateDate>2015/06/29 09:02</PriceUpdateDate>
      <ItemCode>7290015781046</ItemCode>
      <ItemType>1</ItemType>
      <ItemName>יין לבן חצי יבש VISION</ItemName>
      <ManufactureName>יקב טפרברג 1870 בעמ (יינות ומש</ManufactureName>
      <ManufactureCountry />
      <ManufactureItemDescription />
      <UnitQty>יח`</UnitQty>
      <Quantity>750</Quantity>
      <UnitMeasure>מ"ל</UnitMeasure>
      <BisWeighted>0</BisWeighted>
      <QtyInPackage>1</QtyInPackage>
      <ItemPrice>34.90</ItemPrice>
      <UnitOfMeasurePrice>4.61</UnitOfMeasurePrice>
      <AllowDiscount>1</AllowDiscount>
      <itemStatus>1</itemStatus>
      <LastUpdateDate />
      <LastUpdateTime />
    </Product>
    <Product>
      <PriceUpdateDate>2015/06/29 09:02</PriceUpdateDate>
      <ItemCode>7290015781091</ItemCode>
      <ItemType>1</ItemType>
      <ItemName>יין קברנה סובניון VISION</ItemName>
      <ManufactureName>יקב טפרברג 1870 בעמ (יינות ומש</ManufactureName>
      <ManufactureCountry />
      <ManufactureItemDescription />
      <UnitQty>יח`</UnitQty>
      <Quantity>750</Quantity>
      <UnitMeasure>מ"ל</UnitMeasure>
      <BisWeighted>0</BisWeighted>
      <QtyInPackage>1</QtyInPackage>
      <ItemPrice>34.90</ItemPrice>
      <UnitOfMeasurePrice>4.61</UnitOfMeasurePrice>
      <AllowDiscount>1</AllowDiscount>
      <itemStatus>1</itemStatus>
      <LastUpdateDate />
      <LastUpdateTime />
    </Product>
    <Product>
      <PriceUpdateDate>2015/06/29 09:02</PriceUpdateDate>
      <ItemCode>7290015781107</ItemCode>
      <ItemType>1</ItemType>
      <ItemName>יין סנג`ובזה IMPRESSION</ItemName>
      <ManufactureName>יקב טפרברג 1870 בעמ (יינות ומש</ManufactureName>
      <ManufactureCountry />
      <ManufactureItemDescription />
      <UnitQty>יח`</UnitQty>
      <Quantity>750</Quantity>
      <UnitMeasure>מ"ל</UnitMeasure>
      <BisWeighted>0</BisWeighted>
      <QtyInPackage>1</QtyInPackage>
      <ItemPrice>44.90</ItemPrice>
      <UnitOfMeasurePrice>5.95</UnitOfMeasurePrice>
      <AllowDiscount>1</AllowDiscount>
      <itemStatus>1</itemStatus>
      <LastUpdateDate />
      <LastUpdateTime />
    </Product>
    <Product>
      <PriceUpdateDate>2015/06/29 09:02</PriceUpdateDate>
      <ItemCode>7290015781114</ItemCode>
      <ItemType>1</ItemType>
      <ItemName>יין אדום אימפרשיין מרלו טפרברג (750 מל)</ItemName>
      <ManufactureName>יקב טפרברג 1870 בעמ (יינות ומש</ManufactureName>
      <ManufactureCountry />
      <ManufactureItemDescription />
      <UnitQty>יח`</UnitQty>
      <Quantity>750</Quantity>
      <UnitMeasure>מ"ל</UnitMeasure>
      <BisWeighted>0</BisWeighted>
      <QtyInPackage>1</QtyInPackage>
      <ItemPrice>44.90</ItemPrice>
      <UnitOfMeasurePrice>5.95</UnitOfMeasurePrice>
      <AllowDiscount>1</AllowDiscount>
      <itemStatus>1</itemStatus>
      <LastUpdateDate />
      <LastUpdateTime />
    </Product>
    <Product>
      <PriceUpdateDate>2015/06/29 09:02</PriceUpdateDate>
      <ItemCode>7290015781121</ItemCode>
      <ItemType>1</ItemType>
      <ItemName>יין קברנה סובניון IMPRESSION</ItemName>
      <ManufactureName>יקב טפרברג 1870 בעמ (יינות ומש</ManufactureName>
      <ManufactureCountry />
      <ManufactureItemDescription />
      <UnitQty>יח`</UnitQty>
      <Quantity>750</Quantity>
      <UnitMeasure>מ"ל</UnitMeasure>
      <BisWeighted>0</BisWeighted>
      <QtyInPackage>1</QtyInPackage>
      <ItemPrice>44.90</ItemPrice>
      <UnitOfMeasurePrice>5.95</UnitOfMeasurePrice>
      <AllowDiscount>1</AllowDiscount>
      <itemStatus>1</itemStatus>
      <LastUpdateDate />
      <LastUpdateTime />
    </Product>
    <Product>
      <PriceUpdateDate>2015/07/08 15:31</PriceUpdateDate>
      <ItemCode>7290015781169</ItemCode>
      <ItemType>1</ItemType>
      <ItemName>יין אדום חצי יבש IMPRESSION</ItemName>
      <ManufactureName>יקב טפרברג 1870 בעמ (יינות ומש</ManufactureName>
      <ManufactureCountry />
      <ManufactureItemDescription />
      <UnitQty>יח`</UnitQty>
      <Quantity>750</Quantity>
      <UnitMeasure>מ"ל</UnitMeasure>
      <BisWeighted>0</BisWeighted>
      <QtyInPackage>1</QtyInPackage>
      <ItemPrice>44.90</ItemPrice>
      <UnitOfMeasurePrice>5.95</UnitOfMeasurePrice>
      <AllowDiscount>1</AllowDiscount>
      <itemStatus>1</itemStatus>
      <LastUpdateDate />
      <LastUpdateTime />
    </Product>
    <Product>
      <PriceUpdateDate>2015/06/29 09:02</PriceUpdateDate>
      <ItemCode>7290015781268</ItemCode>
      <ItemType>1</ItemType>
      <ItemName>יין אדום מוסקטו מתוק טפרברג (750 מל)</ItemName>
      <ManufactureName>יקב טפרברג 1870 בעמ (יינות ומש</ManufactureName>
      <ManufactureCountry />
      <ManufactureItemDescription />
      <UnitQty>יח`</UnitQty>
      <Quantity>750</Quantity>
      <UnitMeasure>מ"ל</UnitMeasure>
      <BisWeighted>0</BisWeighted>
      <QtyInPackage>1</QtyInPackage>
      <ItemPrice>34.90</ItemPrice>
      <UnitOfMeasurePrice>4.61</UnitOfMeasurePrice>
      <AllowDiscount>1</AllowDiscount>
      <itemStatus>1</itemStatus>
      <LastUpdateDate />
      <LastUpdateTime />
    </Product>
    <Product>
      <PriceUpdateDate>2015/06/29 09:02</PriceUpdateDate>
      <ItemCode>7290015781275</ItemCode>
      <ItemType>1</ItemType>
      <ItemName>יין לבן מוסקטו מתוק טפרברג (750 מל)</ItemName>
      <ManufactureName>יקב טפרברג 1870 בעמ (יינות ומש</ManufactureName>
      <ManufactureCountry />
      <ManufactureItemDescription />
      <UnitQty>יח`</UnitQty>
      <Quantity>750</Quantity>
      <UnitMeasure>מ"ל</UnitMeasure>
      <BisWeighted>0</BisWeighted>
      <QtyInPackage>1</QtyInPackage>
      <ItemPrice>34.90</ItemPrice>
      <UnitOfMeasurePrice>4.61</UnitOfMeasurePrice>
      <AllowDiscount>1</AllowDiscount>
      <itemStatus>1</itemStatus>
      <LastUpdateDate />
      <LastUpdateTime />
    </Product>
    <Product>
      <PriceUpdateDate>2015/06/29 09:02</PriceUpdateDate>
      <ItemCode>7290015781299</ItemCode>
      <ItemType>1</ItemType>
      <ItemName>יין שיראז ויזון יקב טפרברג (750 מל)</ItemName>
      <ManufactureName>יקב טפרברג 1870 בעמ (יינות ומש</ManufactureName>
      <ManufactureCountry />
      <ManufactureItemDescription />
      <UnitQty>יח`</UnitQty>
      <Quantity>750</Quantity>
      <UnitMeasure>מ"ל</UnitMeasure>
      <BisWeighted>0</BisWeighted>
      <QtyInPackage>1</QtyInPackage>
      <ItemPrice>34.90</ItemPrice>
      <UnitOfMeasurePrice>4.61</UnitOfMeasurePrice>
      <AllowDiscount>1</AllowDiscount>
      <itemStatus>1</itemStatus>
      <LastUpdateDate />
      <LastUpdateTime />
    </Product>
    <Product>
      <PriceUpdateDate>2020/03/30 06:46</PriceUpdateDate>
      <ItemCode>7290015833127</ItemCode>
      <ItemType>1</ItemType>
      <ItemName>ג`ל לניקוי ידיים 200 מל</ItemName>
      <ManufactureName>מים רבים בנתיב העשרה בעמ</ManufactureName>
      <ManufactureCountry />
      <ManufactureItemDescription />
      <UnitQty>יח`</UnitQty>
      <Quantity>1</Quantity>
      <UnitMeasure />
      <BisWeighted>0</BisWeighted>
      <QtyInPackage>1</QtyInPackage>
      <ItemPrice>19.90</ItemPrice>
      <UnitOfMeasurePrice>19.90</UnitOfMeasurePrice>
      <AllowDiscount>1</AllowDiscount>
      <itemStatus>1</itemStatus>
      <LastUpdateDate />
      <LastUpdateTime />
    </Product>
    <Product>
      <PriceUpdateDate>2019/06/23 10:55</PriceUpdateDate>
      <ItemCode>7290015855013</ItemCode>
      <ItemType>1</ItemType>
      <ItemName>פלפלונים -טינקרבל א.אדמה</ItemName>
      <ManufactureName>א.אדמה (2007) בעמ</ManufactureName>
      <ManufactureCountry />
      <ManufactureItemDescription />
      <UnitQty>יח`</UnitQty>
      <Quantity>1</Quantity>
      <UnitMeasure />
      <BisWeighted>0</BisWeighted>
      <QtyInPackage>1</QtyInPackage>
      <ItemPrice>8.90</ItemPrice>
      <UnitOfMeasurePrice>8.90</UnitOfMeasurePrice>
      <AllowDiscount>1</AllowDiscount>
      <itemStatus>1</itemStatus>
      <LastUpdateDate />
      <LastUpdateTime />
    </Product>
    <Product>
      <PriceUpdateDate>2015/04/21 09:22</PriceUpdateDate>
      <ItemCode>7290015855037</ItemCode>
      <ItemType>1</ItemType>
      <ItemName>פלפל צ`ילי בשקית</ItemName>
      <ManufactureName>א.אדמה (2007) בעמ</ManufactureName>
      <ManufactureCountry />
      <ManufactureItemDescription />
      <UnitQty>יח`</UnitQty>
      <Quantity>1</Quantity>
      <UnitMeasure />
      <BisWeighted>0</BisWeighted>
      <QtyInPackage>1</QtyInPackage>
      <ItemPrice>7.90</ItemPrice>
      <UnitOfMeasurePrice>7.90</UnitOfMeasurePrice>
      <AllowDiscount>1</AllowDiscount>
      <itemStatus>1</itemStatus>
      <LastUpdateDate />
      <LastUpdateTime />
    </Product>
    <Product>
      <PriceUpdateDate>2015/12/08 08:15</PriceUpdateDate>
      <ItemCode>7290015855112</ItemCode>
      <ItemType>1</ItemType>
      <ItemName>חמציץ</ItemName>
      <ManufactureName>א.אדמה (2007) בעמ</ManufactureName>
      <ManufactureCountry />
      <ManufactureItemDescription />
      <UnitQty>יח`</UnitQty>
      <Quantity>1</Quantity>
      <UnitMeasure />
      <BisWeighted>0</BisWeighted>
      <QtyInPackage>1</QtyInPackage>
      <ItemPrice>7.90</ItemPrice>
      <UnitOfMeasurePrice>7.90</UnitOfMeasurePrice>
      <AllowDiscount>1</AllowDiscount>
      <itemStatus>1</itemStatus>
      <LastUpdateDate />
      <LastUpdateTime />
    </Product>
    <Product>
      <PriceUpdateDate>2016/02/18 09:42</PriceUpdateDate>
      <ItemCode>7290015855143</ItemCode>
      <ItemType>1</ItemType>
      <ItemName>שום קלוף 170 גרם</ItemName>
      <ManufactureName>א.אדמה (2007) בעמ</ManufactureName>
      <ManufactureCountry />
      <ManufactureItemDescription />
      <UnitQty>יח`</UnitQty>
      <Quantity>170</Quantity>
      <UnitMeasure>גרם</UnitMeasure>
      <BisWeighted>0</BisWeighted>
      <QtyInPackage>1</QtyInPackage>
      <ItemPrice>13.90</ItemPrice>
      <UnitOfMeasurePrice>8.18</UnitOfMeasurePrice>
      <AllowDiscount>1</AllowDiscount>
      <itemStatus>1</itemStatus>
      <LastUpdateDate />
      <LastUpdateTime />
    </Product>
    <Product>
      <PriceUpdateDate>2016/01/17 08:20</PriceUpdateDate>
      <ItemCode>7290015855181</ItemCode>
      <ItemType>1</ItemType>
      <ItemName>גינג`ר יחידה טרי</ItemName>
      <ManufactureName>א.אדמה (2007) בעמ</ManufactureName>
      <ManufactureCountry />
      <ManufactureItemDescription />
      <UnitQty>יח`</UnitQty>
      <Quantity>1</Quantity>
      <UnitMeasure />
      <BisWeighted>0</BisWeighted>
      <QtyInPackage>1</QtyInPackage>
      <ItemPrice>10.90</ItemPrice>
      <UnitOfMeasurePrice>10.90</UnitOfMeasurePrice>
      <AllowDiscount>1</AllowDiscount>
      <itemStatus>1</itemStatus>
      <LastUpdateDate />
      <LastUpdateTime />
    </Product>
    <Product>
      <PriceUpdateDate>2016/09/15 08:34</PriceUpdateDate>
      <ItemCode>7290015855358</ItemCode>
      <ItemType>1</ItemType>
      <ItemName>בצל שאלוט</ItemName>
      <ManufactureName>א.אדמה (2007) בעמ</ManufactureName>
      <ManufactureCountry />
      <ManufactureItemDescription />
      <UnitQty>יח`</UnitQty>
      <Quantity>1</Quantity>
      <UnitMeasure />
      <BisWeighted>0</BisWeighted>
      <QtyInPackage>1</QtyInPackage>
      <ItemPrice>13.90</ItemPrice>
      <UnitOfMeasurePrice>13.90</UnitOfMeasurePrice>
      <AllowDiscount>1</AllowDiscount>
      <itemStatus>1</itemStatus>
      <LastUpdateDate />
      <LastUpdateTime />
    </Product>
    <Product>
      <PriceUpdateDate>2019/04/15 12:02</PriceUpdateDate>
      <ItemCode>7290015858106</ItemCode>
      <ItemType>1</ItemType>
      <ItemName>ממרח פסטו ביתי 180 גר-על לחם</ItemName>
      <ManufactureName>שטראוס גרופ בעמ/מצונן</ManufactureName>
      <ManufactureCountry />
      <ManufactureItemDescription />
      <UnitQty>יח`</UnitQty>
      <Quantity>180</Quantity>
      <UnitMeasure>גרם</UnitMeasure>
      <BisWeighted>0</BisWeighted>
      <QtyInPackage>1</QtyInPackage>
      <ItemPrice>16.90</ItemPrice>
      <UnitOfMeasurePrice>9.39</UnitOfMeasurePrice>
      <AllowDiscount>1</AllowDiscount>
      <itemStatus>1</itemStatus>
      <LastUpdateDate />
      <LastUpdateTime />
    </Product>
    <Product>
      <PriceUpdateDate>2019/04/14 14:41</PriceUpdateDate>
      <ItemCode>7290015858212</ItemCode>
      <ItemType>1</ItemType>
      <ItemName>ממרח לימון כבוש 180 גר-על לחם</ItemName>
      <ManufactureName>שטראוס גרופ בעמ/מצונן</ManufactureName>
      <ManufactureCountry />
      <ManufactureItemDescription />
      <UnitQty>יח`</UnitQty>
      <Quantity>180</Quantity>
      <UnitMeasure>יח`</UnitMeasure>
      <BisWeighted>0</BisWeighted>
      <QtyInPackage>1</QtyInPackage>
      <ItemPrice>16.90</ItemPrice>
      <UnitOfMeasurePrice>0.09</UnitOfMeasurePrice>
      <AllowDiscount>1</AllowDiscount>
      <itemStatus>1</itemStatus>
      <LastUpdateDate />
      <LastUpdateTime />
    </Product>
    <Product>
      <PriceUpdateDate>2019/04/15 12:02</PriceUpdateDate>
      <ItemCode>7290015858229</ItemCode>
      <ItemType>1</ItemType>
      <ItemName>זיתי קלמטה 180 גר על לחם</ItemName>
      <ManufactureName>שטראוס גרופ בעמ/מצונן</ManufactureName>
      <ManufactureCountry />
      <ManufactureItemDescription />
      <UnitQty>יח`</UnitQty>
      <Quantity>180</Quantity>
      <UnitMeasure>גרם</UnitMeasure>
      <BisWeighted>0</BisWeighted>
      <QtyInPackage>1</QtyInPackage>
      <ItemPrice>16.90</ItemPrice>
      <UnitOfMeasurePrice>9.39</UnitOfMeasurePrice>
      <AllowDiscount>1</AllowDiscount>
      <itemStatus>1</itemStatus>
      <LastUpdateDate />
      <LastUpdateTime />
    </Product>
    <Product>
      <PriceUpdateDate>2019/04/14 14:41</PriceUpdateDate>
      <ItemCode>7290015858243</ItemCode>
      <ItemType>1</ItemType>
      <ItemName>צ`ימיצ`ורי 180 גר על לחם</ItemName>
      <ManufactureName>שטראוס גרופ בעמ/מצונן</ManufactureName>
      <ManufactureCountry />
      <ManufactureItemDescription />
      <UnitQty>יח`</UnitQty>
      <Quantity>180</Quantity>
      <UnitMeasure>גרם</UnitMeasure>
      <BisWeighted>0</BisWeighted>
      <QtyInPackage>1</QtyInPackage>
      <ItemPrice>16.90</ItemPrice>
      <UnitOfMeasurePrice>9.39</UnitOfMeasurePrice>
      <AllowDiscount>1</AllowDiscount>
      <itemStatus>1</itemStatus>
      <LastUpdateDate />
      <LastUpdateTime />
    </Product>
    <Product>
      <PriceUpdateDate>2018/08/12 12:25</PriceUpdateDate>
      <ItemCode>7290015888028</ItemCode>
      <ItemType>1</ItemType>
      <ItemName>אורז בסמתי ריהמן 1 קג</ItemName>
      <ManufactureName>בני ג`ורג` שוקחה (חיפה) בעמ</ManufactureName>
      <ManufactureCountry />
      <ManufactureItemDescription />
      <UnitQty>יח`</UnitQty>
      <Quantity>1</Quantity>
      <UnitMeasure>גרם</UnitMeasure>
      <BisWeighted>0</BisWeighted>
      <QtyInPackage>1</QtyInPackage>
      <ItemPrice>10.90</ItemPrice>
      <UnitOfMeasurePrice>1090</UnitOfMeasurePrice>
      <AllowDiscount>0</AllowDiscount>
      <itemStatus>1</itemStatus>
      <LastUpdateDate />
      <LastUpdateTime />
    </Product>
    <Product>
      <PriceUpdateDate>2018/11/04 11:42</PriceUpdateDate>
      <ItemCode>7290015888196</ItemCode>
      <ItemType>1</ItemType>
      <ItemName>שמן חמניות 1 ליטר שוקחה</ItemName>
      <ManufactureName>בני ג`ורג` שוקחה (חיפה) בעמ</ManufactureName>
      <ManufactureCountry />
      <ManufactureItemDescription />
      <UnitQty>יח`</UnitQty>
      <Quantity>1</Quantity>
      <UnitMeasure />
      <BisWeighted>0</BisWeighted>
      <QtyInPackage>1</QtyInPackage>
      <ItemPrice>6.90</ItemPrice>
      <UnitOfMeasurePrice>6.90</UnitOfMeasurePrice>
      <AllowDiscount>0</AllowDiscount>
      <itemStatus>1</itemStatus>
      <LastUpdateDate />
      <LastUpdateTime />
    </Product>
    <Product>
      <PriceUpdateDate>2019/02/03 11:16</PriceUpdateDate>
      <ItemCode>7290015888325</ItemCode>
      <ItemType>1</ItemType>
      <ItemName>חומוס ענק 1 קג` שוקחה</ItemName>
      <ManufactureName>בני ג`ורג` שוקחה (חיפה) בעמ</ManufactureName>
      <ManufactureCountry />
      <ManufactureItemDescription />
      <UnitQty>יח`</UnitQty>
      <Quantity>1000</Quantity>
      <UnitMeasure>גרם</UnitMeasure>
      <BisWeighted>0</BisWeighted>
      <QtyInPackage>1</QtyInPackage>
      <ItemPrice>15.90</ItemPrice>
      <UnitOfMeasurePrice>1.59</UnitOfMeasurePrice>
      <AllowDiscount>0</AllowDiscount>
      <itemStatus>1</itemStatus>
      <LastUpdateDate />
      <LastUpdateTime />
    </Product>
    <Product>
      <PriceUpdateDate>2020/05/03 10:48</PriceUpdateDate>
      <ItemCode>7290015951869</ItemCode>
      <ItemType>1</ItemType>
      <ItemName>הר חרמון רוזה 750 מל</ItemName>
      <ManufactureName>היכל היין שקד גולן בעמ</ManufactureName>
      <ManufactureCountry />
      <ManufactureItemDescription />
      <UnitQty>יח`</UnitQty>
      <Quantity>750</Quantity>
      <UnitMeasure>מ"ל</UnitMeasure>
      <BisWeighted>0</BisWeighted>
      <QtyInPackage>1</QtyInPackage>
      <ItemPrice>30.90</ItemPrice>
      <UnitOfMeasurePrice>4.08</UnitOfMeasurePrice>
      <AllowDiscount>1</AllowDiscount>
      <itemStatus>1</itemStatus>
      <LastUpdateDate />
      <LastUpdateTime />
    </Product>
    <Product>
      <PriceUpdateDate>2020/05/03 10:48</PriceUpdateDate>
      <ItemCode>7290015951890</ItemCode>
      <ItemType>1</ItemType>
      <ItemName>ירדן הר חרמון קברנה סובניון 750 מל</ItemName>
      <ManufactureName>היכל היין שקד גולן בעמ</ManufactureName>
      <ManufactureCountry />
      <ManufactureItemDescription />
      <UnitQty>יח`</UnitQty>
      <Quantity>750</Quantity>
      <UnitMeasure>מ"ל</UnitMeasure>
      <BisWeighted>0</BisWeighted>
      <QtyInPackage>1</QtyInPackage>
      <ItemPrice>30.90</ItemPrice>
      <UnitOfMeasurePrice>4.08</UnitOfMeasurePrice>
      <AllowDiscount>1</AllowDiscount>
      <itemStatus>1</itemStatus>
      <LastUpdateDate />
      <LastUpdateTime />
    </Product>
    <Product>
      <PriceUpdateDate>2016/09/19 08:14</PriceUpdateDate>
      <ItemCode>7290015968102</ItemCode>
      <ItemType>1</ItemType>
      <ItemName>קיסמי שיניים רפואיים עם חוט דנטלי 100 יח</ItemName>
      <ManufactureName>אינטרסן 1996 בעמ</ManufactureName>
      <ManufactureCountry />
      <ManufactureItemDescription />
      <UnitQty>יח`</UnitQty>
      <Quantity>1</Quantity>
      <UnitMeasure />
      <BisWeighted>0</BisWeighted>
      <QtyInPackage>1</QtyInPackage>
      <ItemPrice>9.90</ItemPrice>
      <UnitOfMeasurePrice>9.90</UnitOfMeasurePrice>
      <AllowDiscount>0</AllowDiscount>
      <itemStatus>1</itemStatus>
      <LastUpdateDate />
      <LastUpdateTime />
    </Product>
    <Product>
      <PriceUpdateDate>2017/02/13 08:09</PriceUpdateDate>
      <ItemCode>7290015968317</ItemCode>
      <ItemType>1</ItemType>
      <ItemName>סינרים חפ לתינוק 20 יח טוליפס פרמיום</ItemName>
      <ManufactureName>אינטרסן 1996 בעמ</ManufactureName>
      <ManufactureCountry />
      <ManufactureItemDescription />
      <UnitQty>יח`</UnitQty>
      <Quantity>1</Quantity>
      <UnitMeasure />
      <BisWeighted>0</BisWeighted>
      <QtyInPackage>1</QtyInPackage>
      <ItemPrice>21.90</ItemPrice>
      <UnitOfMeasurePrice>21.90</UnitOfMeasurePrice>
      <AllowDiscount>0</AllowDiscount>
      <itemStatus>1</itemStatus>
      <LastUpdateDate />
      <LastUpdateTime />
    </Product>
    <Product>
      <PriceUpdateDate>2019/03/26 08:20</PriceUpdateDate>
      <ItemCode>7290015968782</ItemCode>
      <ItemType>1</ItemType>
      <ItemName>פדים להסרת איפוא במארז 80*3 יח</ItemName>
      <ManufactureName>אינטרסן 1996 בעמ</ManufactureName>
      <ManufactureCountry />
      <ManufactureItemDescription />
      <UnitQty>יח`</UnitQty>
      <Quantity>1</Quantity>
      <UnitMeasure />
      <BisWeighted>0</BisWeighted>
      <QtyInPackage>1</QtyInPackage>
      <ItemPrice>13.90</ItemPrice>
      <UnitOfMeasurePrice>13.90</UnitOfMeasurePrice>
      <AllowDiscount>0</AllowDiscount>
      <itemStatus>1</itemStatus>
      <LastUpdateDate />
      <LastUpdateTime />
    </Product>
    <Product>
      <PriceUpdateDate>2016/04/03 08:21</PriceUpdateDate>
      <ItemCode>7290016006292</ItemCode>
      <ItemType>1</ItemType>
      <ItemName>נקטר מנגו בננה ספרינג (1 ליטר)</ItemName>
      <ManufactureName>יפאורה</ManufactureName>
      <ManufactureCountry />
      <ManufactureItemDescription />
      <UnitQty>יח`</UnitQty>
      <Quantity>1000</Quantity>
      <UnitMeasure>מ"ל</UnitMeasure>
      <BisWeighted>0</BisWeighted>
      <QtyInPackage>1</QtyInPackage>
      <ItemPrice>5.50</ItemPrice>
      <UnitOfMeasurePrice>0.55</UnitOfMeasurePrice>
      <AllowDiscount>1</AllowDiscount>
      <itemStatus>1</itemStatus>
      <LastUpdateDate />
      <LastUpdateTime />
    </Product>
    <Product>
      <PriceUpdateDate>2019/01/15 08:38</PriceUpdateDate>
      <ItemCode>7290016006360</ItemCode>
      <ItemType>1</ItemType>
      <ItemName>משקה מוגז בטעם תות ליים שוופס (1.5 ליטר)</ItemName>
      <ManufactureName>יפאורה</ManufactureName>
      <ManufactureCountry />
      <ManufactureItemDescription />
      <UnitQty>יח`</UnitQty>
      <Quantity>1.50</Quantity>
      <UnitMeasure>1 ליטר</UnitMeasure>
      <BisWeighted>0</BisWeighted>
      <QtyInPackage>1</QtyInPackage>
      <ItemPrice>6.90</ItemPrice>
      <UnitOfMeasurePrice>4.60</UnitOfMeasurePrice>
      <AllowDiscount>1</AllowDiscount>
      <itemStatus>1</itemStatus>
      <LastUpdateDate />
      <LastUpdateTime />
    </Product>
    <Product>
      <PriceUpdateDate>2019/01/15 08:38</PriceUpdateDate>
      <ItemCode>7290016006735</ItemCode>
      <ItemType>1</ItemType>
      <ItemName>שוופס מוגז פירות תפוז 1.5 ל`</ItemName>
      <ManufactureName>יפאורה</ManufactureName>
      <ManufactureCountry />
      <ManufactureItemDescription />
      <UnitQty>יח`</UnitQty>
      <Quantity>1500</Quantity>
      <UnitMeasure>מ"ל</UnitMeasure>
      <BisWeighted>0</BisWeighted>
      <QtyInPackage>1</QtyInPackage>
      <ItemPrice>6.90</ItemPrice>
      <UnitOfMeasurePrice>0.46</UnitOfMeasurePrice>
      <AllowDiscount>1</AllowDiscount>
      <itemStatus>1</itemStatus>
      <LastUpdateDate />
      <LastUpdateTime />
    </Product>
    <Product>
      <PriceUpdateDate>2019/01/15 08:38</PriceUpdateDate>
      <ItemCode>7290016006865</ItemCode>
      <ItemType>1</ItemType>
      <ItemName>ספרינג אננס בננה 1.5 חיטר</ItemName>
      <ManufactureName>יפאורה</ManufactureName>
      <ManufactureCountry />
      <ManufactureItemDescription />
      <UnitQty>יח`</UnitQty>
      <Quantity>150</Quantity>
      <UnitMeasure>מ"ל</UnitMeasure>
      <BisWeighted>0</BisWeighted>
      <QtyInPackage>1</QtyInPackage>
      <ItemPrice>6.40</ItemPrice>
      <UnitOfMeasurePrice>4.27</UnitOfMeasurePrice>
      <AllowDiscount>1</AllowDiscount>
      <itemStatus>1</itemStatus>
      <LastUpdateDate />
      <LastUpdateTime />
    </Product>
    <Product>
      <PriceUpdateDate>2018/11/15 16:59</PriceUpdateDate>
      <ItemCode>7290016087147</ItemCode>
      <ItemType>1</ItemType>
      <ItemName>רוטב עגבניות מתובל לפיצה 230 גר` פרי ניר</ItemName>
      <ManufactureName>אבאל יזמות בעמ</ManufactureName>
      <ManufactureCountry />
      <ManufactureItemDescription />
      <UnitQty>יח`</UnitQty>
      <Quantity>230</Quantity>
      <UnitMeasure>גרם</UnitMeasure>
      <BisWeighted>0</BisWeighted>
      <QtyInPackage>1</QtyInPackage>
      <ItemPrice>5.90</ItemPrice>
      <UnitOfMeasurePrice>2.57</UnitOfMeasurePrice>
      <AllowDiscount>1</AllowDiscount>
      <itemStatus>1</itemStatus>
      <LastUpdateDate />
      <LastUpdateTime />
    </Product>
    <Product>
      <PriceUpdateDate>2018/11/15 16:59</PriceUpdateDate>
      <ItemCode>7290016087222</ItemCode>
      <ItemType>1</ItemType>
      <ItemName>רוטב עגבניות לשקשוקה 230 גר` פרי ניר</ItemName>
      <ManufactureName>אבאל יזמות בעמ</ManufactureName>
      <ManufactureCountry />
      <ManufactureItemDescription />
      <UnitQty>יח`</UnitQty>
      <Quantity>230</Quantity>
      <UnitMeasure>גרם</UnitMeasure>
      <BisWeighted>0</BisWeighted>
      <QtyInPackage>1</QtyInPackage>
      <ItemPrice>5.90</ItemPrice>
      <UnitOfMeasurePrice>2.57</UnitOfMeasurePrice>
      <AllowDiscount>1</AllowDiscount>
      <itemStatus>1</itemStatus>
      <LastUpdateDate />
      <LastUpdateTime />
    </Product>
    <Product>
      <PriceUpdateDate>2018/12/05 08:23</PriceUpdateDate>
      <ItemCode>7290016087499</ItemCode>
      <ItemType>1</ItemType>
      <ItemName>עגבניות חתוכות דק A1 שליישיה 400 גר` פרי</ItemName>
      <ManufactureName>אבאל יזמות בעמ</ManufactureName>
      <ManufactureCountry />
      <ManufactureItemDescription />
      <UnitQty>יח`</UnitQty>
      <Quantity>1200</Quantity>
      <UnitMeasure>גרם</UnitMeasure>
      <BisWeighted>0</BisWeighted>
      <QtyInPackage>1</QtyInPackage>
      <ItemPrice>9.90</ItemPrice>
      <UnitOfMeasurePrice>0.83</UnitOfMeasurePrice>
      <AllowDiscount>0</AllowDiscount>
      <itemStatus>1</itemStatus>
      <LastUpdateDate />
      <LastUpdateTime />
    </Product>
    <Product>
      <PriceUpdateDate>2019/06/10 13:31</PriceUpdateDate>
      <ItemCode>7290016136692</ItemCode>
      <ItemType>1</ItemType>
      <ItemName>א.פרש 100 מל שלישיות מנטה</ItemName>
      <ManufactureName>גורי ע.ע.ע בעמ</ManufactureName>
      <ManufactureCountry />
      <ManufactureItemDescription />
      <UnitQty>יח`</UnitQty>
      <Quantity>100</Quantity>
      <UnitMeasure>מ"ל</UnitMeasure>
      <BisWeighted>0</BisWeighted>
      <QtyInPackage>1</QtyInPackage>
      <ItemPrice>17.90</ItemPrice>
      <UnitOfMeasurePrice>17.90</UnitOfMeasurePrice>
      <AllowDiscount>0</AllowDiscount>
      <itemStatus>1</itemStatus>
      <LastUpdateDate />
      <LastUpdateTime />
    </Product>
    <Product>
      <PriceUpdateDate>2019/06/10 13:31</PriceUpdateDate>
      <ItemCode>7290016136708</ItemCode>
      <ItemType>1</ItemType>
      <ItemName>א.פרש 100 מל שלישיות עדין</ItemName>
      <ManufactureName>גורי ע.ע.ע בעמ</ManufactureName>
      <ManufactureCountry />
      <ManufactureItemDescription />
      <UnitQty>יח`</UnitQty>
      <Quantity>100</Quantity>
      <UnitMeasure>מ"ל</UnitMeasure>
      <BisWeighted>0</BisWeighted>
      <QtyInPackage>1</QtyInPackage>
      <ItemPrice>17.90</ItemPrice>
      <UnitOfMeasurePrice>17.90</UnitOfMeasurePrice>
      <AllowDiscount>0</AllowDiscount>
      <itemStatus>1</itemStatus>
      <LastUpdateDate />
      <LastUpdateTime />
    </Product>
    <Product>
      <PriceUpdateDate>2017/03/22 08:08</PriceUpdateDate>
      <ItemCode>7290016136722</ItemCode>
      <ItemType>1</ItemType>
      <ItemName>פתיתים פנה ללא גולטן 340 גר(פסטה)</ItemName>
      <ManufactureName>גורי מוצרי צריכה (1991) בעמ</ManufactureName>
      <ManufactureCountry />
      <ManufactureItemDescription />
      <UnitQty>יח`</UnitQty>
      <Quantity>340</Quantity>
      <UnitMeasure>גרם</UnitMeasure>
      <BisWeighted>0</BisWeighted>
      <QtyInPackage>1</QtyInPackage>
      <ItemPrice>8.90</ItemPrice>
      <UnitOfMeasurePrice>2.62</UnitOfMeasurePrice>
      <AllowDiscount>0</AllowDiscount>
      <itemStatus>1</itemStatus>
      <LastUpdateDate />
      <LastUpdateTime />
    </Product>
    <Product>
      <PriceUpdateDate>2019/06/04 11:44</PriceUpdateDate>
      <ItemCode>7290016144048</ItemCode>
      <ItemType>1</ItemType>
      <ItemName>קמח כוסמין לבן קמח נפלאות 1 קג</ItemName>
      <ManufactureName>קמח מלכים בעמ</ManufactureName>
      <ManufactureCountry />
      <ManufactureItemDescription />
      <UnitQty>יח`</UnitQty>
      <Quantity>1000</Quantity>
      <UnitMeasure>גרם</UnitMeasure>
      <BisWeighted>0</BisWeighted>
      <QtyInPackage>1</QtyInPackage>
      <ItemPrice>16.90</ItemPrice>
      <UnitOfMeasurePrice>1.69</UnitOfMeasurePrice>
      <AllowDiscount>1</AllowDiscount>
      <itemStatus>1</itemStatus>
      <LastUpdateDate />
      <LastUpdateTime />
    </Product>
    <Product>
      <PriceUpdateDate>2019/06/04 11:44</PriceUpdateDate>
      <ItemCode>7290016144055</ItemCode>
      <ItemType>1</ItemType>
      <ItemName>קמח כוסמין 80% קמח נפלאות 1 קג</ItemName>
      <ManufactureName>קמח מלכים בעמ</ManufactureName>
      <ManufactureCountry />
      <ManufactureItemDescription />
      <UnitQty>יח`</UnitQty>
      <Quantity>1000</Quantity>
      <UnitMeasure>גרם</UnitMeasure>
      <BisWeighted>0</BisWeighted>
      <QtyInPackage>1</QtyInPackage>
      <ItemPrice>14.90</ItemPrice>
      <UnitOfMeasurePrice>1.49</UnitOfMeasurePrice>
      <AllowDiscount>1</AllowDiscount>
      <itemStatus>1</itemStatus>
      <LastUpdateDate />
      <LastUpdateTime />
    </Product>
    <Product>
      <PriceUpdateDate>2016/11/15 12:39</PriceUpdateDate>
      <ItemCode>7290016150117</ItemCode>
      <ItemType>1</ItemType>
      <ItemName>סלק אדום בוואקום 500 גרם</ItemName>
      <ManufactureName>ביג פוד כחול לבן בעמ</ManufactureName>
      <ManufactureCountry />
      <ManufactureItemDescription />
      <UnitQty>יח`</UnitQty>
      <Quantity>1</Quantity>
      <UnitMeasure />
      <BisWeighted>0</BisWeighted>
      <QtyInPackage>1</QtyInPackage>
      <ItemPrice>8.90</ItemPrice>
      <UnitOfMeasurePrice>8.90</UnitOfMeasurePrice>
      <AllowDiscount>1</AllowDiscount>
      <itemStatus>1</itemStatus>
      <LastUpdateDate />
      <LastUpdateTime />
    </Product>
    <Product>
      <PriceUpdateDate>2019/11/13 15:44</PriceUpdateDate>
      <ItemCode>7290016150810</ItemCode>
      <ItemType>1</ItemType>
      <ItemName>מיזלי לא קלוי 1 קג שוקולוד מריר</ItemName>
      <ManufactureName>משה סידס ובנו בעמ</ManufactureName>
      <ManufactureCountry />
      <ManufactureItemDescription />
      <UnitQty>יח`</UnitQty>
      <Quantity>1</Quantity>
      <UnitMeasure>גרם</UnitMeasure>
      <BisWeighted>0</BisWeighted>
      <QtyInPackage>1</QtyInPackage>
      <ItemPrice>25.90</ItemPrice>
      <UnitOfMeasurePrice>2590</UnitOfMeasurePrice>
      <AllowDiscount>1</AllowDiscount>
      <itemStatus>1</itemStatus>
      <LastUpdateDate />
      <LastUpdateTime />
    </Product>
    <Product>
      <PriceUpdateDate>2016/07/03 11:10</PriceUpdateDate>
      <ItemCode>7290016162264</ItemCode>
      <ItemType>1</ItemType>
      <ItemName>עוגת גבינה רנסנס קפולסקי (450 גרם)</ItemName>
      <ManufactureName>קפולסקי אדל בעמ</ManufactureName>
      <ManufactureCountry />
      <ManufactureItemDescription />
      <UnitQty>יח`</UnitQty>
      <Quantity>450</Quantity>
      <UnitMeasure>גרם</UnitMeasure>
      <BisWeighted>0</BisWeighted>
      <QtyInPackage>1</QtyInPackage>
      <ItemPrice>34.90</ItemPrice>
      <UnitOfMeasurePrice>7.76</UnitOfMeasurePrice>
      <AllowDiscount>0</AllowDiscount>
      <itemStatus>1</itemStatus>
      <LastUpdateDate />
      <LastUpdateTime />
    </Product>
    <Product>
      <PriceUpdateDate>2015/12/29 08:32</PriceUpdateDate>
      <ItemCode>7290016188585</ItemCode>
      <ItemType>1</ItemType>
      <ItemName>למברוסקו רוזה חצי יבש 750 מל כרמל מזרח</ItemName>
      <ManufactureName>אגודת הכורמים</ManufactureName>
      <ManufactureCountry />
      <ManufactureItemDescription />
      <UnitQty>יח`</UnitQty>
      <Quantity>750</Quantity>
      <UnitMeasure>מ"ל</UnitMeasure>
      <BisWeighted>0</BisWeighted>
      <QtyInPackage>1</QtyInPackage>
      <ItemPrice>26.90</ItemPrice>
      <UnitOfMeasurePrice>3.55</UnitOfMeasurePrice>
      <AllowDiscount>1</AllowDiscount>
      <itemStatus>1</itemStatus>
      <LastUpdateDate />
      <LastUpdateTime />
    </Product>
    <Product>
      <PriceUpdateDate>2015/12/16 09:23</PriceUpdateDate>
      <ItemCode>7290016188592</ItemCode>
      <ItemType>1</ItemType>
      <ItemName>למברוסקו אדום חצי יבש 750 מ כרמל מזרחי</ItemName>
      <ManufactureName>אגודת הכורמים</ManufactureName>
      <ManufactureCountry />
      <ManufactureItemDescription />
      <UnitQty>יח`</UnitQty>
      <Quantity>750</Quantity>
      <UnitMeasure>מ"ל</UnitMeasure>
      <BisWeighted>0</BisWeighted>
      <QtyInPackage>1</QtyInPackage>
      <ItemPrice>26.90</ItemPrice>
      <UnitOfMeasurePrice>3.55</UnitOfMeasurePrice>
      <AllowDiscount>1</AllowDiscount>
      <itemStatus>1</itemStatus>
      <LastUpdateDate />
      <LastUpdateTime />
    </Product>
    <Product>
      <PriceUpdateDate>2015/12/29 08:32</PriceUpdateDate>
      <ItemCode>7290016188608</ItemCode>
      <ItemType>1</ItemType>
      <ItemName>למברוסקו לבן חצי יבש 750 מל כרמל מזרחי</ItemName>
      <ManufactureName>אגודת הכורמים</ManufactureName>
      <ManufactureCountry />
      <ManufactureItemDescription />
      <UnitQty>יח`</UnitQty>
      <Quantity>750</Quantity>
      <UnitMeasure>מ"ל</UnitMeasure>
      <BisWeighted>0</BisWeighted>
      <QtyInPackage>1</QtyInPackage>
      <ItemPrice>26.90</ItemPrice>
      <UnitOfMeasurePrice>3.55</UnitOfMeasurePrice>
      <AllowDiscount>1</AllowDiscount>
      <itemStatus>1</itemStatus>
      <LastUpdateDate />
      <LastUpdateTime />
    </Product>
    <Product>
      <PriceUpdateDate>2018/01/10 11:27</PriceUpdateDate>
      <ItemCode>7290016197488</ItemCode>
      <ItemType>1</ItemType>
      <ItemName>מטליות מיקרופייבר למשטחים ניקול (3)</ItemName>
      <ManufactureName>קימברלי קלארק ישראל שיווק בעמ</ManufactureName>
      <ManufactureCountry />
      <ManufactureItemDescription />
      <UnitQty>יח`</UnitQty>
      <Quantity>1</Quantity>
      <UnitMeasure />
      <BisWeighted>0</BisWeighted>
      <QtyInPackage>1</QtyInPackage>
      <ItemPrice>15</ItemPrice>
      <UnitOfMeasurePrice>15</UnitOfMeasurePrice>
      <AllowDiscount>1</AllowDiscount>
      <itemStatus>1</itemStatus>
      <LastUpdateDate />
      <LastUpdateTime />
    </Product>
    <Product>
      <PriceUpdateDate>2016/03/24 08:26</PriceUpdateDate>
      <ItemCode>7290016197495</ItemCode>
      <ItemType>1</ItemType>
      <ItemName>מטליות מיקרופייבר לרצפה ניקול (2)</ItemName>
      <ManufactureName>קימברלי קלארק ישראל שיווק בעמ</ManufactureName>
      <ManufactureCountry />
      <ManufactureItemDescription />
      <UnitQty>יח`</UnitQty>
      <Quantity>1</Quantity>
      <UnitMeasure />
      <BisWeighted>0</BisWeighted>
      <QtyInPackage>1</QtyInPackage>
      <ItemPrice>24.90</ItemPrice>
      <UnitOfMeasurePrice>24.90</UnitOfMeasurePrice>
      <AllowDiscount>1</AllowDiscount>
      <itemStatus>1</itemStatus>
      <LastUpdateDate />
      <LastUpdateTime />
    </Product>
    <Product>
      <PriceUpdateDate>2016/07/29 08:27</PriceUpdateDate>
      <ItemCode>7290016197600</ItemCode>
      <ItemType>1</ItemType>
      <ItemName>תחבושת דיפנד נורמל NORMAL</ItemName>
      <ManufactureName>קימברלי קלארק ישראל שיווק בעמ</ManufactureName>
      <ManufactureCountry />
      <ManufactureItemDescription />
      <UnitQty>יח`</UnitQty>
      <Quantity>1</Quantity>
      <UnitMeasure />
      <BisWeighted>0</BisWeighted>
      <QtyInPackage>1</QtyInPackage>
      <ItemPrice>24.90</ItemPrice>
      <UnitOfMeasurePrice>24.90</UnitOfMeasurePrice>
      <AllowDiscount>1</AllowDiscount>
      <itemStatus>1</itemStatus>
      <LastUpdateDate />
      <LastUpdateTime />
    </Product>
    <Product>
      <PriceUpdateDate>2016/07/31 08:18</PriceUpdateDate>
      <ItemCode>7290016197624</ItemCode>
      <ItemType>1</ItemType>
      <ItemName>תחבושת דיפנד סופר SUPER</ItemName>
      <ManufactureName>קימברלי קלארק ישראל שיווק בעמ</ManufactureName>
      <ManufactureCountry />
      <ManufactureItemDescription />
      <UnitQty>יח`</UnitQty>
      <Quantity>1</Quantity>
      <UnitMeasure />
      <BisWeighted>0</BisWeighted>
      <QtyInPackage>1</QtyInPackage>
      <ItemPrice>24.90</ItemPrice>
      <UnitOfMeasurePrice>24.90</UnitOfMeasurePrice>
      <AllowDiscount>1</AllowDiscount>
      <itemStatus>1</itemStatus>
      <LastUpdateDate />
      <LastUpdateTime />
    </Product>
    <Product>
      <PriceUpdateDate>2016/03/24 08:26</PriceUpdateDate>
      <ItemCode>7290016197839</ItemCode>
      <ItemType>1</ItemType>
      <ItemName>השקית החזקה XL</ItemName>
      <ManufactureName>קימברלי קלארק ישראל שיווק בעמ</ManufactureName>
      <ManufactureCountry />
      <ManufactureItemDescription />
      <UnitQty>יח`</UnitQty>
      <Quantity>1</Quantity>
      <UnitMeasure />
      <BisWeighted>0</BisWeighted>
      <QtyInPackage>1</QtyInPackage>
      <ItemPrice>24.90</ItemPrice>
      <UnitOfMeasurePrice>24.90</UnitOfMeasurePrice>
      <AllowDiscount>0</AllowDiscount>
      <itemStatus>1</itemStatus>
      <LastUpdateDate />
      <LastUpdateTime />
    </Product>
    <Product>
      <PriceUpdateDate>2017/02/15 08:39</PriceUpdateDate>
      <ItemCode>7290016197853</ItemCode>
      <ItemType>1</ItemType>
      <ItemName>שקית אשפה ניקול 47*45 50 יח</ItemName>
      <ManufactureName>קימברלי קלארק ישראל שיווק בעמ</ManufactureName>
      <ManufactureCountry />
      <ManufactureItemDescription />
      <UnitQty>יח`</UnitQty>
      <Quantity>1</Quantity>
      <UnitMeasure />
      <BisWeighted>0</BisWeighted>
      <QtyInPackage>1</QtyInPackage>
      <ItemPrice>19.90</ItemPrice>
      <UnitOfMeasurePrice>19.90</UnitOfMeasurePrice>
      <AllowDiscount>0</AllowDiscount>
      <itemStatus>1</itemStatus>
      <LastUpdateDate />
      <LastUpdateTime />
    </Product>
    <Product>
      <PriceUpdateDate>2016/03/24 08:26</PriceUpdateDate>
      <ItemCode>7290016197877</ItemCode>
      <ItemType>1</ItemType>
      <ItemName>שקית לפחי מטבח קטניםM</ItemName>
      <ManufactureName>קימברלי קלארק ישראל שיווק בעמ</ManufactureName>
      <ManufactureCountry />
      <ManufactureItemDescription />
      <UnitQty>יח`</UnitQty>
      <Quantity>1</Quantity>
      <UnitMeasure />
      <BisWeighted>0</BisWeighted>
      <QtyInPackage>1</QtyInPackage>
      <ItemPrice>21.90</ItemPrice>
      <UnitOfMeasurePrice>21.90</UnitOfMeasurePrice>
      <AllowDiscount>0</AllowDiscount>
      <itemStatus>1</itemStatus>
      <LastUpdateDate />
      <LastUpdateTime />
    </Product>
    <Product>
      <PriceUpdateDate>2017/08/17 07:38</PriceUpdateDate>
      <ItemCode>7290016233995</ItemCode>
      <ItemType>1</ItemType>
      <ItemName>פילה אנשובי בפח עם שמן זית 45  גר`תומר</ItemName>
      <ManufactureName>תומר יבוא ושיווק מוצרי מזון (1</ManufactureName>
      <ManufactureCountry />
      <ManufactureItemDescription />
      <UnitQty>יח`</UnitQty>
      <Quantity>45</Quantity>
      <UnitMeasure>גרם</UnitMeasure>
      <BisWeighted>0</BisWeighted>
      <QtyInPackage>1</QtyInPackage>
      <ItemPrice>5.90</ItemPrice>
      <UnitOfMeasurePrice>13.11</UnitOfMeasurePrice>
      <AllowDiscount>0</AllowDiscount>
      <itemStatus>1</itemStatus>
      <LastUpdateDate />
      <LastUpdateTime />
    </Product>
    <Product>
      <PriceUpdateDate>2017/11/14 08:01</PriceUpdateDate>
      <ItemCode>7290016246308</ItemCode>
      <ItemType>1</ItemType>
      <ItemName>בארכה בקטנה חטיף חלבה וניל קוקוס 126 גר`</ItemName>
      <ManufactureName>קבוצת אסם סחר שות. מוגבלת</ManufactureName>
      <ManufactureCountry />
      <ManufactureItemDescription />
      <UnitQty>יח`</UnitQty>
      <Quantity>126</Quantity>
      <UnitMeasure>גרם</UnitMeasure>
      <BisWeighted>0</BisWeighted>
      <QtyInPackage>1</QtyInPackage>
      <ItemPrice>11.90</ItemPrice>
      <UnitOfMeasurePrice>9.44</UnitOfMeasurePrice>
      <AllowDiscount>0</AllowDiscount>
      <itemStatus>1</itemStatus>
      <LastUpdateDate />
      <LastUpdateTime />
    </Product>
    <Product>
      <PriceUpdateDate>2018/10/14 12:58</PriceUpdateDate>
      <ItemCode>7290016246445</ItemCode>
      <ItemType>1</ItemType>
      <ItemName>טחינה גולמית מעודנת שומשום מלא  גר`310</ItemName>
      <ManufactureName>קבוצת אסם סחר שות. מוגבלת</ManufactureName>
      <ManufactureCountry />
      <ManufactureItemDescription />
      <UnitQty>יח`</UnitQty>
      <Quantity>310</Quantity>
      <UnitMeasure>גרם</UnitMeasure>
      <BisWeighted>0</BisWeighted>
      <QtyInPackage>1</QtyInPackage>
      <ItemPrice>10.90</ItemPrice>
      <UnitOfMeasurePrice>3.52</UnitOfMeasurePrice>
      <AllowDiscount>0</AllowDiscount>
      <itemStatus>1</itemStatus>
      <LastUpdateDate />
      <LastUpdateTime />
    </Product>
    <Product>
      <PriceUpdateDate>2018/10/14 12:58</PriceUpdateDate>
      <ItemCode>7290016246452</ItemCode>
      <ItemType>1</ItemType>
      <ItemName>טחינה גולמית מעודנת לימון שום 310  גר`בא</ItemName>
      <ManufactureName>קבוצת אסם סחר שות. מוגבלת</ManufactureName>
      <ManufactureCountry />
      <ManufactureItemDescription />
      <UnitQty>יח`</UnitQty>
      <Quantity>310</Quantity>
      <UnitMeasure>גרם</UnitMeasure>
      <BisWeighted>0</BisWeighted>
      <QtyInPackage>1</QtyInPackage>
      <ItemPrice>10.90</ItemPrice>
      <UnitOfMeasurePrice>3.52</UnitOfMeasurePrice>
      <AllowDiscount>0</AllowDiscount>
      <itemStatus>1</itemStatus>
      <LastUpdateDate />
      <LastUpdateTime />
    </Product>
    <Product>
      <PriceUpdateDate>2016/08/10 08:44</PriceUpdateDate>
      <ItemCode>7290016277487</ItemCode>
      <ItemType>1</ItemType>
      <ItemName>שיבולת שועל 350 גר` עבה</ItemName>
      <ManufactureName>דין שיווק וקליה בעמ</ManufactureName>
      <ManufactureCountry />
      <ManufactureItemDescription />
      <UnitQty>יח`</UnitQty>
      <Quantity>350</Quantity>
      <UnitMeasure>גרם</UnitMeasure>
      <BisWeighted>0</BisWeighted>
      <QtyInPackage>1</QtyInPackage>
      <ItemPrice>3.90</ItemPrice>
      <UnitOfMeasurePrice>1.11</UnitOfMeasurePrice>
      <AllowDiscount>1</AllowDiscount>
      <itemStatus>1</itemStatus>
      <LastUpdateDate />
      <LastUpdateTime />
    </Product>
    <Product>
      <PriceUpdateDate>2016/08/12 08:09</PriceUpdateDate>
      <ItemCode>7290016319293</ItemCode>
      <ItemType>1</ItemType>
      <ItemName>פמילי אל סבון מאסק מלטף רוח ים 1 ל`</ItemName>
      <ManufactureName>דנשר (1963) בעמ</ManufactureName>
      <ManufactureCountry />
      <ManufactureItemDescription />
      <UnitQty>יח`</UnitQty>
      <Quantity>1</Quantity>
      <UnitMeasure>1 ליטר</UnitMeasure>
      <BisWeighted>0</BisWeighted>
      <QtyInPackage>1</QtyInPackage>
      <ItemPrice>14.90</ItemPrice>
      <UnitOfMeasurePrice>14.90</UnitOfMeasurePrice>
      <AllowDiscount>1</AllowDiscount>
      <itemStatus>1</itemStatus>
      <LastUpdateDate />
      <LastUpdateTime />
    </Product>
    <Product>
      <PriceUpdateDate>2016/08/12 08:10</PriceUpdateDate>
      <ItemCode>7290016319309</ItemCode>
      <ItemType>1</ItemType>
      <ItemName>פמלי אל סבון מאסק קלאסי 1 ל`</ItemName>
      <ManufactureName>דנשר (1963) בעמ</ManufactureName>
      <ManufactureCountry />
      <ManufactureItemDescription />
      <UnitQty>יח`</UnitQty>
      <Quantity>1</Quantity>
      <UnitMeasure>1 ליטר</UnitMeasure>
      <BisWeighted>0</BisWeighted>
      <QtyInPackage>1</QtyInPackage>
      <ItemPrice>14.90</ItemPrice>
      <UnitOfMeasurePrice>14.90</UnitOfMeasurePrice>
      <AllowDiscount>1</AllowDiscount>
      <itemStatus>1</itemStatus>
      <LastUpdateDate />
      <LastUpdateTime />
    </Product>
    <Product>
      <PriceUpdateDate>2019/06/20 15:39</PriceUpdateDate>
      <ItemCode>7290016321661</ItemCode>
      <ItemType>1</ItemType>
      <ItemName>פרש וואנס רביעייה מגבונים לחים ללא בישום</ItemName>
      <ManufactureName>דנשר (1963) בעמ</ManufactureName>
      <ManufactureCountry />
      <ManufactureItemDescription />
      <UnitQty>יח`</UnitQty>
      <Quantity>1</Quantity>
      <UnitMeasure />
      <BisWeighted>0</BisWeighted>
      <QtyInPackage>1</QtyInPackage>
      <ItemPrice>15.90</ItemPrice>
      <UnitOfMeasurePrice>15.90</UnitOfMeasurePrice>
      <AllowDiscount>1</AllowDiscount>
      <itemStatus>1</itemStatus>
      <LastUpdateDate />
      <LastUpdateTime />
    </Product>
    <Product>
      <PriceUpdateDate>2019/06/20 15:39</PriceUpdateDate>
      <ItemCode>7290016321678</ItemCode>
      <ItemType>1</ItemType>
      <ItemName>פרש וואנס רביעייה מגבונים לחים קמומיל</ItemName>
      <ManufactureName>דנשר (1963) בעמ</ManufactureName>
      <ManufactureCountry />
      <ManufactureItemDescription />
      <UnitQty>יח`</UnitQty>
      <Quantity>1</Quantity>
      <UnitMeasure />
      <BisWeighted>0</BisWeighted>
      <QtyInPackage>1</QtyInPackage>
      <ItemPrice>15.90</ItemPrice>
      <UnitOfMeasurePrice>15.90</UnitOfMeasurePrice>
      <AllowDiscount>1</AllowDiscount>
      <itemStatus>1</itemStatus>
      <LastUpdateDate />
      <LastUpdateTime />
    </Product>
    <Product>
      <PriceUpdateDate>2019/02/17 11:37</PriceUpdateDate>
      <ItemCode>7290016329278</ItemCode>
      <ItemType>1</ItemType>
      <ItemName>רביעיות מגבונים קמיל בלו 64 יח פישר</ItemName>
      <ManufactureName>פישר תעשיות פרמצבטיות בעמ</ManufactureName>
      <ManufactureCountry />
      <ManufactureItemDescription />
      <UnitQty>יח`</UnitQty>
      <Quantity>1</Quantity>
      <UnitMeasure />
      <BisWeighted>0</BisWeighted>
      <QtyInPackage>1</QtyInPackage>
      <ItemPrice>19.90</ItemPrice>
      <UnitOfMeasurePrice>19.90</UnitOfMeasurePrice>
      <AllowDiscount>1</AllowDiscount>
      <itemStatus>1</itemStatus>
      <LastUpdateDate />
      <LastUpdateTime />
    </Product>
    <Product>
      <PriceUpdateDate>2017/02/15 08:39</PriceUpdateDate>
      <ItemCode>7290016329308</ItemCode>
      <ItemType>1</ItemType>
      <ItemName>סרקל קרם רוזמרין לשעיר מתולתל 325 מל</ItemName>
      <ManufactureName>פישר תעשיות פרמצבטיות בעמ</ManufactureName>
      <ManufactureCountry />
      <ManufactureItemDescription />
      <UnitQty>יח`</UnitQty>
      <Quantity>325</Quantity>
      <UnitMeasure>מ"ל</UnitMeasure>
      <BisWeighted>0</BisWeighted>
      <QtyInPackage>1</QtyInPackage>
      <ItemPrice>27.90</ItemPrice>
      <UnitOfMeasurePrice>8.58</UnitOfMeasurePrice>
      <AllowDiscount>1</AllowDiscount>
      <itemStatus>1</itemStatus>
      <LastUpdateDate />
      <LastUpdateTime />
    </Product>
    <Product>
      <PriceUpdateDate>2016/02/03 08:37</PriceUpdateDate>
      <ItemCode>7290016363005</ItemCode>
      <ItemType>1</ItemType>
      <ItemName>בראשית הלחם קלחם 7 דגנים</ItemName>
      <ManufactureName>בראשית הלחם בעמ</ManufactureName>
      <ManufactureCountry />
      <ManufactureItemDescription />
      <UnitQty>יח`</UnitQty>
      <Quantity>1</Quantity>
      <UnitMeasure />
      <BisWeighted>0</BisWeighted>
      <QtyInPackage>1</QtyInPackage>
      <ItemPrice>14.90</ItemPrice>
      <UnitOfMeasurePrice>14.90</UnitOfMeasurePrice>
      <AllowDiscount>0</AllowDiscount>
      <itemStatus>1</itemStatus>
      <LastUpdateDate />
      <LastUpdateTime />
    </Product>
    <Product>
      <PriceUpdateDate>2017/11/16 08:16</PriceUpdateDate>
      <ItemCode>7290016372342</ItemCode>
      <ItemType>1</ItemType>
      <ItemName>עגבניות חתוכות לקוביות 400 גר` שלישייה</ItemName>
      <ManufactureName>תה ויסוצקי (ישראל) בעמ</ManufactureName>
      <ManufactureCountry />
      <ManufactureItemDescription />
      <UnitQty>יח`</UnitQty>
      <Quantity>400</Quantity>
      <UnitMeasure>גרם</UnitMeasure>
      <BisWeighted>0</BisWeighted>
      <QtyInPackage>1</QtyInPackage>
      <ItemPrice>19.90</ItemPrice>
      <UnitOfMeasurePrice>4.98</UnitOfMeasurePrice>
      <AllowDiscount>0</AllowDiscount>
      <itemStatus>1</itemStatus>
      <LastUpdateDate />
      <LastUpdateTime />
    </Product>
    <Product>
      <PriceUpdateDate>2018/12/30 14:21</PriceUpdateDate>
      <ItemCode>7290016372373</ItemCode>
      <ItemType>1</ItemType>
      <ItemName>רסק עגבניות 135*2 גר`</ItemName>
      <ManufactureName>תה ויסוצקי (ישראל) בעמ</ManufactureName>
      <ManufactureCountry />
      <ManufactureItemDescription />
      <UnitQty>יח`</UnitQty>
      <Quantity>270</Quantity>
      <UnitMeasure>גרם</UnitMeasure>
      <BisWeighted>0</BisWeighted>
      <QtyInPackage>1</QtyInPackage>
      <ItemPrice>8.90</ItemPrice>
      <UnitOfMeasurePrice>3.30</UnitOfMeasurePrice>
      <AllowDiscount>0</AllowDiscount>
      <itemStatus>1</itemStatus>
      <LastUpdateDate />
      <LastUpdateTime />
    </Product>
    <Product>
      <PriceUpdateDate>2017/01/23 07:58</PriceUpdateDate>
      <ItemCode>7290016387254</ItemCode>
      <ItemType>1</ItemType>
      <ItemName>משטח לייבוש כלים דו צדדי</ItemName>
      <ManufactureName>מ.א.ייצור ויבוא מטליות בעמ</ManufactureName>
      <ManufactureCountry />
      <ManufactureItemDescription />
      <UnitQty>יח`</UnitQty>
      <Quantity>1</Quantity>
      <UnitMeasure />
      <BisWeighted>0</BisWeighted>
      <QtyInPackage>1</QtyInPackage>
      <ItemPrice>8.90</ItemPrice>
      <UnitOfMeasurePrice>8.90</UnitOfMeasurePrice>
      <AllowDiscount>0</AllowDiscount>
      <itemStatus>1</itemStatus>
      <LastUpdateDate />
      <LastUpdateTime />
    </Product>
    <Product>
      <PriceUpdateDate>2017/02/13 08:09</PriceUpdateDate>
      <ItemCode>7290016387339</ItemCode>
      <ItemType>1</ItemType>
      <ItemName>מטליות מיקרופייבר ג`מבו לריצפה</ItemName>
      <ManufactureName>מ.א.ייצור ויבוא מטליות בעמ</ManufactureName>
      <ManufactureCountry />
      <ManufactureItemDescription />
      <UnitQty>יח`</UnitQty>
      <Quantity>1</Quantity>
      <UnitMeasure />
      <BisWeighted>0</BisWeighted>
      <QtyInPackage>1</QtyInPackage>
      <ItemPrice>16.90</ItemPrice>
      <UnitOfMeasurePrice>16.90</UnitOfMeasurePrice>
      <AllowDiscount>0</AllowDiscount>
      <itemStatus>1</itemStatus>
      <LastUpdateDate />
      <LastUpdateTime />
    </Product>
    <Product>
      <PriceUpdateDate>2020/02/23 10:13</PriceUpdateDate>
      <ItemCode>7290016408140</ItemCode>
      <ItemType>1</ItemType>
      <ItemName>כעכים טרליני בטעם רוטב פיצה 225 גר`</ItemName>
      <ManufactureName>כרמית תעשיות ממתקים בעמ</ManufactureName>
      <ManufactureCountry />
      <ManufactureItemDescription />
      <UnitQty>יח`</UnitQty>
      <Quantity>225</Quantity>
      <UnitMeasure>גרם</UnitMeasure>
      <BisWeighted>0</BisWeighted>
      <QtyInPackage>1</QtyInPackage>
      <ItemPrice>6.90</ItemPrice>
      <UnitOfMeasurePrice>3.07</UnitOfMeasurePrice>
      <AllowDiscount>1</AllowDiscount>
      <itemStatus>1</itemStatus>
      <LastUpdateDate />
      <LastUpdateTime />
    </Product>
    <Product>
      <PriceUpdateDate>2020/04/28 06:55</PriceUpdateDate>
      <ItemCode>7290016408294</ItemCode>
      <ItemType>1</ItemType>
      <ItemName>מרשמלו אורירי ורוד לבן כרמית 150 גר`</ItemName>
      <ManufactureName>כרמית תעשיות ממתקים בעמ</ManufactureName>
      <ManufactureCountry />
      <ManufactureItemDescription />
      <UnitQty>יח`</UnitQty>
      <Quantity>150</Quantity>
      <UnitMeasure>גרם</UnitMeasure>
      <BisWeighted>0</BisWeighted>
      <QtyInPackage>1</QtyInPackage>
      <ItemPrice>4.90</ItemPrice>
      <UnitOfMeasurePrice>3.27</UnitOfMeasurePrice>
      <AllowDiscount>0</AllowDiscount>
      <itemStatus>1</itemStatus>
      <LastUpdateDate />
      <LastUpdateTime />
    </Product>
    <Product>
      <PriceUpdateDate>2020/02/09 11:29</PriceUpdateDate>
      <ItemCode>7290016408423</ItemCode>
      <ItemType>1</ItemType>
      <ItemName>חטיף קרקר עם זית שחורים ושום 130 כרמית</ItemName>
      <ManufactureName>כרמית תעשיות ממתקים בעמ</ManufactureName>
      <ManufactureCountry />
      <ManufactureItemDescription />
      <UnitQty>יח`</UnitQty>
      <Quantity>130</Quantity>
      <UnitMeasure>גרם</UnitMeasure>
      <BisWeighted>0</BisWeighted>
      <QtyInPackage>1</QtyInPackage>
      <ItemPrice>5.90</ItemPrice>
      <UnitOfMeasurePrice>4.54</UnitOfMeasurePrice>
      <AllowDiscount>0</AllowDiscount>
      <itemStatus>1</itemStatus>
      <LastUpdateDate />
      <LastUpdateTime />
    </Product>
    <Product>
      <PriceUpdateDate>2018/05/03 14:51</PriceUpdateDate>
      <ItemCode>7290016416961</ItemCode>
      <ItemType>1</ItemType>
      <ItemName>עוגת מוס גבינה תות שדה 400 גר.</ItemName>
      <ManufactureName>קפולסקי אדל בעמ</ManufactureName>
      <ManufactureCountry />
      <ManufactureItemDescription />
      <UnitQty>יח`</UnitQty>
      <Quantity>400</Quantity>
      <UnitMeasure>גרם</UnitMeasure>
      <BisWeighted>0</BisWeighted>
      <QtyInPackage>1</QtyInPackage>
      <ItemPrice>34.90</ItemPrice>
      <UnitOfMeasurePrice>8.73</UnitOfMeasurePrice>
      <AllowDiscount>0</AllowDiscount>
      <itemStatus>1</itemStatus>
      <LastUpdateDate />
      <LastUpdateTime />
    </Product>
    <Product>
      <PriceUpdateDate>2020/01/12 12:34</PriceUpdateDate>
      <ItemCode>7290016449952</ItemCode>
      <ItemType>1</ItemType>
      <ItemName>שמן זית כתית מעולה 750 מל סבא חביב</ItemName>
      <ManufactureName>אבאל יזמות בעמ</ManufactureName>
      <ManufactureCountry />
      <ManufactureItemDescription />
      <UnitQty>יח`</UnitQty>
      <Quantity>750</Quantity>
      <UnitMeasure>מ"ל</UnitMeasure>
      <BisWeighted>0</BisWeighted>
      <QtyInPackage>1</QtyInPackage>
      <ItemPrice>27.90</ItemPrice>
      <UnitOfMeasurePrice>3.72</UnitOfMeasurePrice>
      <AllowDiscount>1</AllowDiscount>
      <itemStatus>1</itemStatus>
      <LastUpdateDate />
      <LastUpdateTime />
    </Product>
    <Product>
      <PriceUpdateDate>2017/06/22 08:05</PriceUpdateDate>
      <ItemCode>7290016509304</ItemCode>
      <ItemType>1</ItemType>
      <ItemName>סוד סבון אסלה 4 כדוריות לבנדר</ItemName>
      <ManufactureName>גורי שיווק בעמ</ManufactureName>
      <ManufactureCountry />
      <ManufactureItemDescription />
      <UnitQty>יח`</UnitQty>
      <Quantity>50</Quantity>
      <UnitMeasure>גרם</UnitMeasure>
      <BisWeighted>0</BisWeighted>
      <QtyInPackage>1</QtyInPackage>
      <ItemPrice>8.90</ItemPrice>
      <UnitOfMeasurePrice>17.80</UnitOfMeasurePrice>
      <AllowDiscount>0</AllowDiscount>
      <itemStatus>1</itemStatus>
      <LastUpdateDate />
      <LastUpdateTime />
    </Product>
    <Product>
      <PriceUpdateDate>2018/06/14 16:40</PriceUpdateDate>
      <ItemCode>7290016509786</ItemCode>
      <ItemType>1</ItemType>
      <ItemName>פרסיל ג`ל 2.5 ליטר ירוק</ItemName>
      <ManufactureName>גורי שיווק בעמ</ManufactureName>
      <ManufactureCountry />
      <ManufactureItemDescription />
      <UnitQty>יח`</UnitQty>
      <Quantity>2.50</Quantity>
      <UnitMeasure>1 ליטר</UnitMeasure>
      <BisWeighted>0</BisWeighted>
      <QtyInPackage>1</QtyInPackage>
      <ItemPrice>32.90</ItemPrice>
      <UnitOfMeasurePrice>13.16</UnitOfMeasurePrice>
      <AllowDiscount>1</AllowDiscount>
      <itemStatus>1</itemStatus>
      <LastUpdateDate />
      <LastUpdateTime />
    </Product>
    <Product>
      <PriceUpdateDate>2018/06/14 16:40</PriceUpdateDate>
      <ItemCode>7290016509793</ItemCode>
      <ItemType>1</ItemType>
      <ItemName>פרסיל ג`ל 4 ליטר ירוק</ItemName>
      <ManufactureName>גורי שיווק בעמ</ManufactureName>
      <ManufactureCountry />
      <ManufactureItemDescription />
      <UnitQty>יח`</UnitQty>
      <Quantity>4</Quantity>
      <UnitMeasure>1 ליטר</UnitMeasure>
      <BisWeighted>0</BisWeighted>
      <QtyInPackage>1</QtyInPackage>
      <ItemPrice>42.90</ItemPrice>
      <UnitOfMeasurePrice>10.73</UnitOfMeasurePrice>
      <AllowDiscount>0</AllowDiscount>
      <itemStatus>1</itemStatus>
      <LastUpdateDate />
      <LastUpdateTime />
    </Product>
    <Product>
      <PriceUpdateDate>2018/06/14 16:40</PriceUpdateDate>
      <ItemCode>7290016509816</ItemCode>
      <ItemType>1</ItemType>
      <ItemName>פרסיל ג`ל 4 ליטר קולור</ItemName>
      <ManufactureName>גורי שיווק בעמ</ManufactureName>
      <ManufactureCountry />
      <ManufactureItemDescription />
      <UnitQty>יח`</UnitQty>
      <Quantity>4</Quantity>
      <UnitMeasure>1 ליטר</UnitMeasure>
      <BisWeighted>0</BisWeighted>
      <QtyInPackage>1</QtyInPackage>
      <ItemPrice>42.90</ItemPrice>
      <UnitOfMeasurePrice>10.73</UnitOfMeasurePrice>
      <AllowDiscount>0</AllowDiscount>
      <itemStatus>1</itemStatus>
      <LastUpdateDate />
      <LastUpdateTime />
    </Product>
    <Product>
      <PriceUpdateDate>2018/06/14 16:40</PriceUpdateDate>
      <ItemCode>7290016509830</ItemCode>
      <ItemType>1</ItemType>
      <ItemName>פרסיל ג`ל 2.5 ליטר בייבי</ItemName>
      <ManufactureName>גורי שיווק בעמ</ManufactureName>
      <ManufactureCountry />
      <ManufactureItemDescription />
      <UnitQty>יח`</UnitQty>
      <Quantity>2.50</Quantity>
      <UnitMeasure>1 ליטר</UnitMeasure>
      <BisWeighted>0</BisWeighted>
      <QtyInPackage>1</QtyInPackage>
      <ItemPrice>32.90</ItemPrice>
      <UnitOfMeasurePrice>13.16</UnitOfMeasurePrice>
      <AllowDiscount>1</AllowDiscount>
      <itemStatus>1</itemStatus>
      <LastUpdateDate />
      <LastUpdateTime />
    </Product>
    <Product>
      <PriceUpdateDate>2018/11/12 08:28</PriceUpdateDate>
      <ItemCode>7290016510225</ItemCode>
      <ItemType>1</ItemType>
      <ItemName>תחליב רחצה הוואי וניל דבש 700 מל</ItemName>
      <ManufactureName>הנקל סוד בעמ</ManufactureName>
      <ManufactureCountry />
      <ManufactureItemDescription />
      <UnitQty>יח`</UnitQty>
      <Quantity>700</Quantity>
      <UnitMeasure>מ"ל</UnitMeasure>
      <BisWeighted>0</BisWeighted>
      <QtyInPackage>1</QtyInPackage>
      <ItemPrice>9.90</ItemPrice>
      <UnitOfMeasurePrice>1.41</UnitOfMeasurePrice>
      <AllowDiscount>1</AllowDiscount>
      <itemStatus>1</itemStatus>
      <LastUpdateDate />
      <LastUpdateTime />
    </Product>
    <Product>
      <PriceUpdateDate>2018/11/12 08:28</PriceUpdateDate>
      <ItemCode>7290016510232</ItemCode>
      <ItemType>1</ItemType>
      <ItemName>תחליב רחצה הוואי יוגורט קוקוס 700 מל</ItemName>
      <ManufactureName>הנקל סוד בעמ</ManufactureName>
      <ManufactureCountry />
      <ManufactureItemDescription />
      <UnitQty>יח`</UnitQty>
      <Quantity>700</Quantity>
      <UnitMeasure>מ"ל</UnitMeasure>
      <BisWeighted>0</BisWeighted>
      <QtyInPackage>1</QtyInPackage>
      <ItemPrice>9.90</ItemPrice>
      <UnitOfMeasurePrice>1.41</UnitOfMeasurePrice>
      <AllowDiscount>1</AllowDiscount>
      <itemStatus>1</itemStatus>
      <LastUpdateDate />
      <LastUpdateTime />
    </Product>
    <Product>
      <PriceUpdateDate>2018/11/12 08:28</PriceUpdateDate>
      <ItemCode>7290016510249</ItemCode>
      <ItemType>1</ItemType>
      <ItemName>תחליב רחצה הוואי יוגורט שקדים 700 מל</ItemName>
      <ManufactureName>הנקל סוד בעמ</ManufactureName>
      <ManufactureCountry />
      <ManufactureItemDescription />
      <UnitQty>יח`</UnitQty>
      <Quantity>700</Quantity>
      <UnitMeasure>מ"ל</UnitMeasure>
      <BisWeighted>0</BisWeighted>
      <QtyInPackage>1</QtyInPackage>
      <ItemPrice>9.90</ItemPrice>
      <UnitOfMeasurePrice>1.41</UnitOfMeasurePrice>
      <AllowDiscount>1</AllowDiscount>
      <itemStatus>1</itemStatus>
      <LastUpdateDate />
      <LastUpdateTime />
    </Product>
    <Product>
      <PriceUpdateDate>2018/11/12 08:28</PriceUpdateDate>
      <ItemCode>7290016510287</ItemCode>
      <ItemType>1</ItemType>
      <ItemName>תחליב רחצה הוואי קרם דבש 700 מל</ItemName>
      <ManufactureName>הנקל סוד בעמ</ManufactureName>
      <ManufactureCountry />
      <ManufactureItemDescription />
      <UnitQty>יח`</UnitQty>
      <Quantity>700</Quantity>
      <UnitMeasure>מ"ל</UnitMeasure>
      <BisWeighted>0</BisWeighted>
      <QtyInPackage>1</QtyInPackage>
      <ItemPrice>9.90</ItemPrice>
      <UnitOfMeasurePrice>1.41</UnitOfMeasurePrice>
      <AllowDiscount>1</AllowDiscount>
      <itemStatus>1</itemStatus>
      <LastUpdateDate />
      <LastUpdateTime />
    </Product>
    <Product>
      <PriceUpdateDate>2018/11/12 08:28</PriceUpdateDate>
      <ItemCode>7290016510324</ItemCode>
      <ItemType>1</ItemType>
      <ItemName>תחליב רחצה הוואי לגבר 700 מל</ItemName>
      <ManufactureName>הנקל סוד בעמ</ManufactureName>
      <ManufactureCountry />
      <ManufactureItemDescription />
      <UnitQty>יח`</UnitQty>
      <Quantity>700</Quantity>
      <UnitMeasure>מ"ל</UnitMeasure>
      <BisWeighted>0</BisWeighted>
      <QtyInPackage>1</QtyInPackage>
      <ItemPrice>9.90</ItemPrice>
      <UnitOfMeasurePrice>1.41</UnitOfMeasurePrice>
      <AllowDiscount>1</AllowDiscount>
      <itemStatus>1</itemStatus>
      <LastUpdateDate />
      <LastUpdateTime />
    </Product>
    <Product>
      <PriceUpdateDate>2019/02/03 12:30</PriceUpdateDate>
      <ItemCode>7290016510768</ItemCode>
      <ItemType>1</ItemType>
      <ItemName>תחליב רחצה הוואי יגורט אוכמניות 700 מל</ItemName>
      <ManufactureName>הנקל סוד בעמ</ManufactureName>
      <ManufactureCountry />
      <ManufactureItemDescription />
      <UnitQty>יח`</UnitQty>
      <Quantity>700</Quantity>
      <UnitMeasure>מ"ל</UnitMeasure>
      <BisWeighted>0</BisWeighted>
      <QtyInPackage>1</QtyInPackage>
      <ItemPrice>9.90</ItemPrice>
      <UnitOfMeasurePrice>1.41</UnitOfMeasurePrice>
      <AllowDiscount>1</AllowDiscount>
      <itemStatus>1</itemStatus>
      <LastUpdateDate />
      <LastUpdateTime />
    </Product>
    <Product>
      <PriceUpdateDate>2019/02/17 12:11</PriceUpdateDate>
      <ItemCode>7290016510775</ItemCode>
      <ItemType>1</ItemType>
      <ItemName>תחליב רחצה הוואי רגעים שמימיים 700 מל</ItemName>
      <ManufactureName>הנקל סוד בעמ</ManufactureName>
      <ManufactureCountry />
      <ManufactureItemDescription />
      <UnitQty>יח`</UnitQty>
      <Quantity>700</Quantity>
      <UnitMeasure>מ"ל</UnitMeasure>
      <BisWeighted>0</BisWeighted>
      <QtyInPackage>1</QtyInPackage>
      <ItemPrice>9.90</ItemPrice>
      <UnitOfMeasurePrice>1.41</UnitOfMeasurePrice>
      <AllowDiscount>1</AllowDiscount>
      <itemStatus>1</itemStatus>
      <LastUpdateDate />
      <LastUpdateTime />
    </Product>
    <Product>
      <PriceUpdateDate>2019/04/17 12:21</PriceUpdateDate>
      <ItemCode>7290016510898</ItemCode>
      <ItemType>1</ItemType>
      <ItemName>הוואי שמפו לשיער רגיל 700 מל פריחת דודב</ItemName>
      <ManufactureName>הנקל סוד בעמ</ManufactureName>
      <ManufactureCountry />
      <ManufactureItemDescription />
      <UnitQty>יח`</UnitQty>
      <Quantity>700</Quantity>
      <UnitMeasure>מ"ל</UnitMeasure>
      <BisWeighted>0</BisWeighted>
      <QtyInPackage>1</QtyInPackage>
      <ItemPrice>8.90</ItemPrice>
      <UnitOfMeasurePrice>1.27</UnitOfMeasurePrice>
      <AllowDiscount>0</AllowDiscount>
      <itemStatus>1</itemStatus>
      <LastUpdateDate />
      <LastUpdateTime />
    </Product>
    <Product>
      <PriceUpdateDate>2019/05/20 16:55</PriceUpdateDate>
      <ItemCode>7290016510904</ItemCode>
      <ItemType>1</ItemType>
      <ItemName>הוואי מרכך תמצית דובדבן 700 מל</ItemName>
      <ManufactureName>הנקל סוד בעמ</ManufactureName>
      <ManufactureCountry />
      <ManufactureItemDescription />
      <UnitQty>יח`</UnitQty>
      <Quantity>700</Quantity>
      <UnitMeasure>מ"ל</UnitMeasure>
      <BisWeighted>0</BisWeighted>
      <QtyInPackage>1</QtyInPackage>
      <ItemPrice>8.90</ItemPrice>
      <UnitOfMeasurePrice>1.27</UnitOfMeasurePrice>
      <AllowDiscount>0</AllowDiscount>
      <itemStatus>1</itemStatus>
      <LastUpdateDate />
      <LastUpdateTime />
    </Product>
    <Product>
      <PriceUpdateDate>2016/07/03 08:54</PriceUpdateDate>
      <ItemCode>7290016564006</ItemCode>
      <ItemType>1</ItemType>
      <ItemName>מבריקל  הפלא- ספוג לכלים שלישייה</ItemName>
      <ManufactureName>אלבגינו שיווק וסחר בעמ</ManufactureName>
      <ManufactureCountry />
      <ManufactureItemDescription />
      <UnitQty>יח`</UnitQty>
      <Quantity>1</Quantity>
      <UnitMeasure />
      <BisWeighted>0</BisWeighted>
      <QtyInPackage>1</QtyInPackage>
      <ItemPrice>9.90</ItemPrice>
      <UnitOfMeasurePrice>9.90</UnitOfMeasurePrice>
      <AllowDiscount>0</AllowDiscount>
      <itemStatus>1</itemStatus>
      <LastUpdateDate />
      <LastUpdateTime />
    </Product>
    <Product>
      <PriceUpdateDate>2017/11/23 08:01</PriceUpdateDate>
      <ItemCode>7290016564075</ItemCode>
      <ItemType>1</ItemType>
      <ItemName>זוג מטליות מייקרופייבר לניקוי והברקה מבר</ItemName>
      <ManufactureName>אלבגינו שיווק וסחר בעמ</ManufactureName>
      <ManufactureCountry />
      <ManufactureItemDescription />
      <UnitQty>יח`</UnitQty>
      <Quantity>1</Quantity>
      <UnitMeasure />
      <BisWeighted>0</BisWeighted>
      <QtyInPackage>1</QtyInPackage>
      <ItemPrice>9.90</ItemPrice>
      <UnitOfMeasurePrice>9.90</UnitOfMeasurePrice>
      <AllowDiscount>1</AllowDiscount>
      <itemStatus>1</itemStatus>
      <LastUpdateDate />
      <LastUpdateTime />
    </Product>
    <Product>
      <PriceUpdateDate>2017/11/23 08:01</PriceUpdateDate>
      <ItemCode>7290016564082</ItemCode>
      <ItemType>1</ItemType>
      <ItemName>מארז מטליות מייקרופייבר נשלפות 12 יח מבר</ItemName>
      <ManufactureName>אלבגינו שיווק וסחר בעמ</ManufactureName>
      <ManufactureCountry />
      <ManufactureItemDescription />
      <UnitQty>יח`</UnitQty>
      <Quantity>1</Quantity>
      <UnitMeasure />
      <BisWeighted>0</BisWeighted>
      <QtyInPackage>1</QtyInPackage>
      <ItemPrice>9.90</ItemPrice>
      <UnitOfMeasurePrice>9.90</UnitOfMeasurePrice>
      <AllowDiscount>1</AllowDiscount>
      <itemStatus>1</itemStatus>
      <LastUpdateDate />
      <LastUpdateTime />
    </Product>
    <Product>
      <PriceUpdateDate>2018/07/19 15:14</PriceUpdateDate>
      <ItemCode>7290016564143</ItemCode>
      <ItemType>1</ItemType>
      <ItemName>5 מטליות רב שימושיות מבריקל</ItemName>
      <ManufactureName>אלבגינו שיווק וסחר בעמ</ManufactureName>
      <ManufactureCountry />
      <ManufactureItemDescription />
      <UnitQty>יח`</UnitQty>
      <Quantity>1</Quantity>
      <UnitMeasure />
      <BisWeighted>0</BisWeighted>
      <QtyInPackage>1</QtyInPackage>
      <ItemPrice>9.90</ItemPrice>
      <UnitOfMeasurePrice>9.90</UnitOfMeasurePrice>
      <AllowDiscount>0</AllowDiscount>
      <itemStatus>1</itemStatus>
      <LastUpdateDate />
      <LastUpdateTime />
    </Product>
    <Product>
      <PriceUpdateDate>2019/08/25 11:36</PriceUpdateDate>
      <ItemCode>7290016564204</ItemCode>
      <ItemType>1</ItemType>
      <ItemName>מארז 6 כריות יפניות מבריקל</ItemName>
      <ManufactureName>אלבגינו שיווק וסחר בעמ</ManufactureName>
      <ManufactureCountry />
      <ManufactureItemDescription />
      <UnitQty>יח`</UnitQty>
      <Quantity>1</Quantity>
      <UnitMeasure />
      <BisWeighted>0</BisWeighted>
      <QtyInPackage>1</QtyInPackage>
      <ItemPrice>8.90</ItemPrice>
      <UnitOfMeasurePrice>8.90</UnitOfMeasurePrice>
      <AllowDiscount>1</AllowDiscount>
      <itemStatus>1</itemStatus>
      <LastUpdateDate />
      <LastUpdateTime />
    </Product>
    <Product>
      <PriceUpdateDate>2018/11/04 11:50</PriceUpdateDate>
      <ItemCode>7290016564211</ItemCode>
      <ItemType>1</ItemType>
      <ItemName>מארז 3 מטליות מייקרופבר למטבח מבריקל</ItemName>
      <ManufactureName>אלבגינו שיווק וסחר בעמ</ManufactureName>
      <ManufactureCountry />
      <ManufactureItemDescription />
      <UnitQty>יח`</UnitQty>
      <Quantity>1</Quantity>
      <UnitMeasure />
      <BisWeighted>0</BisWeighted>
      <QtyInPackage>1</QtyInPackage>
      <ItemPrice>11.90</ItemPrice>
      <UnitOfMeasurePrice>11.90</UnitOfMeasurePrice>
      <AllowDiscount>1</AllowDiscount>
      <itemStatus>1</itemStatus>
      <LastUpdateDate />
      <LastUpdateTime />
    </Product>
    <Product>
      <PriceUpdateDate>2019/03/10 13:10</PriceUpdateDate>
      <ItemCode>7290016564235</ItemCode>
      <ItemType>1</ItemType>
      <ItemName>זוג מטליות לרצפות גדולות מבריקל</ItemName>
      <ManufactureName>אלבגינו שיווק וסחר בעמ</ManufactureName>
      <ManufactureCountry />
      <ManufactureItemDescription />
      <UnitQty>יח`</UnitQty>
      <Quantity>1</Quantity>
      <UnitMeasure />
      <BisWeighted>0</BisWeighted>
      <QtyInPackage>1</QtyInPackage>
      <ItemPrice>16.90</ItemPrice>
      <UnitOfMeasurePrice>16.90</UnitOfMeasurePrice>
      <AllowDiscount>0</AllowDiscount>
      <itemStatus>1</itemStatus>
      <LastUpdateDate />
      <LastUpdateTime />
    </Product>
    <Product>
      <PriceUpdateDate>2019/08/25 11:36</PriceUpdateDate>
      <ItemCode>7290016564242</ItemCode>
      <ItemType>1</ItemType>
      <ItemName>מארז 4+2 ספוגלית הפלא מבריקל</ItemName>
      <ManufactureName>אלבגינו שיווק וסחר בעמ</ManufactureName>
      <ManufactureCountry />
      <ManufactureItemDescription />
      <UnitQty>יח`</UnitQty>
      <Quantity>1</Quantity>
      <UnitMeasure />
      <BisWeighted>0</BisWeighted>
      <QtyInPackage>1</QtyInPackage>
      <ItemPrice>9.90</ItemPrice>
      <UnitOfMeasurePrice>9.90</UnitOfMeasurePrice>
      <AllowDiscount>1</AllowDiscount>
      <itemStatus>1</itemStatus>
      <LastUpdateDate />
      <LastUpdateTime />
    </Product>
    <Product>
      <PriceUpdateDate>2019/08/25 11:36</PriceUpdateDate>
      <ItemCode>7290016564266</ItemCode>
      <ItemType>1</ItemType>
      <ItemName>כיסוי הפלא 30 יח מבריקל</ItemName>
      <ManufactureName>אלבגינו שיווק וסחר בעמ</ManufactureName>
      <ManufactureCountry />
      <ManufactureItemDescription />
      <UnitQty>יח`</UnitQty>
      <Quantity>1</Quantity>
      <UnitMeasure />
      <BisWeighted>0</BisWeighted>
      <QtyInPackage>1</QtyInPackage>
      <ItemPrice>9.90</ItemPrice>
      <UnitOfMeasurePrice>9.90</UnitOfMeasurePrice>
      <AllowDiscount>0</AllowDiscount>
      <itemStatus>1</itemStatus>
      <LastUpdateDate />
      <LastUpdateTime />
    </Product>
    <Product>
      <PriceUpdateDate>2017/06/14 10:27</PriceUpdateDate>
      <ItemCode>7290016621358</ItemCode>
      <ItemType>1</ItemType>
      <ItemName>קמיל אל סבון ננוזלי ניקיון והזנה ורוד 1</ItemName>
      <ManufactureName>פישר תעשיות פרמצבטיות בעמ</ManufactureName>
      <ManufactureCountry />
      <ManufactureItemDescription />
      <UnitQty>יח`</UnitQty>
      <Quantity>1</Quantity>
      <UnitMeasure>1 ליטר</UnitMeasure>
      <BisWeighted>0</BisWeighted>
      <QtyInPackage>1</QtyInPackage>
      <ItemPrice>14.90</ItemPrice>
      <UnitOfMeasurePrice>14.90</UnitOfMeasurePrice>
      <AllowDiscount>1</AllowDiscount>
      <itemStatus>1</itemStatus>
      <LastUpdateDate />
      <LastUpdateTime />
    </Product>
    <Product>
      <PriceUpdateDate>2017/06/14 10:27</PriceUpdateDate>
      <ItemCode>7290016621365</ItemCode>
      <ItemType>1</ItemType>
      <ItemName>קמיל אל סבון ננוזלי ניקיון ולחות כחול 1</ItemName>
      <ManufactureName>פישר תעשיות פרמצבטיות בעמ</ManufactureName>
      <ManufactureCountry />
      <ManufactureItemDescription />
      <UnitQty>יח`</UnitQty>
      <Quantity>1</Quantity>
      <UnitMeasure>1 ליטר</UnitMeasure>
      <BisWeighted>0</BisWeighted>
      <QtyInPackage>1</QtyInPackage>
      <ItemPrice>14.90</ItemPrice>
      <UnitOfMeasurePrice>14.90</UnitOfMeasurePrice>
      <AllowDiscount>1</AllowDiscount>
      <itemStatus>1</itemStatus>
      <LastUpdateDate />
      <LastUpdateTime />
    </Product>
    <Product>
      <PriceUpdateDate>2017/03/07 08:42</PriceUpdateDate>
      <ItemCode>7290016682182</ItemCode>
      <ItemType>1</ItemType>
      <ItemName>שייק תמר בננה מופחת סוכר 1 ליטר</ItemName>
      <ManufactureName>תנובה - פריניב</ManufactureName>
      <ManufactureCountry />
      <ManufactureItemDescription />
      <UnitQty>יח`</UnitQty>
      <Quantity>1000</Quantity>
      <UnitMeasure>מ"ל</UnitMeasure>
      <BisWeighted>0</BisWeighted>
      <QtyInPackage>1</QtyInPackage>
      <ItemPrice>14.20</ItemPrice>
      <UnitOfMeasurePrice>1.39</UnitOfMeasurePrice>
      <AllowDiscount>0</AllowDiscount>
      <itemStatus>1</itemStatus>
      <LastUpdateDate />
      <LastUpdateTime />
    </Product>
    <Product>
      <PriceUpdateDate>2019/02/17 12:13</PriceUpdateDate>
      <ItemCode>7290016682243</ItemCode>
      <ItemType>1</ItemType>
      <ItemName>מיץ אשכולית אדומה 1 ליטר פרי ניב</ItemName>
      <ManufactureName>תנובה - פריניב</ManufactureName>
      <ManufactureCountry />
      <ManufactureItemDescription />
      <UnitQty>יח`</UnitQty>
      <Quantity>1000</Quantity>
      <UnitMeasure>מ"ל</UnitMeasure>
      <BisWeighted>0</BisWeighted>
      <QtyInPackage>1</QtyInPackage>
      <ItemPrice>14.20</ItemPrice>
      <UnitOfMeasurePrice>1.39</UnitOfMeasurePrice>
      <AllowDiscount>0</AllowDiscount>
      <itemStatus>1</itemStatus>
      <LastUpdateDate />
      <LastUpdateTime />
    </Product>
    <Product>
      <PriceUpdateDate>2019/02/17 11:35</PriceUpdateDate>
      <ItemCode>7290016717044</ItemCode>
      <ItemType>1</ItemType>
      <ItemName>באזז מנגו 750 מל</ItemName>
      <ManufactureName>אגודת הכורמים</ManufactureName>
      <ManufactureCountry />
      <ManufactureItemDescription />
      <UnitQty>יח`</UnitQty>
      <Quantity>750</Quantity>
      <UnitMeasure>מ"ל</UnitMeasure>
      <BisWeighted>0</BisWeighted>
      <QtyInPackage>1</QtyInPackage>
      <ItemPrice>26.90</ItemPrice>
      <UnitOfMeasurePrice>3.55</UnitOfMeasurePrice>
      <AllowDiscount>1</AllowDiscount>
      <itemStatus>1</itemStatus>
      <LastUpdateDate />
      <LastUpdateTime />
    </Product>
    <Product>
      <PriceUpdateDate>2019/08/08 08:28</PriceUpdateDate>
      <ItemCode>7290016717051</ItemCode>
      <ItemType>1</ItemType>
      <ItemName>רימון 750 מל BUZZ</ItemName>
      <ManufactureName>אגודת הכורמים</ManufactureName>
      <ManufactureCountry />
      <ManufactureItemDescription />
      <UnitQty>יח`</UnitQty>
      <Quantity>750</Quantity>
      <UnitMeasure>מ"ל</UnitMeasure>
      <BisWeighted>0</BisWeighted>
      <QtyInPackage>1</QtyInPackage>
      <ItemPrice>26.90</ItemPrice>
      <UnitOfMeasurePrice>3.55</UnitOfMeasurePrice>
      <AllowDiscount>1</AllowDiscount>
      <itemStatus>1</itemStatus>
      <LastUpdateDate />
      <LastUpdateTime />
    </Product>
    <Product>
      <PriceUpdateDate>2018/01/10 11:24</PriceUpdateDate>
      <ItemCode>7290016717631</ItemCode>
      <ItemType>1</ItemType>
      <ItemName>יין לבן מבעבע מוסקטו 750 מל</ItemName>
      <ManufactureName>אגודת הכורמים</ManufactureName>
      <ManufactureCountry />
      <ManufactureItemDescription />
      <UnitQty>יח`</UnitQty>
      <Quantity>750</Quantity>
      <UnitMeasure>מ"ל</UnitMeasure>
      <BisWeighted>0</BisWeighted>
      <QtyInPackage>1</QtyInPackage>
      <ItemPrice>45.90</ItemPrice>
      <UnitOfMeasurePrice>6.08</UnitOfMeasurePrice>
      <AllowDiscount>1</AllowDiscount>
      <itemStatus>1</itemStatus>
      <LastUpdateDate />
      <LastUpdateTime />
    </Product>
    <Product>
      <PriceUpdateDate>2018/03/05 08:08</PriceUpdateDate>
      <ItemCode>7290016717754</ItemCode>
      <ItemType>1</ItemType>
      <ItemName>יין היובל ישן נושן יקבי כרמל (750 מל)</ItemName>
      <ManufactureName>אגודת הכורמים</ManufactureName>
      <ManufactureCountry />
      <ManufactureItemDescription />
      <UnitQty>יח`</UnitQty>
      <Quantity>750</Quantity>
      <UnitMeasure>מ"ל</UnitMeasure>
      <BisWeighted>0</BisWeighted>
      <QtyInPackage>1</QtyInPackage>
      <ItemPrice>19.90</ItemPrice>
      <UnitOfMeasurePrice>2.61</UnitOfMeasurePrice>
      <AllowDiscount>1</AllowDiscount>
      <itemStatus>1</itemStatus>
      <LastUpdateDate />
      <LastUpdateTime />
    </Product>
    <Product>
      <PriceUpdateDate>2020/04/30 16:13</PriceUpdateDate>
      <ItemCode>7290016717976</ItemCode>
      <ItemType>1</ItemType>
      <ItemName>אפרסק 750 מל BUZZ</ItemName>
      <ManufactureName>אגודת הכורמים</ManufactureName>
      <ManufactureCountry />
      <ManufactureItemDescription />
      <UnitQty>יח`</UnitQty>
      <Quantity>750</Quantity>
      <UnitMeasure>מ"ל</UnitMeasure>
      <BisWeighted>0</BisWeighted>
      <QtyInPackage>1</QtyInPackage>
      <ItemPrice>26.90</ItemPrice>
      <UnitOfMeasurePrice>3.55</UnitOfMeasurePrice>
      <AllowDiscount>0</AllowDiscount>
      <itemStatus>1</itemStatus>
      <LastUpdateDate />
      <LastUpdateTime />
    </Product>
    <Product>
      <PriceUpdateDate>2020/05/01 06:20</PriceUpdateDate>
      <ItemCode>7290016818314</ItemCode>
      <ItemType>1</ItemType>
      <ItemName>רבילוי מוצרלה ועגבניות לטיגון 400  גר`נו</ItemName>
      <ManufactureName>מחלבות גד שיווק 1992 בעמ</ManufactureName>
      <ManufactureCountry />
      <ManufactureItemDescription />
      <UnitQty>יח`</UnitQty>
      <Quantity>400</Quantity>
      <UnitMeasure>גרם</UnitMeasure>
      <BisWeighted>0</BisWeighted>
      <QtyInPackage>1</QtyInPackage>
      <ItemPrice>23.90</ItemPrice>
      <UnitOfMeasurePrice>5.98</UnitOfMeasurePrice>
      <AllowDiscount>0</AllowDiscount>
      <itemStatus>1</itemStatus>
      <LastUpdateDate />
      <LastUpdateTime />
    </Product>
    <Product>
      <PriceUpdateDate>2020/05/01 06:20</PriceUpdateDate>
      <ItemCode>7290016818321</ItemCode>
      <ItemType>1</ItemType>
      <ItemName>רבילוי פולטנה ופטריות לטיגון 400  גר`נונ</ItemName>
      <ManufactureName>מחלבות גד שיווק 1992 בעמ</ManufactureName>
      <ManufactureCountry />
      <ManufactureItemDescription />
      <UnitQty>יח`</UnitQty>
      <Quantity>400</Quantity>
      <UnitMeasure>גרם</UnitMeasure>
      <BisWeighted>0</BisWeighted>
      <QtyInPackage>1</QtyInPackage>
      <ItemPrice>23.90</ItemPrice>
      <UnitOfMeasurePrice>5.98</UnitOfMeasurePrice>
      <AllowDiscount>0</AllowDiscount>
      <itemStatus>1</itemStatus>
      <LastUpdateDate />
      <LastUpdateTime />
    </Product>
    <Product>
      <PriceUpdateDate>2018/06/14 16:40</PriceUpdateDate>
      <ItemCode>7290016866650</ItemCode>
      <ItemType>1</ItemType>
      <ItemName>משחת שיניים פרודונטקס אוריג`ינל 75 מל</ItemName>
      <ManufactureName>גורי ע.ע.ע בעמ</ManufactureName>
      <ManufactureCountry />
      <ManufactureItemDescription />
      <UnitQty>יח`</UnitQty>
      <Quantity>75</Quantity>
      <UnitMeasure>גרם</UnitMeasure>
      <BisWeighted>0</BisWeighted>
      <QtyInPackage>1</QtyInPackage>
      <ItemPrice>29.90</ItemPrice>
      <UnitOfMeasurePrice>39.87</UnitOfMeasurePrice>
      <AllowDiscount>1</AllowDiscount>
      <itemStatus>1</itemStatus>
      <LastUpdateDate />
      <LastUpdateTime />
    </Product>
    <Product>
      <PriceUpdateDate>2018/06/14 16:40</PriceUpdateDate>
      <ItemCode>7290016866674</ItemCode>
      <ItemType>1</ItemType>
      <ItemName>משחת שיניים פרודונטקס מלבינה 75 מל</ItemName>
      <ManufactureName>גורי ע.ע.ע בעמ</ManufactureName>
      <ManufactureCountry />
      <ManufactureItemDescription />
      <UnitQty>יח`</UnitQty>
      <Quantity>75</Quantity>
      <UnitMeasure>גרם</UnitMeasure>
      <BisWeighted>0</BisWeighted>
      <QtyInPackage>1</QtyInPackage>
      <ItemPrice>29.90</ItemPrice>
      <UnitOfMeasurePrice>39.87</UnitOfMeasurePrice>
      <AllowDiscount>1</AllowDiscount>
      <itemStatus>1</itemStatus>
      <LastUpdateDate />
      <LastUpdateTime />
    </Product>
    <Product>
      <PriceUpdateDate>2017/09/28 09:38</PriceUpdateDate>
      <ItemCode>7290016912494</ItemCode>
      <ItemType>1</ItemType>
      <ItemName>אפקטיב קר תחריץ פנים לכל סוגי העור 180 מ</ItemName>
      <ManufactureName>פישר תעשיות פרמצבטיות בעמ</ManufactureName>
      <ManufactureCountry />
      <ManufactureItemDescription />
      <UnitQty>יח`</UnitQty>
      <Quantity>180</Quantity>
      <UnitMeasure>מ"ל</UnitMeasure>
      <BisWeighted>0</BisWeighted>
      <QtyInPackage>1</QtyInPackage>
      <ItemPrice>17.90</ItemPrice>
      <UnitOfMeasurePrice>9.94</UnitOfMeasurePrice>
      <AllowDiscount>0</AllowDiscount>
      <itemStatus>1</itemStatus>
      <LastUpdateDate />
      <LastUpdateTime />
    </Product>
    <Product>
      <PriceUpdateDate>2020/02/23 08:47</PriceUpdateDate>
      <ItemCode>7290016945034</ItemCode>
      <ItemType>1</ItemType>
      <ItemName>עגבניה טום</ItemName>
      <ManufactureName>י.ל החקלאים שיווק והפצה בעמ</ManufactureName>
      <ManufactureCountry />
      <ManufactureItemDescription />
      <UnitQty>ק"ג</UnitQty>
      <Quantity>1</Quantity>
      <UnitMeasure />
      <BisWeighted>1</BisWeighted>
      <QtyInPackage>1</QtyInPackage>
      <ItemPrice>9.90</ItemPrice>
      <UnitOfMeasurePrice>9.90</UnitOfMeasurePrice>
      <AllowDiscount>1</AllowDiscount>
      <itemStatus>1</itemStatus>
      <LastUpdateDate />
      <LastUpdateTime />
    </Product>
    <Product>
      <PriceUpdateDate>2017/11/09 11:19</PriceUpdateDate>
      <ItemCode>7290016967074</ItemCode>
      <ItemType>1</ItemType>
      <ItemName>לחם חיטה מלאה 750 גר אנג`ל</ItemName>
      <ManufactureName>שלמה א. אנג`ל בעמ</ManufactureName>
      <ManufactureCountry />
      <ManufactureItemDescription />
      <UnitQty>יח`</UnitQty>
      <Quantity>750</Quantity>
      <UnitMeasure>גרם</UnitMeasure>
      <BisWeighted>0</BisWeighted>
      <QtyInPackage>1</QtyInPackage>
      <ItemPrice>14.90</ItemPrice>
      <UnitOfMeasurePrice>1.99</UnitOfMeasurePrice>
      <AllowDiscount>0</AllowDiscount>
      <itemStatus>1</itemStatus>
      <LastUpdateDate />
      <LastUpdateTime />
    </Product>
    <Product>
      <PriceUpdateDate>2018/02/07 15:25</PriceUpdateDate>
      <ItemCode>7290017023212</ItemCode>
      <ItemType>1</ItemType>
      <ItemName>שוופס רביעיות מוגז פירות 330 מל סליק תפ</ItemName>
      <ManufactureName>יפאורה</ManufactureName>
      <ManufactureCountry />
      <ManufactureItemDescription />
      <UnitQty>יח`</UnitQty>
      <Quantity>1320</Quantity>
      <UnitMeasure>מ"ל</UnitMeasure>
      <BisWeighted>0</BisWeighted>
      <QtyInPackage>1</QtyInPackage>
      <ItemPrice>12</ItemPrice>
      <UnitOfMeasurePrice>0.82</UnitOfMeasurePrice>
      <AllowDiscount>1</AllowDiscount>
      <itemStatus>1</itemStatus>
      <LastUpdateDate />
      <LastUpdateTime />
    </Product>
    <Product>
      <PriceUpdateDate>2018/02/11 10:37</PriceUpdateDate>
      <ItemCode>7290017023229</ItemCode>
      <ItemType>1</ItemType>
      <ItemName>שרינק שוופס רביעיות מוגז פירות 330 מל ס</ItemName>
      <ManufactureName>יפאורה</ManufactureName>
      <ManufactureCountry />
      <ManufactureItemDescription />
      <UnitQty>יח`</UnitQty>
      <Quantity>1320</Quantity>
      <UnitMeasure>מ"ל</UnitMeasure>
      <BisWeighted>0</BisWeighted>
      <QtyInPackage>1</QtyInPackage>
      <ItemPrice>12</ItemPrice>
      <UnitOfMeasurePrice>0.82</UnitOfMeasurePrice>
      <AllowDiscount>1</AllowDiscount>
      <itemStatus>1</itemStatus>
      <LastUpdateDate />
      <LastUpdateTime />
    </Product>
    <Product>
      <PriceUpdateDate>2018/02/11 10:37</PriceUpdateDate>
      <ItemCode>7290017023236</ItemCode>
      <ItemType>1</ItemType>
      <ItemName>שרינק שוופס רביעיות מוגז פירות 330 מל ס</ItemName>
      <ManufactureName>יפאורה</ManufactureName>
      <ManufactureCountry />
      <ManufactureItemDescription />
      <UnitQty>יח`</UnitQty>
      <Quantity>1320</Quantity>
      <UnitMeasure>מ"ל</UnitMeasure>
      <BisWeighted>0</BisWeighted>
      <QtyInPackage>1</QtyInPackage>
      <ItemPrice>12</ItemPrice>
      <UnitOfMeasurePrice>0.82</UnitOfMeasurePrice>
      <AllowDiscount>1</AllowDiscount>
      <itemStatus>1</itemStatus>
      <LastUpdateDate />
      <LastUpdateTime />
    </Product>
    <Product>
      <PriceUpdateDate>2019/06/30 12:22</PriceUpdateDate>
      <ItemCode>7290017023298</ItemCode>
      <ItemType>1</ItemType>
      <ItemName>רביעיית פרוט ווטר 500 מל בטעם אננס</ItemName>
      <ManufactureName>יפאורה</ManufactureName>
      <ManufactureCountry />
      <ManufactureItemDescription />
      <UnitQty>יח`</UnitQty>
      <Quantity>1</Quantity>
      <UnitMeasure />
      <BisWeighted>0</BisWeighted>
      <QtyInPackage>1</QtyInPackage>
      <ItemPrice>9.90</ItemPrice>
      <UnitOfMeasurePrice>9.90</UnitOfMeasurePrice>
      <AllowDiscount>0</AllowDiscount>
      <itemStatus>1</itemStatus>
      <LastUpdateDate />
      <LastUpdateTime />
    </Product>
    <Product>
      <PriceUpdateDate>2019/01/15 08:38</PriceUpdateDate>
      <ItemCode>7290017023496</ItemCode>
      <ItemType>1</ItemType>
      <ItemName>שוופס מוגז פירות ללא סוכר תות ליים (1.5</ItemName>
      <ManufactureName>יפאורה</ManufactureName>
      <ManufactureCountry />
      <ManufactureItemDescription />
      <UnitQty>יח`</UnitQty>
      <Quantity>1.50</Quantity>
      <UnitMeasure>1 ליטר</UnitMeasure>
      <BisWeighted>0</BisWeighted>
      <QtyInPackage>1</QtyInPackage>
      <ItemPrice>6.90</ItemPrice>
      <UnitOfMeasurePrice>4.60</UnitOfMeasurePrice>
      <AllowDiscount>1</AllowDiscount>
      <itemStatus>1</itemStatus>
      <LastUpdateDate />
      <LastUpdateTime />
    </Product>
    <Product>
      <PriceUpdateDate>2019/01/15 08:38</PriceUpdateDate>
      <ItemCode>7290017023519</ItemCode>
      <ItemType>1</ItemType>
      <ItemName>שוופס מוגז פירות ללא סוכר תפוח (1.5 ליט</ItemName>
      <ManufactureName>יפאורה</ManufactureName>
      <ManufactureCountry />
      <ManufactureItemDescription />
      <UnitQty>יח`</UnitQty>
      <Quantity>1.50</Quantity>
      <UnitMeasure>1 ליטר</UnitMeasure>
      <BisWeighted>0</BisWeighted>
      <QtyInPackage>1</QtyInPackage>
      <ItemPrice>6.90</ItemPrice>
      <UnitOfMeasurePrice>4.60</UnitOfMeasurePrice>
      <AllowDiscount>1</AllowDiscount>
      <itemStatus>1</itemStatus>
      <LastUpdateDate />
      <LastUpdateTime />
    </Product>
    <Product>
      <PriceUpdateDate>2019/01/15 08:38</PriceUpdateDate>
      <ItemCode>7290017023717</ItemCode>
      <ItemType>1</ItemType>
      <ItemName>מי טוניק שוופס (1.5  ליטר)NO SUGAR</ItemName>
      <ManufactureName>יפאורה</ManufactureName>
      <ManufactureCountry />
      <ManufactureItemDescription />
      <UnitQty>יח`</UnitQty>
      <Quantity>1</Quantity>
      <UnitMeasure />
      <BisWeighted>0</BisWeighted>
      <QtyInPackage>1</QtyInPackage>
      <ItemPrice>9.90</ItemPrice>
      <UnitOfMeasurePrice>9.90</UnitOfMeasurePrice>
      <AllowDiscount>0</AllowDiscount>
      <itemStatus>1</itemStatus>
      <LastUpdateDate />
      <LastUpdateTime />
    </Product>
    <Product>
      <PriceUpdateDate>2019/01/20 12:03</PriceUpdateDate>
      <ItemCode>7290017023724</ItemCode>
      <ItemType>1</ItemType>
      <ItemName>משקה קל מנגו אננס ספרינג (1.5 ליטר)</ItemName>
      <ManufactureName>יפאורה</ManufactureName>
      <ManufactureCountry />
      <ManufactureItemDescription />
      <UnitQty>יח`</UnitQty>
      <Quantity>1500</Quantity>
      <UnitMeasure>מ"ל</UnitMeasure>
      <BisWeighted>0</BisWeighted>
      <QtyInPackage>1</QtyInPackage>
      <ItemPrice>6.40</ItemPrice>
      <UnitOfMeasurePrice>0.43</UnitOfMeasurePrice>
      <AllowDiscount>1</AllowDiscount>
      <itemStatus>1</itemStatus>
      <LastUpdateDate />
      <LastUpdateTime />
    </Product>
    <Product>
      <PriceUpdateDate>2019/01/20 12:03</PriceUpdateDate>
      <ItemCode>7290017023847</ItemCode>
      <ItemType>1</ItemType>
      <ItemName>משקה ביטר למון ופירות יער שוופס (1.5 לי</ItemName>
      <ManufactureName>יפאורה</ManufactureName>
      <ManufactureCountry />
      <ManufactureItemDescription />
      <UnitQty>יח`</UnitQty>
      <Quantity>1</Quantity>
      <UnitMeasure />
      <BisWeighted>0</BisWeighted>
      <QtyInPackage>1</QtyInPackage>
      <ItemPrice>9.90</ItemPrice>
      <UnitOfMeasurePrice>9.90</UnitOfMeasurePrice>
      <AllowDiscount>0</AllowDiscount>
      <itemStatus>1</itemStatus>
      <LastUpdateDate />
      <LastUpdateTime />
    </Product>
    <Product>
      <PriceUpdateDate>2019/01/20 12:04</PriceUpdateDate>
      <ItemCode>7290017023854</ItemCode>
      <ItemType>1</ItemType>
      <ItemName>שוופס סודה 250 מל רביעייה</ItemName>
      <ManufactureName>יפאורה</ManufactureName>
      <ManufactureCountry />
      <ManufactureItemDescription />
      <UnitQty>יח`</UnitQty>
      <Quantity>1000</Quantity>
      <UnitMeasure>מ"ל</UnitMeasure>
      <BisWeighted>0</BisWeighted>
      <QtyInPackage>1</QtyInPackage>
      <ItemPrice>13.90</ItemPrice>
      <UnitOfMeasurePrice>1.27</UnitOfMeasurePrice>
      <AllowDiscount>1</AllowDiscount>
      <itemStatus>1</itemStatus>
      <LastUpdateDate />
      <LastUpdateTime />
    </Product>
    <Product>
      <PriceUpdateDate>2019/01/20 12:03</PriceUpdateDate>
      <ItemCode>7290017023922</ItemCode>
      <ItemType>1</ItemType>
      <ItemName>מי סודה שוופס (1.5x4  ליטר)למון גראס וג`</ItemName>
      <ManufactureName>יפאורה</ManufactureName>
      <ManufactureCountry />
      <ManufactureItemDescription />
      <UnitQty>יח`</UnitQty>
      <Quantity>6</Quantity>
      <UnitMeasure>1 ליטר</UnitMeasure>
      <BisWeighted>0</BisWeighted>
      <QtyInPackage>1</QtyInPackage>
      <ItemPrice>11</ItemPrice>
      <UnitOfMeasurePrice>1.83</UnitOfMeasurePrice>
      <AllowDiscount>0</AllowDiscount>
      <itemStatus>1</itemStatus>
      <LastUpdateDate />
      <LastUpdateTime />
    </Product>
    <Product>
      <PriceUpdateDate>2019/05/08 14:59</PriceUpdateDate>
      <ItemCode>7290017023991</ItemCode>
      <ItemType>1</ItemType>
      <ItemName>תה ירוק אננס 1.5 ליטר ספרינג</ItemName>
      <ManufactureName>יפאורה</ManufactureName>
      <ManufactureCountry />
      <ManufactureItemDescription />
      <UnitQty>יח`</UnitQty>
      <Quantity>1.50</Quantity>
      <UnitMeasure>מ"ל</UnitMeasure>
      <BisWeighted>0</BisWeighted>
      <QtyInPackage>1</QtyInPackage>
      <ItemPrice>6.40</ItemPrice>
      <UnitOfMeasurePrice>426.67</UnitOfMeasurePrice>
      <AllowDiscount>1</AllowDiscount>
      <itemStatus>1</itemStatus>
      <LastUpdateDate />
      <LastUpdateTime />
    </Product>
    <Product>
      <PriceUpdateDate>2019/02/21 11:16</PriceUpdateDate>
      <ItemCode>7290017031194</ItemCode>
      <ItemType>1</ItemType>
      <ItemName>פתיתים על בסיס קמח אפונה בצורת פנה ללא ג</ItemName>
      <ManufactureName>גורי מוצרי צריכה (1991) בעמ</ManufactureName>
      <ManufactureCountry />
      <ManufactureItemDescription />
      <UnitQty>יח`</UnitQty>
      <Quantity>250</Quantity>
      <UnitMeasure>גרם</UnitMeasure>
      <BisWeighted>0</BisWeighted>
      <QtyInPackage>1</QtyInPackage>
      <ItemPrice>13.90</ItemPrice>
      <UnitOfMeasurePrice>5.56</UnitOfMeasurePrice>
      <AllowDiscount>0</AllowDiscount>
      <itemStatus>1</itemStatus>
      <LastUpdateDate />
      <LastUpdateTime />
    </Product>
    <Product>
      <PriceUpdateDate>2018/11/12 08:10</PriceUpdateDate>
      <ItemCode>7290017031859</ItemCode>
      <ItemType>1</ItemType>
      <ItemName>משחת שיניים אולטקא קלין 75 מל פרודונטקס</ItemName>
      <ManufactureName>גורי ע.ע.ע בעמ</ManufactureName>
      <ManufactureCountry />
      <ManufactureItemDescription />
      <UnitQty>יח`</UnitQty>
      <Quantity>75</Quantity>
      <UnitMeasure>גרם</UnitMeasure>
      <BisWeighted>0</BisWeighted>
      <QtyInPackage>1</QtyInPackage>
      <ItemPrice>29.90</ItemPrice>
      <UnitOfMeasurePrice>39.87</UnitOfMeasurePrice>
      <AllowDiscount>1</AllowDiscount>
      <itemStatus>1</itemStatus>
      <LastUpdateDate />
      <LastUpdateTime />
    </Product>
    <Product>
      <PriceUpdateDate>2017/05/16 07:52</PriceUpdateDate>
      <ItemCode>7290017044019</ItemCode>
      <ItemType>1</ItemType>
      <ItemName>מגבונים אסותא בדלי עיסא ערטול (400)</ItemName>
      <ManufactureName>עיסא ערטול בעמ</ManufactureName>
      <ManufactureCountry />
      <ManufactureItemDescription />
      <UnitQty>יח`</UnitQty>
      <Quantity>1</Quantity>
      <UnitMeasure />
      <BisWeighted>0</BisWeighted>
      <QtyInPackage>1</QtyInPackage>
      <ItemPrice>19.90</ItemPrice>
      <UnitOfMeasurePrice>19.90</UnitOfMeasurePrice>
      <AllowDiscount>0</AllowDiscount>
      <itemStatus>1</itemStatus>
      <LastUpdateDate />
      <LastUpdateTime />
    </Product>
    <Product>
      <PriceUpdateDate>2020/01/14 17:54</PriceUpdateDate>
      <ItemCode>7290017058511</ItemCode>
      <ItemType>1</ItemType>
      <ItemName>ממרח זיתים שחורים 215 גר` תומר</ItemName>
      <ManufactureName>תומר יבוא ושיווק מוצרי מזון (1</ManufactureName>
      <ManufactureCountry />
      <ManufactureItemDescription />
      <UnitQty>יח`</UnitQty>
      <Quantity>215</Quantity>
      <UnitMeasure>גרם</UnitMeasure>
      <BisWeighted>0</BisWeighted>
      <QtyInPackage>1</QtyInPackage>
      <ItemPrice>12.90</ItemPrice>
      <UnitOfMeasurePrice>6</UnitOfMeasurePrice>
      <AllowDiscount>1</AllowDiscount>
      <itemStatus>1</itemStatus>
      <LastUpdateDate />
      <LastUpdateTime />
    </Product>
    <Product>
      <PriceUpdateDate>2020/01/14 17:54</PriceUpdateDate>
      <ItemCode>7290017058689</ItemCode>
      <ItemType>1</ItemType>
      <ItemName>זית שחור יבש 400 גר` תומר</ItemName>
      <ManufactureName>תומר יבוא ושיווק מוצרי מזון (1</ManufactureName>
      <ManufactureCountry />
      <ManufactureItemDescription />
      <UnitQty>יח`</UnitQty>
      <Quantity>400</Quantity>
      <UnitMeasure>גרם</UnitMeasure>
      <BisWeighted>0</BisWeighted>
      <QtyInPackage>1</QtyInPackage>
      <ItemPrice>14.90</ItemPrice>
      <UnitOfMeasurePrice>3.73</UnitOfMeasurePrice>
      <AllowDiscount>1</AllowDiscount>
      <itemStatus>1</itemStatus>
      <LastUpdateDate />
      <LastUpdateTime />
    </Product>
    <Product>
      <PriceUpdateDate>2020/01/14 17:54</PriceUpdateDate>
      <ItemCode>7290017058733</ItemCode>
      <ItemType>1</ItemType>
      <ItemName>חומוס שלשות 200  גר`תומר</ItemName>
      <ManufactureName>תומר יבוא ושיווק מוצרי מזון (1</ManufactureName>
      <ManufactureCountry />
      <ManufactureItemDescription />
      <UnitQty>יח`</UnitQty>
      <Quantity>600</Quantity>
      <UnitMeasure>גרם</UnitMeasure>
      <BisWeighted>0</BisWeighted>
      <QtyInPackage>1</QtyInPackage>
      <ItemPrice>7.90</ItemPrice>
      <UnitOfMeasurePrice>1.32</UnitOfMeasurePrice>
      <AllowDiscount>0</AllowDiscount>
      <itemStatus>1</itemStatus>
      <LastUpdateDate />
      <LastUpdateTime />
    </Product>
    <Product>
      <PriceUpdateDate>2017/12/20 15:27</PriceUpdateDate>
      <ItemCode>7290017065137</ItemCode>
      <ItemType>1</ItemType>
      <ItemName>ריקוטה למריחה 5% טבעית 200 גר` מחלבות גד</ItemName>
      <ManufactureName>מחלבות גד שיווק 1992 בעמ</ManufactureName>
      <ManufactureCountry />
      <ManufactureItemDescription />
      <UnitQty>יח`</UnitQty>
      <Quantity>200</Quantity>
      <UnitMeasure>גרם</UnitMeasure>
      <BisWeighted>0</BisWeighted>
      <QtyInPackage>1</QtyInPackage>
      <ItemPrice>9.90</ItemPrice>
      <UnitOfMeasurePrice>4.95</UnitOfMeasurePrice>
      <AllowDiscount>0</AllowDiscount>
      <itemStatus>1</itemStatus>
      <LastUpdateDate />
      <LastUpdateTime />
    </Product>
    <Product>
      <PriceUpdateDate>2017/12/20 15:27</PriceUpdateDate>
      <ItemCode>7290017065144</ItemCode>
      <ItemType>1</ItemType>
      <ItemName>ריקוטה למריחה 5% עם בזיליקום 200 גר` גד</ItemName>
      <ManufactureName>מחלבות גד שיווק 1992 בעמ</ManufactureName>
      <ManufactureCountry />
      <ManufactureItemDescription />
      <UnitQty>יח`</UnitQty>
      <Quantity>200</Quantity>
      <UnitMeasure>גרם</UnitMeasure>
      <BisWeighted>0</BisWeighted>
      <QtyInPackage>1</QtyInPackage>
      <ItemPrice>9.90</ItemPrice>
      <UnitOfMeasurePrice>4.95</UnitOfMeasurePrice>
      <AllowDiscount>0</AllowDiscount>
      <itemStatus>1</itemStatus>
      <LastUpdateDate />
      <LastUpdateTime />
    </Product>
    <Product>
      <PriceUpdateDate>2017/12/20 15:27</PriceUpdateDate>
      <ItemCode>7290017065151</ItemCode>
      <ItemType>1</ItemType>
      <ItemName>ריקוטה למריחה 5% עם פלפל ארבע עונות 200</ItemName>
      <ManufactureName>מחלבות גד שיווק 1992 בעמ</ManufactureName>
      <ManufactureCountry />
      <ManufactureItemDescription />
      <UnitQty>יח`</UnitQty>
      <Quantity>200</Quantity>
      <UnitMeasure>גרם</UnitMeasure>
      <BisWeighted>0</BisWeighted>
      <QtyInPackage>1</QtyInPackage>
      <ItemPrice>9.90</ItemPrice>
      <UnitOfMeasurePrice>4.95</UnitOfMeasurePrice>
      <AllowDiscount>0</AllowDiscount>
      <itemStatus>1</itemStatus>
      <LastUpdateDate />
      <LastUpdateTime />
    </Product>
    <Product>
      <PriceUpdateDate>2018/10/10 11:10</PriceUpdateDate>
      <ItemCode>7290017065212</ItemCode>
      <ItemType>1</ItemType>
      <ItemName>גבינת קרם מסקרפונה 250 גר` גד</ItemName>
      <ManufactureName>מחלבות גד שיווק 1992 בעמ</ManufactureName>
      <ManufactureCountry />
      <ManufactureItemDescription />
      <UnitQty>יח`</UnitQty>
      <Quantity>250</Quantity>
      <UnitMeasure>גרם</UnitMeasure>
      <BisWeighted>0</BisWeighted>
      <QtyInPackage>1</QtyInPackage>
      <ItemPrice>20.90</ItemPrice>
      <UnitOfMeasurePrice>8.36</UnitOfMeasurePrice>
      <AllowDiscount>0</AllowDiscount>
      <itemStatus>1</itemStatus>
      <LastUpdateDate />
      <LastUpdateTime />
    </Product>
    <Product>
      <PriceUpdateDate>2019/03/27 13:20</PriceUpdateDate>
      <ItemCode>7290017065427</ItemCode>
      <ItemType>1</ItemType>
      <ItemName>ריקוטה למריחה חציל קלוי 5% שומן ( 200 גר</ItemName>
      <ManufactureName>מחלבות גד שיווק 1992 בעמ</ManufactureName>
      <ManufactureCountry />
      <ManufactureItemDescription />
      <UnitQty>יח`</UnitQty>
      <Quantity>200</Quantity>
      <UnitMeasure>גרם</UnitMeasure>
      <BisWeighted>0</BisWeighted>
      <QtyInPackage>1</QtyInPackage>
      <ItemPrice>9.90</ItemPrice>
      <UnitOfMeasurePrice>4.95</UnitOfMeasurePrice>
      <AllowDiscount>0</AllowDiscount>
      <itemStatus>1</itemStatus>
      <LastUpdateDate />
      <LastUpdateTime />
    </Product>
    <Product>
      <PriceUpdateDate>2019/04/24 13:45</PriceUpdateDate>
      <ItemCode>7290017065434</ItemCode>
      <ItemType>1</ItemType>
      <ItemName>פרוסות גאודה הולנדית 200 גר` גד</ItemName>
      <ManufactureName>מחלבות גד שיווק 1992 בעמ</ManufactureName>
      <ManufactureCountry />
      <ManufactureItemDescription />
      <UnitQty>יח`</UnitQty>
      <Quantity>200</Quantity>
      <UnitMeasure>גרם</UnitMeasure>
      <BisWeighted>0</BisWeighted>
      <QtyInPackage>1</QtyInPackage>
      <ItemPrice>21.90</ItemPrice>
      <UnitOfMeasurePrice>10.95</UnitOfMeasurePrice>
      <AllowDiscount>0</AllowDiscount>
      <itemStatus>1</itemStatus>
      <LastUpdateDate />
      <LastUpdateTime />
    </Product>
    <Product>
      <PriceUpdateDate>2020/05/01 06:20</PriceUpdateDate>
      <ItemCode>7290017065618</ItemCode>
      <ItemType>1</ItemType>
      <ItemName>פקורינו פרוס 150  גר`גד</ItemName>
      <ManufactureName>מחלבות גד שיווק 1992 בעמ</ManufactureName>
      <ManufactureCountry />
      <ManufactureItemDescription />
      <UnitQty>יח`</UnitQty>
      <Quantity>150</Quantity>
      <UnitMeasure>גרם</UnitMeasure>
      <BisWeighted>0</BisWeighted>
      <QtyInPackage>1</QtyInPackage>
      <ItemPrice>20.90</ItemPrice>
      <UnitOfMeasurePrice>13.93</UnitOfMeasurePrice>
      <AllowDiscount>0</AllowDiscount>
      <itemStatus>1</itemStatus>
      <LastUpdateDate />
      <LastUpdateTime />
    </Product>
    <Product>
      <PriceUpdateDate>2020/05/01 06:20</PriceUpdateDate>
      <ItemCode>7290017065632</ItemCode>
      <ItemType>1</ItemType>
      <ItemName>גאודה עיזים 200  גר`גד</ItemName>
      <ManufactureName>מחלבות גד שיווק 1992 בעמ</ManufactureName>
      <ManufactureCountry />
      <ManufactureItemDescription />
      <UnitQty>יח`</UnitQty>
      <Quantity>200</Quantity>
      <UnitMeasure>גרם</UnitMeasure>
      <BisWeighted>0</BisWeighted>
      <QtyInPackage>1</QtyInPackage>
      <ItemPrice>31.90</ItemPrice>
      <UnitOfMeasurePrice>15.95</UnitOfMeasurePrice>
      <AllowDiscount>0</AllowDiscount>
      <itemStatus>1</itemStatus>
      <LastUpdateDate />
      <LastUpdateTime />
    </Product>
    <Product>
      <PriceUpdateDate>2020/05/01 06:20</PriceUpdateDate>
      <ItemCode>7290017065649</ItemCode>
      <ItemType>1</ItemType>
      <ItemName>קרם פטיסייר 250  גר`גד</ItemName>
      <ManufactureName>מחלבות גד שיווק 1992 בעמ</ManufactureName>
      <ManufactureCountry />
      <ManufactureItemDescription />
      <UnitQty>יח`</UnitQty>
      <Quantity>250</Quantity>
      <UnitMeasure>מ"ל</UnitMeasure>
      <BisWeighted>0</BisWeighted>
      <QtyInPackage>1</QtyInPackage>
      <ItemPrice>19.90</ItemPrice>
      <UnitOfMeasurePrice>7.96</UnitOfMeasurePrice>
      <AllowDiscount>0</AllowDiscount>
      <itemStatus>1</itemStatus>
      <LastUpdateDate />
      <LastUpdateTime />
    </Product>
    <Product>
      <PriceUpdateDate>2018/02/18 08:24</PriceUpdateDate>
      <ItemCode>7290017068121</ItemCode>
      <ItemType>1</ItemType>
      <ItemName>שקדים מולבנים פר</ItemName>
      <ManufactureName>מיה תעשיות מזון מ.ת.מ. בעמ</ManufactureName>
      <ManufactureCountry />
      <ManufactureItemDescription />
      <UnitQty>יח`</UnitQty>
      <Quantity>250</Quantity>
      <UnitMeasure>גרם</UnitMeasure>
      <BisWeighted>0</BisWeighted>
      <QtyInPackage>1</QtyInPackage>
      <ItemPrice>24.90</ItemPrice>
      <UnitOfMeasurePrice>9.96</UnitOfMeasurePrice>
      <AllowDiscount>0</AllowDiscount>
      <itemStatus>1</itemStatus>
      <LastUpdateDate />
      <LastUpdateTime />
    </Product>
    <Product>
      <PriceUpdateDate>2019/04/10 09:19</PriceUpdateDate>
      <ItemCode>7290017068367</ItemCode>
      <ItemType>1</ItemType>
      <ItemName>שמרים בוואקום 125  גר`מיה</ItemName>
      <ManufactureName>מיה תעשיות מזון מ.ת.מ. בעמ</ManufactureName>
      <ManufactureCountry />
      <ManufactureItemDescription />
      <UnitQty>יח`</UnitQty>
      <Quantity>125</Quantity>
      <UnitMeasure>גרם</UnitMeasure>
      <BisWeighted>0</BisWeighted>
      <QtyInPackage>1</QtyInPackage>
      <ItemPrice>5.90</ItemPrice>
      <UnitOfMeasurePrice>4.72</UnitOfMeasurePrice>
      <AllowDiscount>0</AllowDiscount>
      <itemStatus>1</itemStatus>
      <LastUpdateDate />
      <LastUpdateTime />
    </Product>
    <Product>
      <PriceUpdateDate>2018/05/07 16:47</PriceUpdateDate>
      <ItemCode>7290017088051</ItemCode>
      <ItemType>1</ItemType>
      <ItemName>חיתולים בייביסיטר מידה 3 (52 יח)</ItemName>
      <ManufactureName>שקד תבל בעמ</ManufactureName>
      <ManufactureCountry />
      <ManufactureItemDescription />
      <UnitQty>יח`</UnitQty>
      <Quantity>1</Quantity>
      <UnitMeasure />
      <BisWeighted>0</BisWeighted>
      <QtyInPackage>1</QtyInPackage>
      <ItemPrice>34.90</ItemPrice>
      <UnitOfMeasurePrice>34.90</UnitOfMeasurePrice>
      <AllowDiscount>1</AllowDiscount>
      <itemStatus>1</itemStatus>
      <LastUpdateDate />
      <LastUpdateTime />
    </Product>
    <Product>
      <PriceUpdateDate>2018/05/07 16:47</PriceUpdateDate>
      <ItemCode>7290017088068</ItemCode>
      <ItemType>1</ItemType>
      <ItemName>חיתולים בייביסיטר מידה 4(42 יח)</ItemName>
      <ManufactureName>שקד תבל בעמ</ManufactureName>
      <ManufactureCountry />
      <ManufactureItemDescription />
      <UnitQty>יח`</UnitQty>
      <Quantity>1</Quantity>
      <UnitMeasure />
      <BisWeighted>0</BisWeighted>
      <QtyInPackage>1</QtyInPackage>
      <ItemPrice>34.90</ItemPrice>
      <UnitOfMeasurePrice>34.90</UnitOfMeasurePrice>
      <AllowDiscount>1</AllowDiscount>
      <itemStatus>1</itemStatus>
      <LastUpdateDate />
      <LastUpdateTime />
    </Product>
    <Product>
      <PriceUpdateDate>2018/05/07 16:47</PriceUpdateDate>
      <ItemCode>7290017088075</ItemCode>
      <ItemType>1</ItemType>
      <ItemName>חיתולים בייביסיטר מידה 4+(40 יח)</ItemName>
      <ManufactureName>שקד תבל בעמ</ManufactureName>
      <ManufactureCountry />
      <ManufactureItemDescription />
      <UnitQty>יח`</UnitQty>
      <Quantity>1</Quantity>
      <UnitMeasure />
      <BisWeighted>0</BisWeighted>
      <QtyInPackage>1</QtyInPackage>
      <ItemPrice>34.90</ItemPrice>
      <UnitOfMeasurePrice>34.90</UnitOfMeasurePrice>
      <AllowDiscount>1</AllowDiscount>
      <itemStatus>1</itemStatus>
      <LastUpdateDate />
      <LastUpdateTime />
    </Product>
    <Product>
      <PriceUpdateDate>2018/05/07 16:47</PriceUpdateDate>
      <ItemCode>7290017088082</ItemCode>
      <ItemType>1</ItemType>
      <ItemName>חיתולים בייביסיטר מידה 5 (36 יח)</ItemName>
      <ManufactureName>שקד תבל בעמ</ManufactureName>
      <ManufactureCountry />
      <ManufactureItemDescription />
      <UnitQty>יח`</UnitQty>
      <Quantity>1</Quantity>
      <UnitMeasure />
      <BisWeighted>0</BisWeighted>
      <QtyInPackage>1</QtyInPackage>
      <ItemPrice>34.90</ItemPrice>
      <UnitOfMeasurePrice>34.90</UnitOfMeasurePrice>
      <AllowDiscount>1</AllowDiscount>
      <itemStatus>1</itemStatus>
      <LastUpdateDate />
      <LastUpdateTime />
    </Product>
    <Product>
      <PriceUpdateDate>2018/05/07 16:47</PriceUpdateDate>
      <ItemCode>7290017088099</ItemCode>
      <ItemType>1</ItemType>
      <ItemName>חיתולים בייביסיטר מידה 6(34 יח)</ItemName>
      <ManufactureName>שקד תבל בעמ</ManufactureName>
      <ManufactureCountry />
      <ManufactureItemDescription />
      <UnitQty>יח`</UnitQty>
      <Quantity>1</Quantity>
      <UnitMeasure />
      <BisWeighted>0</BisWeighted>
      <QtyInPackage>1</QtyInPackage>
      <ItemPrice>34.90</ItemPrice>
      <UnitOfMeasurePrice>34.90</UnitOfMeasurePrice>
      <AllowDiscount>1</AllowDiscount>
      <itemStatus>1</itemStatus>
      <LastUpdateDate />
      <LastUpdateTime />
    </Product>
    <Product>
      <PriceUpdateDate>2020/03/19 06:43</PriceUpdateDate>
      <ItemCode>7290017088693</ItemCode>
      <ItemType>1</ItemType>
      <ItemName>קוויק מגבונים לניקוי וחיטוי רצפות ניחוח</ItemName>
      <ManufactureName>שקד תבל בעמ</ManufactureName>
      <ManufactureCountry />
      <ManufactureItemDescription />
      <UnitQty>יח`</UnitQty>
      <Quantity>1</Quantity>
      <UnitMeasure />
      <BisWeighted>0</BisWeighted>
      <QtyInPackage>1</QtyInPackage>
      <ItemPrice>10.90</ItemPrice>
      <UnitOfMeasurePrice>10.90</UnitOfMeasurePrice>
      <AllowDiscount>0</AllowDiscount>
      <itemStatus>1</itemStatus>
      <LastUpdateDate />
      <LastUpdateTime />
    </Product>
    <Product>
      <PriceUpdateDate>2019/08/01 08:29</PriceUpdateDate>
      <ItemCode>7290017105383</ItemCode>
      <ItemType>1</ItemType>
      <ItemName>מארז גרעיני תירס קידס מתוק יכין</ItemName>
      <ManufactureName>זנלכל בעמ</ManufactureName>
      <ManufactureCountry />
      <ManufactureItemDescription />
      <UnitQty>יח`</UnitQty>
      <Quantity>200</Quantity>
      <UnitMeasure>גרם</UnitMeasure>
      <BisWeighted>0</BisWeighted>
      <QtyInPackage>1</QtyInPackage>
      <ItemPrice>9.90</ItemPrice>
      <UnitOfMeasurePrice>4.95</UnitOfMeasurePrice>
      <AllowDiscount>0</AllowDiscount>
      <itemStatus>1</itemStatus>
      <LastUpdateDate />
      <LastUpdateTime />
    </Product>
    <Product>
      <PriceUpdateDate>2019/04/07 10:07</PriceUpdateDate>
      <ItemCode>7290017105406</ItemCode>
      <ItemType>1</ItemType>
      <ItemName>שלישיית עגבניות מקולפות חתוכות דק 400 גר</ItemName>
      <ManufactureName>זנלכל בעמ</ManufactureName>
      <ManufactureCountry />
      <ManufactureItemDescription />
      <UnitQty>יח`</UnitQty>
      <Quantity>400</Quantity>
      <UnitMeasure>גרם</UnitMeasure>
      <BisWeighted>0</BisWeighted>
      <QtyInPackage>1</QtyInPackage>
      <ItemPrice>9.90</ItemPrice>
      <UnitOfMeasurePrice>2.48</UnitOfMeasurePrice>
      <AllowDiscount>0</AllowDiscount>
      <itemStatus>1</itemStatus>
      <LastUpdateDate />
      <LastUpdateTime />
    </Product>
    <Product>
      <PriceUpdateDate>2019/12/15 13:43</PriceUpdateDate>
      <ItemCode>7290017105468</ItemCode>
      <ItemType>1</ItemType>
      <ItemName>אפונה גינה עדינה יכין (200x3 גרם)</ItemName>
      <ManufactureName>זנלכל בעמ</ManufactureName>
      <ManufactureCountry />
      <ManufactureItemDescription />
      <UnitQty>יח`</UnitQty>
      <Quantity>550</Quantity>
      <UnitMeasure>גרם</UnitMeasure>
      <BisWeighted>0</BisWeighted>
      <QtyInPackage>1</QtyInPackage>
      <ItemPrice>9.90</ItemPrice>
      <UnitOfMeasurePrice>1.80</UnitOfMeasurePrice>
      <AllowDiscount>0</AllowDiscount>
      <itemStatus>1</itemStatus>
      <LastUpdateDate />
      <LastUpdateTime />
    </Product>
    <Product>
      <PriceUpdateDate>2019/04/15 12:02</PriceUpdateDate>
      <ItemCode>7290017121093</ItemCode>
      <ItemType>1</ItemType>
      <ItemName>אריסה חריפה 250 גר על לחם</ItemName>
      <ManufactureName>שטראוס גרופ בעמ/מצונן</ManufactureName>
      <ManufactureCountry />
      <ManufactureItemDescription />
      <UnitQty>יח`</UnitQty>
      <Quantity>250</Quantity>
      <UnitMeasure>גרם</UnitMeasure>
      <BisWeighted>0</BisWeighted>
      <QtyInPackage>1</QtyInPackage>
      <ItemPrice>13.90</ItemPrice>
      <UnitOfMeasurePrice>5.56</UnitOfMeasurePrice>
      <AllowDiscount>1</AllowDiscount>
      <itemStatus>1</itemStatus>
      <LastUpdateDate />
      <LastUpdateTime />
    </Product>
    <Product>
      <PriceUpdateDate>2019/04/15 12:02</PriceUpdateDate>
      <ItemCode>7290017121390</ItemCode>
      <ItemType>1</ItemType>
      <ItemName>לימון בלאדי 250 גר על לחם</ItemName>
      <ManufactureName>שטראוס גרופ בעמ/מצונן</ManufactureName>
      <ManufactureCountry />
      <ManufactureItemDescription />
      <UnitQty>יח`</UnitQty>
      <Quantity>250</Quantity>
      <UnitMeasure>גרם</UnitMeasure>
      <BisWeighted>0</BisWeighted>
      <QtyInPackage>1</QtyInPackage>
      <ItemPrice>13.90</ItemPrice>
      <UnitOfMeasurePrice>5.56</UnitOfMeasurePrice>
      <AllowDiscount>1</AllowDiscount>
      <itemStatus>1</itemStatus>
      <LastUpdateDate />
      <LastUpdateTime />
    </Product>
    <Product>
      <PriceUpdateDate>2018/10/10 12:13</PriceUpdateDate>
      <ItemCode>7290017129532</ItemCode>
      <ItemType>1</ItemType>
      <ItemName>לני לקקן תות 90</ItemName>
      <ManufactureName>כרמית תעשיות ממתקים בעמ</ManufactureName>
      <ManufactureCountry />
      <ManufactureItemDescription />
      <UnitQty>יח`</UnitQty>
      <Quantity>1</Quantity>
      <UnitMeasure />
      <BisWeighted>0</BisWeighted>
      <QtyInPackage>1</QtyInPackage>
      <ItemPrice>7.90</ItemPrice>
      <UnitOfMeasurePrice>7.90</UnitOfMeasurePrice>
      <AllowDiscount>0</AllowDiscount>
      <itemStatus>1</itemStatus>
      <LastUpdateDate />
      <LastUpdateTime />
    </Product>
    <Product>
      <PriceUpdateDate>2018/07/19 20:05</PriceUpdateDate>
      <ItemCode>7290017129846</ItemCode>
      <ItemType>1</ItemType>
      <ItemName>מיני קוקיס עוגיות בטעם כרמל 600 גר` כרמי</ItemName>
      <ManufactureName>כרמית תעשיות ממתקים בעמ</ManufactureName>
      <ManufactureCountry />
      <ManufactureItemDescription />
      <UnitQty>יח`</UnitQty>
      <Quantity>600</Quantity>
      <UnitMeasure>גרם</UnitMeasure>
      <BisWeighted>0</BisWeighted>
      <QtyInPackage>1</QtyInPackage>
      <ItemPrice>17.90</ItemPrice>
      <UnitOfMeasurePrice>2.98</UnitOfMeasurePrice>
      <AllowDiscount>1</AllowDiscount>
      <itemStatus>1</itemStatus>
      <LastUpdateDate />
      <LastUpdateTime />
    </Product>
    <Product>
      <PriceUpdateDate>2018/08/19 10:47</PriceUpdateDate>
      <ItemCode>7290017129877</ItemCode>
      <ItemType>1</ItemType>
      <ItemName>מיקס לקקנים שטוחים 40*7.5  גר`כרמית</ItemName>
      <ManufactureName>כרמית תעשיות ממתקים בעמ</ManufactureName>
      <ManufactureCountry />
      <ManufactureItemDescription />
      <UnitQty>יח`</UnitQty>
      <Quantity>300</Quantity>
      <UnitMeasure>גרם</UnitMeasure>
      <BisWeighted>0</BisWeighted>
      <QtyInPackage>1</QtyInPackage>
      <ItemPrice>12.90</ItemPrice>
      <UnitOfMeasurePrice>4.30</UnitOfMeasurePrice>
      <AllowDiscount>0</AllowDiscount>
      <itemStatus>1</itemStatus>
      <LastUpdateDate />
      <LastUpdateTime />
    </Product>
    <Product>
      <PriceUpdateDate>2017/07/21 08:54</PriceUpdateDate>
      <ItemCode>7290017142005</ItemCode>
      <ItemType>1</ItemType>
      <ItemName>שמן קוקוס אורגני כתית 320 מל עץ הזית</ItemName>
      <ManufactureName>שמן תעשיות בעמ</ManufactureName>
      <ManufactureCountry />
      <ManufactureItemDescription />
      <UnitQty>יח`</UnitQty>
      <Quantity>320</Quantity>
      <UnitMeasure>מ"ל</UnitMeasure>
      <BisWeighted>0</BisWeighted>
      <QtyInPackage>1</QtyInPackage>
      <ItemPrice>29.90</ItemPrice>
      <UnitOfMeasurePrice>9.34</UnitOfMeasurePrice>
      <AllowDiscount>0</AllowDiscount>
      <itemStatus>1</itemStatus>
      <LastUpdateDate />
      <LastUpdateTime />
    </Product>
    <Product>
      <PriceUpdateDate>2017/07/21 08:54</PriceUpdateDate>
      <ItemCode>7290017142012</ItemCode>
      <ItemType>1</ItemType>
      <ItemName>שמן קוקוס אורגני כתית 500 מל עץ הזית</ItemName>
      <ManufactureName>שמן תעשיות בעמ</ManufactureName>
      <ManufactureCountry />
      <ManufactureItemDescription />
      <UnitQty>יח`</UnitQty>
      <Quantity>500</Quantity>
      <UnitMeasure>מ"ל</UnitMeasure>
      <BisWeighted>0</BisWeighted>
      <QtyInPackage>1</QtyInPackage>
      <ItemPrice>39.90</ItemPrice>
      <UnitOfMeasurePrice>7.98</UnitOfMeasurePrice>
      <AllowDiscount>1</AllowDiscount>
      <itemStatus>1</itemStatus>
      <LastUpdateDate />
      <LastUpdateTime />
    </Product>
    <Product>
      <PriceUpdateDate>2018/01/12 10:51</PriceUpdateDate>
      <ItemCode>7290017142128</ItemCode>
      <ItemType>1</ItemType>
      <ItemName>שמן זית כתית מעולה 750 מל קלאסי עץ הזית</ItemName>
      <ManufactureName>שמן תעשיות בעמ</ManufactureName>
      <ManufactureCountry />
      <ManufactureItemDescription />
      <UnitQty>יח`</UnitQty>
      <Quantity>750</Quantity>
      <UnitMeasure>מ"ל</UnitMeasure>
      <BisWeighted>0</BisWeighted>
      <QtyInPackage>1</QtyInPackage>
      <ItemPrice>34.90</ItemPrice>
      <UnitOfMeasurePrice>4.65</UnitOfMeasurePrice>
      <AllowDiscount>1</AllowDiscount>
      <itemStatus>1</itemStatus>
      <LastUpdateDate />
      <LastUpdateTime />
    </Product>
    <Product>
      <PriceUpdateDate>2018/05/15 11:08</PriceUpdateDate>
      <ItemCode>7290017142159</ItemCode>
      <ItemType>1</ItemType>
      <ItemName>נתחי טונה בהירה בשמן זית 80 גר` שלישייה</ItemName>
      <ManufactureName>שמן תעשיות בעמ</ManufactureName>
      <ManufactureCountry />
      <ManufactureItemDescription />
      <UnitQty>יח`</UnitQty>
      <Quantity>240</Quantity>
      <UnitMeasure>גרם</UnitMeasure>
      <BisWeighted>0</BisWeighted>
      <QtyInPackage>1</QtyInPackage>
      <ItemPrice>23.90</ItemPrice>
      <UnitOfMeasurePrice>9.96</UnitOfMeasurePrice>
      <AllowDiscount>1</AllowDiscount>
      <itemStatus>1</itemStatus>
      <LastUpdateDate />
      <LastUpdateTime />
    </Product>
    <Product>
      <PriceUpdateDate>2019/07/11 15:14</PriceUpdateDate>
      <ItemCode>7290017142180</ItemCode>
      <ItemType>1</ItemType>
      <ItemName>פילה טונה פרוס עם שמן זית טעם לימון עם פ</ItemName>
      <ManufactureName>שמן תעשיות בעמ</ManufactureName>
      <ManufactureCountry />
      <ManufactureItemDescription />
      <UnitQty>יח`</UnitQty>
      <Quantity>120</Quantity>
      <UnitMeasure>גרם</UnitMeasure>
      <BisWeighted>0</BisWeighted>
      <QtyInPackage>1</QtyInPackage>
      <ItemPrice>14.90</ItemPrice>
      <UnitOfMeasurePrice>12.42</UnitOfMeasurePrice>
      <AllowDiscount>0</AllowDiscount>
      <itemStatus>1</itemStatus>
      <LastUpdateDate />
      <LastUpdateTime />
    </Product>
    <Product>
      <PriceUpdateDate>2019/07/11 15:14</PriceUpdateDate>
      <ItemCode>7290017142388</ItemCode>
      <ItemType>1</ItemType>
      <ItemName>שמן חמניות פלוס 1 ליטר אומגה 3 עץ הזית</ItemName>
      <ManufactureName>שמן תעשיות בעמ</ManufactureName>
      <ManufactureCountry />
      <ManufactureItemDescription />
      <UnitQty>יח`</UnitQty>
      <Quantity>1000</Quantity>
      <UnitMeasure>מ"ל</UnitMeasure>
      <BisWeighted>0</BisWeighted>
      <QtyInPackage>1</QtyInPackage>
      <ItemPrice>15.90</ItemPrice>
      <UnitOfMeasurePrice>1.59</UnitOfMeasurePrice>
      <AllowDiscount>0</AllowDiscount>
      <itemStatus>1</itemStatus>
      <LastUpdateDate />
      <LastUpdateTime />
    </Product>
    <Product>
      <PriceUpdateDate>2020/01/19 12:17</PriceUpdateDate>
      <ItemCode>7290017142456</ItemCode>
      <ItemType>1</ItemType>
      <ItemName>נתחי טונה בשמן זית 160*2 גר עץ הזית</ItemName>
      <ManufactureName>שמן תעשיות בעמ</ManufactureName>
      <ManufactureCountry />
      <ManufactureItemDescription />
      <UnitQty>יח`</UnitQty>
      <Quantity>320</Quantity>
      <UnitMeasure>גרם</UnitMeasure>
      <BisWeighted>0</BisWeighted>
      <QtyInPackage>1</QtyInPackage>
      <ItemPrice>27.90</ItemPrice>
      <UnitOfMeasurePrice>8.72</UnitOfMeasurePrice>
      <AllowDiscount>0</AllowDiscount>
      <itemStatus>1</itemStatus>
      <LastUpdateDate />
      <LastUpdateTime />
    </Product>
    <Product>
      <PriceUpdateDate>2017/09/05 09:50</PriceUpdateDate>
      <ItemCode>7290017197012</ItemCode>
      <ItemType>1</ItemType>
      <ItemName>אל סבון תות ורוד 1 ליטר LA BELLE</ItemName>
      <ManufactureName>פארמה דיל (פ.א.ב.) שיווק והפצה</ManufactureName>
      <ManufactureCountry />
      <ManufactureItemDescription />
      <UnitQty>יח`</UnitQty>
      <Quantity>1</Quantity>
      <UnitMeasure>1 ליטר</UnitMeasure>
      <BisWeighted>0</BisWeighted>
      <QtyInPackage>1</QtyInPackage>
      <ItemPrice>8.90</ItemPrice>
      <UnitOfMeasurePrice>8.90</UnitOfMeasurePrice>
      <AllowDiscount>0</AllowDiscount>
      <itemStatus>1</itemStatus>
      <LastUpdateDate />
      <LastUpdateTime />
    </Product>
    <Product>
      <PriceUpdateDate>2017/09/05 09:50</PriceUpdateDate>
      <ItemCode>7290017197029</ItemCode>
      <ItemType>1</ItemType>
      <ItemName>אל סבון מאסק 1 ליטר LA BELLE</ItemName>
      <ManufactureName>פארמה דיל (פ.א.ב.) שיווק והפצה</ManufactureName>
      <ManufactureCountry />
      <ManufactureItemDescription />
      <UnitQty>יח`</UnitQty>
      <Quantity>1</Quantity>
      <UnitMeasure>1 ליטר</UnitMeasure>
      <BisWeighted>0</BisWeighted>
      <QtyInPackage>1</QtyInPackage>
      <ItemPrice>8.90</ItemPrice>
      <UnitOfMeasurePrice>8.90</UnitOfMeasurePrice>
      <AllowDiscount>0</AllowDiscount>
      <itemStatus>1</itemStatus>
      <LastUpdateDate />
      <LastUpdateTime />
    </Product>
    <Product>
      <PriceUpdateDate>2017/09/05 09:50</PriceUpdateDate>
      <ItemCode>7290017197036</ItemCode>
      <ItemType>1</ItemType>
      <ItemName>אל סבון מלון פפאיה 1 ליטר LA BELLE</ItemName>
      <ManufactureName>פארמה דיל (פ.א.ב.) שיווק והפצה</ManufactureName>
      <ManufactureCountry />
      <ManufactureItemDescription />
      <UnitQty>יח`</UnitQty>
      <Quantity>1</Quantity>
      <UnitMeasure>1 ליטר</UnitMeasure>
      <BisWeighted>0</BisWeighted>
      <QtyInPackage>1</QtyInPackage>
      <ItemPrice>8.90</ItemPrice>
      <UnitOfMeasurePrice>8.90</UnitOfMeasurePrice>
      <AllowDiscount>0</AllowDiscount>
      <itemStatus>1</itemStatus>
      <LastUpdateDate />
      <LastUpdateTime />
    </Product>
    <Product>
      <PriceUpdateDate>2017/09/05 09:50</PriceUpdateDate>
      <ItemCode>7290017197043</ItemCode>
      <ItemType>1</ItemType>
      <ItemName>אל סבון קלאסיק מרענן 1 ליטר LA BELLE</ItemName>
      <ManufactureName>פארמה דיל (פ.א.ב.) שיווק והפצה</ManufactureName>
      <ManufactureCountry />
      <ManufactureItemDescription />
      <UnitQty>יח`</UnitQty>
      <Quantity>1</Quantity>
      <UnitMeasure>1 ליטר</UnitMeasure>
      <BisWeighted>0</BisWeighted>
      <QtyInPackage>1</QtyInPackage>
      <ItemPrice>8.90</ItemPrice>
      <UnitOfMeasurePrice>8.90</UnitOfMeasurePrice>
      <AllowDiscount>0</AllowDiscount>
      <itemStatus>1</itemStatus>
      <LastUpdateDate />
      <LastUpdateTime />
    </Product>
    <Product>
      <PriceUpdateDate>2017/11/29 13:55</PriceUpdateDate>
      <ItemCode>7290017197364</ItemCode>
      <ItemType>1</ItemType>
      <ItemName>אל סבון לבנדר סגול 1 ליטר LA BELLE</ItemName>
      <ManufactureName>פארמה דיל (פ.א.ב.) שיווק והפצה</ManufactureName>
      <ManufactureCountry />
      <ManufactureItemDescription />
      <UnitQty>יח`</UnitQty>
      <Quantity>1</Quantity>
      <UnitMeasure>1 ליטר</UnitMeasure>
      <BisWeighted>0</BisWeighted>
      <QtyInPackage>1</QtyInPackage>
      <ItemPrice>8.90</ItemPrice>
      <UnitOfMeasurePrice>8.90</UnitOfMeasurePrice>
      <AllowDiscount>0</AllowDiscount>
      <itemStatus>1</itemStatus>
      <LastUpdateDate />
      <LastUpdateTime />
    </Product>
    <Product>
      <PriceUpdateDate>2017/11/05 14:33</PriceUpdateDate>
      <ItemCode>7290017239101</ItemCode>
      <ItemType>1</ItemType>
      <ItemName>פילה סלמון נורווגי עישון קר עדין פרוס בא</ItemName>
      <ManufactureName>פוד קולקשן בעמ</ManufactureName>
      <ManufactureCountry />
      <ManufactureItemDescription />
      <UnitQty>יח`</UnitQty>
      <Quantity>1000</Quantity>
      <UnitMeasure>גרם</UnitMeasure>
      <BisWeighted>0</BisWeighted>
      <QtyInPackage>1</QtyInPackage>
      <ItemPrice>19.90</ItemPrice>
      <UnitOfMeasurePrice>1.99</UnitOfMeasurePrice>
      <AllowDiscount>0</AllowDiscount>
      <itemStatus>1</itemStatus>
      <LastUpdateDate />
      <LastUpdateTime />
    </Product>
    <Product>
      <PriceUpdateDate>2019/12/22 11:09</PriceUpdateDate>
      <ItemCode>7290017239286</ItemCode>
      <ItemType>1</ItemType>
      <ItemName>פילה מטיאס מעודן ללא שמן 250 גר</ItemName>
      <ManufactureName>פוד קולקשן בעמ</ManufactureName>
      <ManufactureCountry />
      <ManufactureItemDescription />
      <UnitQty>יח`</UnitQty>
      <Quantity>1</Quantity>
      <UnitMeasure />
      <BisWeighted>0</BisWeighted>
      <QtyInPackage>1</QtyInPackage>
      <ItemPrice>19.90</ItemPrice>
      <UnitOfMeasurePrice>19.90</UnitOfMeasurePrice>
      <AllowDiscount>0</AllowDiscount>
      <itemStatus>1</itemStatus>
      <LastUpdateDate />
      <LastUpdateTime />
    </Product>
    <Product>
      <PriceUpdateDate>2020/04/27 06:48</PriceUpdateDate>
      <ItemCode>7290017239507</ItemCode>
      <ItemType>1</ItemType>
      <ItemName>נתחי פילה דג בציפוי פריך 250  גר`( 59% פ</ItemName>
      <ManufactureName>פוד קולקשן בעמ</ManufactureName>
      <ManufactureCountry />
      <ManufactureItemDescription />
      <UnitQty>יח`</UnitQty>
      <Quantity>250</Quantity>
      <UnitMeasure>גרם</UnitMeasure>
      <BisWeighted>0</BisWeighted>
      <QtyInPackage>1</QtyInPackage>
      <ItemPrice>18.90</ItemPrice>
      <UnitOfMeasurePrice>7.56</UnitOfMeasurePrice>
      <AllowDiscount>0</AllowDiscount>
      <itemStatus>1</itemStatus>
      <LastUpdateDate />
      <LastUpdateTime />
    </Product>
    <Product>
      <PriceUpdateDate>2020/04/27 06:48</PriceUpdateDate>
      <ItemCode>7290017239842</ItemCode>
      <ItemType>1</ItemType>
      <ItemName>נתחי פילה דג בציפוי פריך 250  גר`( 59% פ</ItemName>
      <ManufactureName>פוד קולקשן בעמ</ManufactureName>
      <ManufactureCountry />
      <ManufactureItemDescription />
      <UnitQty>יח`</UnitQty>
      <Quantity>250</Quantity>
      <UnitMeasure>גרם</UnitMeasure>
      <BisWeighted>0</BisWeighted>
      <QtyInPackage>1</QtyInPackage>
      <ItemPrice>18.90</ItemPrice>
      <UnitOfMeasurePrice>7.56</UnitOfMeasurePrice>
      <AllowDiscount>0</AllowDiscount>
      <itemStatus>1</itemStatus>
      <LastUpdateDate />
      <LastUpdateTime />
    </Product>
    <Product>
      <PriceUpdateDate>2020/04/27 06:48</PriceUpdateDate>
      <ItemCode>7290017239859</ItemCode>
      <ItemType>1</ItemType>
      <ItemName>פילה דג מצופה קפוא 400  גר`פרמיום</ItemName>
      <ManufactureName>פוד קולקשן בעמ</ManufactureName>
      <ManufactureCountry />
      <ManufactureItemDescription />
      <UnitQty>יח`</UnitQty>
      <Quantity>400</Quantity>
      <UnitMeasure>גרם</UnitMeasure>
      <BisWeighted>0</BisWeighted>
      <QtyInPackage>1</QtyInPackage>
      <ItemPrice>31.90</ItemPrice>
      <UnitOfMeasurePrice>7.98</UnitOfMeasurePrice>
      <AllowDiscount>0</AllowDiscount>
      <itemStatus>1</itemStatus>
      <LastUpdateDate />
      <LastUpdateTime />
    </Product>
    <Product>
      <PriceUpdateDate>2019/02/11 09:35</PriceUpdateDate>
      <ItemCode>7290017266312</ItemCode>
      <ItemType>1</ItemType>
      <ItemName>וופל במילוי קרם שוקו 150 גר` עלמה</ItemName>
      <ManufactureName>רזיט שיווק בעמ</ManufactureName>
      <ManufactureCountry />
      <ManufactureItemDescription />
      <UnitQty>יח`</UnitQty>
      <Quantity>150</Quantity>
      <UnitMeasure>גרם</UnitMeasure>
      <BisWeighted>0</BisWeighted>
      <QtyInPackage>1</QtyInPackage>
      <ItemPrice>2.90</ItemPrice>
      <UnitOfMeasurePrice>1.93</UnitOfMeasurePrice>
      <AllowDiscount>1</AllowDiscount>
      <itemStatus>1</itemStatus>
      <LastUpdateDate />
      <LastUpdateTime />
    </Product>
    <Product>
      <PriceUpdateDate>2019/11/12 08:36</PriceUpdateDate>
      <ItemCode>7290017266343</ItemCode>
      <ItemType>1</ItemType>
      <ItemName>וופל במילוי קרם שוקו 150 גר` עלמה</ItemName>
      <ManufactureName>רזיט שיווק בעמ</ManufactureName>
      <ManufactureCountry />
      <ManufactureItemDescription />
      <UnitQty>יח`</UnitQty>
      <Quantity>150</Quantity>
      <UnitMeasure>גרם</UnitMeasure>
      <BisWeighted>0</BisWeighted>
      <QtyInPackage>1</QtyInPackage>
      <ItemPrice>2.90</ItemPrice>
      <UnitOfMeasurePrice>1.93</UnitOfMeasurePrice>
      <AllowDiscount>1</AllowDiscount>
      <itemStatus>1</itemStatus>
      <LastUpdateDate />
      <LastUpdateTime />
    </Product>
    <Product>
      <PriceUpdateDate>2019/12/05 16:12</PriceUpdateDate>
      <ItemCode>7290017266527</ItemCode>
      <ItemType>1</ItemType>
      <ItemName>עלמה וופל קראנץ` 150 גר`</ItemName>
      <ManufactureName>רזיט שיווק בעמ</ManufactureName>
      <ManufactureCountry />
      <ManufactureItemDescription />
      <UnitQty>יח`</UnitQty>
      <Quantity>150</Quantity>
      <UnitMeasure>גרם</UnitMeasure>
      <BisWeighted>0</BisWeighted>
      <QtyInPackage>1</QtyInPackage>
      <ItemPrice>2.90</ItemPrice>
      <UnitOfMeasurePrice>1.93</UnitOfMeasurePrice>
      <AllowDiscount>1</AllowDiscount>
      <itemStatus>1</itemStatus>
      <LastUpdateDate />
      <LastUpdateTime />
    </Product>
    <Product>
      <PriceUpdateDate>2019/12/05 16:12</PriceUpdateDate>
      <ItemCode>7290017266534</ItemCode>
      <ItemType>1</ItemType>
      <ItemName>עלמה וופל קראנץ`</ItemName>
      <ManufactureName>רזיט שיווק בעמ</ManufactureName>
      <ManufactureCountry />
      <ManufactureItemDescription />
      <UnitQty>יח`</UnitQty>
      <Quantity>150</Quantity>
      <UnitMeasure>גרם</UnitMeasure>
      <BisWeighted>0</BisWeighted>
      <QtyInPackage>1</QtyInPackage>
      <ItemPrice>2.90</ItemPrice>
      <UnitOfMeasurePrice>1.93</UnitOfMeasurePrice>
      <AllowDiscount>1</AllowDiscount>
      <itemStatus>1</itemStatus>
      <LastUpdateDate />
      <LastUpdateTime />
    </Product>
    <Product>
      <PriceUpdateDate>2018/12/25 18:40</PriceUpdateDate>
      <ItemCode>7290017289090</ItemCode>
      <ItemType>1</ItemType>
      <ItemName>יין קברנה סובניון 750 מל ממלכת יהודה</ItemName>
      <ManufactureName>יקב טפרברג 1870 בעמ (יינות ומש</ManufactureName>
      <ManufactureCountry />
      <ManufactureItemDescription />
      <UnitQty>יח`</UnitQty>
      <Quantity>750</Quantity>
      <UnitMeasure>מ"ל</UnitMeasure>
      <BisWeighted>0</BisWeighted>
      <QtyInPackage>1</QtyInPackage>
      <ItemPrice>24.90</ItemPrice>
      <UnitOfMeasurePrice>3.28</UnitOfMeasurePrice>
      <AllowDiscount>1</AllowDiscount>
      <itemStatus>1</itemStatus>
      <LastUpdateDate />
      <LastUpdateTime />
    </Product>
    <Product>
      <PriceUpdateDate>2018/12/25 18:40</PriceUpdateDate>
      <ItemCode>7290017289106</ItemCode>
      <ItemType>1</ItemType>
      <ItemName>יין מרלו 750 מל ממלכת יהודה</ItemName>
      <ManufactureName>יקב טפרברג 1870 בעמ (יינות ומש</ManufactureName>
      <ManufactureCountry />
      <ManufactureItemDescription />
      <UnitQty>יח`</UnitQty>
      <Quantity>750</Quantity>
      <UnitMeasure>מ"ל</UnitMeasure>
      <BisWeighted>0</BisWeighted>
      <QtyInPackage>1</QtyInPackage>
      <ItemPrice>24.90</ItemPrice>
      <UnitOfMeasurePrice>3.28</UnitOfMeasurePrice>
      <AllowDiscount>1</AllowDiscount>
      <itemStatus>1</itemStatus>
      <LastUpdateDate />
      <LastUpdateTime />
    </Product>
    <Product>
      <PriceUpdateDate>2018/12/25 18:40</PriceUpdateDate>
      <ItemCode>7290017289113</ItemCode>
      <ItemType>1</ItemType>
      <ItemName>יין שיראז 750 מל ממלכת יהודה</ItemName>
      <ManufactureName>יקב טפרברג 1870 בעמ (יינות ומש</ManufactureName>
      <ManufactureCountry />
      <ManufactureItemDescription />
      <UnitQty>יח`</UnitQty>
      <Quantity>750</Quantity>
      <UnitMeasure>מ"ל</UnitMeasure>
      <BisWeighted>0</BisWeighted>
      <QtyInPackage>1</QtyInPackage>
      <ItemPrice>24.90</ItemPrice>
      <UnitOfMeasurePrice>3.28</UnitOfMeasurePrice>
      <AllowDiscount>1</AllowDiscount>
      <itemStatus>1</itemStatus>
      <LastUpdateDate />
      <LastUpdateTime />
    </Product>
    <Product>
      <PriceUpdateDate>2018/12/25 18:40</PriceUpdateDate>
      <ItemCode>7290017289120</ItemCode>
      <ItemType>1</ItemType>
      <ItemName>יין מרלו פטיט סירה 750 מל ממלכת יהודה</ItemName>
      <ManufactureName>יקב טפרברג 1870 בעמ (יינות ומש</ManufactureName>
      <ManufactureCountry />
      <ManufactureItemDescription />
      <UnitQty>יח`</UnitQty>
      <Quantity>750</Quantity>
      <UnitMeasure>מ"ל</UnitMeasure>
      <BisWeighted>0</BisWeighted>
      <QtyInPackage>1</QtyInPackage>
      <ItemPrice>24.90</ItemPrice>
      <UnitOfMeasurePrice>3.28</UnitOfMeasurePrice>
      <AllowDiscount>1</AllowDiscount>
      <itemStatus>1</itemStatus>
      <LastUpdateDate />
      <LastUpdateTime />
    </Product>
    <Product>
      <PriceUpdateDate>2018/12/25 18:40</PriceUpdateDate>
      <ItemCode>7290017289137</ItemCode>
      <ItemType>1</ItemType>
      <ItemName>יין זינפנדל 750 מל ממלכת יהודה</ItemName>
      <ManufactureName>יקב טפרברג 1870 בעמ (יינות ומש</ManufactureName>
      <ManufactureCountry />
      <ManufactureItemDescription />
      <UnitQty>יח`</UnitQty>
      <Quantity>750</Quantity>
      <UnitMeasure>מ"ל</UnitMeasure>
      <BisWeighted>0</BisWeighted>
      <QtyInPackage>1</QtyInPackage>
      <ItemPrice>24.90</ItemPrice>
      <UnitOfMeasurePrice>3.28</UnitOfMeasurePrice>
      <AllowDiscount>1</AllowDiscount>
      <itemStatus>1</itemStatus>
      <LastUpdateDate />
      <LastUpdateTime />
    </Product>
    <Product>
      <PriceUpdateDate>2018/12/25 18:40</PriceUpdateDate>
      <ItemCode>7290017289144</ItemCode>
      <ItemType>1</ItemType>
      <ItemName>יין סובניון בלאן 750 מל ממלכת יהודה</ItemName>
      <ManufactureName>יקב טפרברג 1870 בעמ (יינות ומש</ManufactureName>
      <ManufactureCountry />
      <ManufactureItemDescription />
      <UnitQty>יח`</UnitQty>
      <Quantity>750</Quantity>
      <UnitMeasure>מ"ל</UnitMeasure>
      <BisWeighted>0</BisWeighted>
      <QtyInPackage>1</QtyInPackage>
      <ItemPrice>24.90</ItemPrice>
      <UnitOfMeasurePrice>3.28</UnitOfMeasurePrice>
      <AllowDiscount>1</AllowDiscount>
      <itemStatus>1</itemStatus>
      <LastUpdateDate />
      <LastUpdateTime />
    </Product>
    <Product>
      <PriceUpdateDate>2018/12/25 18:40</PriceUpdateDate>
      <ItemCode>7290017289151</ItemCode>
      <ItemType>1</ItemType>
      <ItemName>יין אמרלד ריזלינג 750 מל ממלכת יהודה</ItemName>
      <ManufactureName>יקב טפרברג 1870 בעמ (יינות ומש</ManufactureName>
      <ManufactureCountry />
      <ManufactureItemDescription />
      <UnitQty>יח`</UnitQty>
      <Quantity>750</Quantity>
      <UnitMeasure>מ"ל</UnitMeasure>
      <BisWeighted>0</BisWeighted>
      <QtyInPackage>1</QtyInPackage>
      <ItemPrice>24.90</ItemPrice>
      <UnitOfMeasurePrice>3.28</UnitOfMeasurePrice>
      <AllowDiscount>1</AllowDiscount>
      <itemStatus>1</itemStatus>
      <LastUpdateDate />
      <LastUpdateTime />
    </Product>
    <Product>
      <PriceUpdateDate>2018/12/25 18:40</PriceUpdateDate>
      <ItemCode>7290017289168</ItemCode>
      <ItemType>1</ItemType>
      <ItemName>יין אדום יבש 750 מל ישראלי</ItemName>
      <ManufactureName>יקב טפרברג 1870 בעמ (יינות ומש</ManufactureName>
      <ManufactureCountry />
      <ManufactureItemDescription />
      <UnitQty>יח`</UnitQty>
      <Quantity>750</Quantity>
      <UnitMeasure>מ"ל</UnitMeasure>
      <BisWeighted>0</BisWeighted>
      <QtyInPackage>1</QtyInPackage>
      <ItemPrice>19.90</ItemPrice>
      <UnitOfMeasurePrice>2.61</UnitOfMeasurePrice>
      <AllowDiscount>1</AllowDiscount>
      <itemStatus>1</itemStatus>
      <LastUpdateDate />
      <LastUpdateTime />
    </Product>
    <Product>
      <PriceUpdateDate>2018/12/25 18:40</PriceUpdateDate>
      <ItemCode>7290017289175</ItemCode>
      <ItemType>1</ItemType>
      <ItemName>יין פטיט סירה 750 מל ישראלי</ItemName>
      <ManufactureName>יקב טפרברג 1870 בעמ (יינות ומש</ManufactureName>
      <ManufactureCountry />
      <ManufactureItemDescription />
      <UnitQty>יח`</UnitQty>
      <Quantity>750</Quantity>
      <UnitMeasure>מ"ל</UnitMeasure>
      <BisWeighted>0</BisWeighted>
      <QtyInPackage>1</QtyInPackage>
      <ItemPrice>19.90</ItemPrice>
      <UnitOfMeasurePrice>2.61</UnitOfMeasurePrice>
      <AllowDiscount>1</AllowDiscount>
      <itemStatus>1</itemStatus>
      <LastUpdateDate />
      <LastUpdateTime />
    </Product>
    <Product>
      <PriceUpdateDate>2018/12/25 18:40</PriceUpdateDate>
      <ItemCode>7290017289199</ItemCode>
      <ItemType>1</ItemType>
      <ItemName>יין לבן יבש 750 מל ישראלי</ItemName>
      <ManufactureName>יקב טפרברג 1870 בעמ (יינות ומש</ManufactureName>
      <ManufactureCountry />
      <ManufactureItemDescription />
      <UnitQty>יח`</UnitQty>
      <Quantity>750</Quantity>
      <UnitMeasure>מ"ל</UnitMeasure>
      <BisWeighted>0</BisWeighted>
      <QtyInPackage>1</QtyInPackage>
      <ItemPrice>19.90</ItemPrice>
      <UnitOfMeasurePrice>2.61</UnitOfMeasurePrice>
      <AllowDiscount>1</AllowDiscount>
      <itemStatus>1</itemStatus>
      <LastUpdateDate />
      <LastUpdateTime />
    </Product>
    <Product>
      <PriceUpdateDate>2018/12/25 18:40</PriceUpdateDate>
      <ItemCode>7290017289205</ItemCode>
      <ItemType>1</ItemType>
      <ItemName>יין קברנה סוביניון 750 מל ישראלי</ItemName>
      <ManufactureName>יקב טפרברג 1870 בעמ (יינות ומש</ManufactureName>
      <ManufactureCountry />
      <ManufactureItemDescription />
      <UnitQty>יח`</UnitQty>
      <Quantity>750</Quantity>
      <UnitMeasure>מ"ל</UnitMeasure>
      <BisWeighted>0</BisWeighted>
      <QtyInPackage>1</QtyInPackage>
      <ItemPrice>19.90</ItemPrice>
      <UnitOfMeasurePrice>2.61</UnitOfMeasurePrice>
      <AllowDiscount>1</AllowDiscount>
      <itemStatus>1</itemStatus>
      <LastUpdateDate />
      <LastUpdateTime />
    </Product>
    <Product>
      <PriceUpdateDate>2018/08/05 14:14</PriceUpdateDate>
      <ItemCode>7290017296074</ItemCode>
      <ItemType>1</ItemType>
      <ItemName>רוטב למוקפץ 700 גר` פנינה</ItemName>
      <ManufactureName>פנינה רוזנבלום בעמ</ManufactureName>
      <ManufactureCountry />
      <ManufactureItemDescription />
      <UnitQty>יח`</UnitQty>
      <Quantity>700</Quantity>
      <UnitMeasure>גרם</UnitMeasure>
      <BisWeighted>0</BisWeighted>
      <QtyInPackage>1</QtyInPackage>
      <ItemPrice>17.90</ItemPrice>
      <UnitOfMeasurePrice>2.56</UnitOfMeasurePrice>
      <AllowDiscount>1</AllowDiscount>
      <itemStatus>1</itemStatus>
      <LastUpdateDate />
      <LastUpdateTime />
    </Product>
    <Product>
      <PriceUpdateDate>2020/01/19 12:11</PriceUpdateDate>
      <ItemCode>7290017296128</ItemCode>
      <ItemType>1</ItemType>
      <ItemName>אל סבון נוזלי פנינה רוזנבלום (500x3 גרם)</ItemName>
      <ManufactureName>פנינה רוזנבלום בעמ</ManufactureName>
      <ManufactureCountry />
      <ManufactureItemDescription />
      <UnitQty>יח`</UnitQty>
      <Quantity>1.50</Quantity>
      <UnitMeasure>1 ליטר</UnitMeasure>
      <BisWeighted>0</BisWeighted>
      <QtyInPackage>1</QtyInPackage>
      <ItemPrice>13.90</ItemPrice>
      <UnitOfMeasurePrice>9.27</UnitOfMeasurePrice>
      <AllowDiscount>1</AllowDiscount>
      <itemStatus>1</itemStatus>
      <LastUpdateDate />
      <LastUpdateTime />
    </Product>
    <Product>
      <PriceUpdateDate>2020/01/19 12:11</PriceUpdateDate>
      <ItemCode>7290017296135</ItemCode>
      <ItemType>1</ItemType>
      <ItemName>אל סבון נוזלי פנינה רוזנבלום (500x3 גרם)</ItemName>
      <ManufactureName>פנינה רוזנבלום בעמ</ManufactureName>
      <ManufactureCountry />
      <ManufactureItemDescription />
      <UnitQty>יח`</UnitQty>
      <Quantity>1.50</Quantity>
      <UnitMeasure>1 ליטר</UnitMeasure>
      <BisWeighted>0</BisWeighted>
      <QtyInPackage>1</QtyInPackage>
      <ItemPrice>13.90</ItemPrice>
      <UnitOfMeasurePrice>9.27</UnitOfMeasurePrice>
      <AllowDiscount>1</AllowDiscount>
      <itemStatus>1</itemStatus>
      <LastUpdateDate />
      <LastUpdateTime />
    </Product>
    <Product>
      <PriceUpdateDate>2019/07/07 10:54</PriceUpdateDate>
      <ItemCode>7290017304885</ItemCode>
      <ItemType>1</ItemType>
      <ItemName>לחם שיפון וחיטה מלאה 750 גר אנג`ל</ItemName>
      <ManufactureName>שלמה א. אנג`ל בעמ</ManufactureName>
      <ManufactureCountry />
      <ManufactureItemDescription />
      <UnitQty>יח`</UnitQty>
      <Quantity>750</Quantity>
      <UnitMeasure>גרם</UnitMeasure>
      <BisWeighted>0</BisWeighted>
      <QtyInPackage>1</QtyInPackage>
      <ItemPrice>14.90</ItemPrice>
      <UnitOfMeasurePrice>1.99</UnitOfMeasurePrice>
      <AllowDiscount>0</AllowDiscount>
      <itemStatus>1</itemStatus>
      <LastUpdateDate />
      <LastUpdateTime />
    </Product>
    <Product>
      <PriceUpdateDate>2018/02/11 10:45</PriceUpdateDate>
      <ItemCode>7290017374390</ItemCode>
      <ItemType>1</ItemType>
      <ItemName>סט שירותים מיוחד</ItemName>
      <ManufactureName>מ.א.ייצור ויבוא מטליות בעמ</ManufactureName>
      <ManufactureCountry />
      <ManufactureItemDescription />
      <UnitQty>יח`</UnitQty>
      <Quantity>1</Quantity>
      <UnitMeasure />
      <BisWeighted>0</BisWeighted>
      <QtyInPackage>1</QtyInPackage>
      <ItemPrice>20.90</ItemPrice>
      <UnitOfMeasurePrice>20.90</UnitOfMeasurePrice>
      <AllowDiscount>0</AllowDiscount>
      <itemStatus>1</itemStatus>
      <LastUpdateDate />
      <LastUpdateTime />
    </Product>
    <Product>
      <PriceUpdateDate>2019/06/26 08:56</PriceUpdateDate>
      <ItemCode>7290017440279</ItemCode>
      <ItemType>1</ItemType>
      <ItemName>אל סבון קידס דר פישר 750 מל</ItemName>
      <ManufactureName>פישר תעשיות פרמצבטיות בעמ</ManufactureName>
      <ManufactureCountry />
      <ManufactureItemDescription />
      <UnitQty>יח`</UnitQty>
      <Quantity>750</Quantity>
      <UnitMeasure>מ"ל</UnitMeasure>
      <BisWeighted>0</BisWeighted>
      <QtyInPackage>1</QtyInPackage>
      <ItemPrice>16.90</ItemPrice>
      <UnitOfMeasurePrice>2.25</UnitOfMeasurePrice>
      <AllowDiscount>0</AllowDiscount>
      <itemStatus>1</itemStatus>
      <LastUpdateDate />
      <LastUpdateTime />
    </Product>
    <Product>
      <PriceUpdateDate>2019/06/20 15:39</PriceUpdateDate>
      <ItemCode>7290017440309</ItemCode>
      <ItemType>1</ItemType>
      <ItemName>שמפו קידס דר פישר 750 מל</ItemName>
      <ManufactureName>פישר תעשיות פרמצבטיות בעמ</ManufactureName>
      <ManufactureCountry />
      <ManufactureItemDescription />
      <UnitQty>יח`</UnitQty>
      <Quantity>750</Quantity>
      <UnitMeasure>מ"ל</UnitMeasure>
      <BisWeighted>0</BisWeighted>
      <QtyInPackage>1</QtyInPackage>
      <ItemPrice>16.90</ItemPrice>
      <UnitOfMeasurePrice>2.25</UnitOfMeasurePrice>
      <AllowDiscount>0</AllowDiscount>
      <itemStatus>1</itemStatus>
      <LastUpdateDate />
      <LastUpdateTime />
    </Product>
    <Product>
      <PriceUpdateDate>2019/06/20 15:39</PriceUpdateDate>
      <ItemCode>7290017440323</ItemCode>
      <ItemType>1</ItemType>
      <ItemName>שמפו+מרכך קידס דר פישר 750 מל</ItemName>
      <ManufactureName>פישר תעשיות פרמצבטיות בעמ</ManufactureName>
      <ManufactureCountry />
      <ManufactureItemDescription />
      <UnitQty>יח`</UnitQty>
      <Quantity>750</Quantity>
      <UnitMeasure>מ"ל</UnitMeasure>
      <BisWeighted>0</BisWeighted>
      <QtyInPackage>1</QtyInPackage>
      <ItemPrice>16.90</ItemPrice>
      <UnitOfMeasurePrice>2.25</UnitOfMeasurePrice>
      <AllowDiscount>0</AllowDiscount>
      <itemStatus>1</itemStatus>
      <LastUpdateDate />
      <LastUpdateTime />
    </Product>
    <Product>
      <PriceUpdateDate>2019/05/27 16:10</PriceUpdateDate>
      <ItemCode>7290017457598</ItemCode>
      <ItemType>1</ItemType>
      <ItemName>סוד מרכך מרוכז( 900 מל) 20% +בישום -su</ItemName>
      <ManufactureName>גורי שיווק בעמ</ManufactureName>
      <ManufactureCountry />
      <ManufactureItemDescription />
      <UnitQty>יח`</UnitQty>
      <Quantity>900</Quantity>
      <UnitMeasure>מ"ל</UnitMeasure>
      <BisWeighted>0</BisWeighted>
      <QtyInPackage>1</QtyInPackage>
      <ItemPrice>13.90</ItemPrice>
      <UnitOfMeasurePrice>1.54</UnitOfMeasurePrice>
      <AllowDiscount>1</AllowDiscount>
      <itemStatus>1</itemStatus>
      <LastUpdateDate />
      <LastUpdateTime />
    </Product>
    <Product>
      <PriceUpdateDate>2019/05/27 16:10</PriceUpdateDate>
      <ItemCode>7290017457703</ItemCode>
      <ItemType>1</ItemType>
      <ItemName>סוד מרכך מרוכז ( 900 מל) 20% +בישום -אר</ItemName>
      <ManufactureName>גורי שיווק בעמ</ManufactureName>
      <ManufactureCountry />
      <ManufactureItemDescription />
      <UnitQty>יח`</UnitQty>
      <Quantity>900</Quantity>
      <UnitMeasure>מ"ל</UnitMeasure>
      <BisWeighted>0</BisWeighted>
      <QtyInPackage>1</QtyInPackage>
      <ItemPrice>13.90</ItemPrice>
      <UnitOfMeasurePrice>1.54</UnitOfMeasurePrice>
      <AllowDiscount>1</AllowDiscount>
      <itemStatus>1</itemStatus>
      <LastUpdateDate />
      <LastUpdateTime />
    </Product>
    <Product>
      <PriceUpdateDate>2019/05/27 16:10</PriceUpdateDate>
      <ItemCode>7290017457710</ItemCode>
      <ItemType>1</ItemType>
      <ItemName>סוד מרכך מרוכז ( 900 מל) 20% בישום -ארו</ItemName>
      <ManufactureName>גורי שיווק בעמ</ManufactureName>
      <ManufactureCountry />
      <ManufactureItemDescription />
      <UnitQty>יח`</UnitQty>
      <Quantity>900</Quantity>
      <UnitMeasure>מ"ל</UnitMeasure>
      <BisWeighted>0</BisWeighted>
      <QtyInPackage>1</QtyInPackage>
      <ItemPrice>13.90</ItemPrice>
      <UnitOfMeasurePrice>1.54</UnitOfMeasurePrice>
      <AllowDiscount>1</AllowDiscount>
      <itemStatus>1</itemStatus>
      <LastUpdateDate />
      <LastUpdateTime />
    </Product>
    <Product>
      <PriceUpdateDate>2019/05/27 16:10</PriceUpdateDate>
      <ItemCode>7290017457734</ItemCode>
      <ItemType>1</ItemType>
      <ItemName>סוד מרכך מרוכז ( 900 מל) 20% +בישום -ו</ItemName>
      <ManufactureName>גורי שיווק בעמ</ManufactureName>
      <ManufactureCountry />
      <ManufactureItemDescription />
      <UnitQty>יח`</UnitQty>
      <Quantity>900</Quantity>
      <UnitMeasure>מ"ל</UnitMeasure>
      <BisWeighted>0</BisWeighted>
      <QtyInPackage>1</QtyInPackage>
      <ItemPrice>13.90</ItemPrice>
      <UnitOfMeasurePrice>1.54</UnitOfMeasurePrice>
      <AllowDiscount>1</AllowDiscount>
      <itemStatus>1</itemStatus>
      <LastUpdateDate />
      <LastUpdateTime />
    </Product>
    <Product>
      <PriceUpdateDate>2018/04/05 08:16</PriceUpdateDate>
      <ItemCode>7290017477169</ItemCode>
      <ItemType>1</ItemType>
      <ItemName>אגוזי קשיו 250  גר`ששון הקולה</ItemName>
      <ManufactureName>דין שיווק וקליה בעמ</ManufactureName>
      <ManufactureCountry />
      <ManufactureItemDescription />
      <UnitQty>יח`</UnitQty>
      <Quantity>250</Quantity>
      <UnitMeasure>גרם</UnitMeasure>
      <BisWeighted>0</BisWeighted>
      <QtyInPackage>1</QtyInPackage>
      <ItemPrice>20</ItemPrice>
      <UnitOfMeasurePrice>8</UnitOfMeasurePrice>
      <AllowDiscount>0</AllowDiscount>
      <itemStatus>1</itemStatus>
      <LastUpdateDate />
      <LastUpdateTime />
    </Product>
    <Product>
      <PriceUpdateDate>2019/03/05 13:35</PriceUpdateDate>
      <ItemCode>7290017589633</ItemCode>
      <ItemType>1</ItemType>
      <ItemName>רזרב קברנה סובניון יקבי ברקן (750 מל) G</ItemName>
      <ManufactureName>טמפו משקאות בעמ</ManufactureName>
      <ManufactureCountry />
      <ManufactureItemDescription />
      <UnitQty>יח`</UnitQty>
      <Quantity>750</Quantity>
      <UnitMeasure>מ"ל</UnitMeasure>
      <BisWeighted>0</BisWeighted>
      <QtyInPackage>1</QtyInPackage>
      <ItemPrice>49.90</ItemPrice>
      <UnitOfMeasurePrice>6.61</UnitOfMeasurePrice>
      <AllowDiscount>1</AllowDiscount>
      <itemStatus>1</itemStatus>
      <LastUpdateDate />
      <LastUpdateTime />
    </Product>
    <Product>
      <PriceUpdateDate>2019/10/27 11:59</PriceUpdateDate>
      <ItemCode>7290017616179</ItemCode>
      <ItemType>1</ItemType>
      <ItemName>חומוס 800 גר` קפוא</ItemName>
      <ManufactureName>נ.ת.נ.ג.ב החזקות יעוץ וניהול ב</ManufactureName>
      <ManufactureCountry />
      <ManufactureItemDescription />
      <UnitQty>יח`</UnitQty>
      <Quantity>800</Quantity>
      <UnitMeasure>גרם</UnitMeasure>
      <BisWeighted>0</BisWeighted>
      <QtyInPackage>1</QtyInPackage>
      <ItemPrice>9.90</ItemPrice>
      <UnitOfMeasurePrice>1.24</UnitOfMeasurePrice>
      <AllowDiscount>1</AllowDiscount>
      <itemStatus>1</itemStatus>
      <LastUpdateDate />
      <LastUpdateTime />
    </Product>
    <Product>
      <PriceUpdateDate>2019/10/27 11:59</PriceUpdateDate>
      <ItemCode>7290017616186</ItemCode>
      <ItemType>1</ItemType>
      <ItemName>לקט ירקות לקוסקוס 800 גר` קפוא</ItemName>
      <ManufactureName>נ.ת.נ.ג.ב החזקות יעוץ וניהול ב</ManufactureName>
      <ManufactureCountry />
      <ManufactureItemDescription />
      <UnitQty>יח`</UnitQty>
      <Quantity>800</Quantity>
      <UnitMeasure>גרם</UnitMeasure>
      <BisWeighted>0</BisWeighted>
      <QtyInPackage>1</QtyInPackage>
      <ItemPrice>9.90</ItemPrice>
      <UnitOfMeasurePrice>1.24</UnitOfMeasurePrice>
      <AllowDiscount>1</AllowDiscount>
      <itemStatus>1</itemStatus>
      <LastUpdateDate />
      <LastUpdateTime />
    </Product>
    <Product>
      <PriceUpdateDate>2019/12/31 09:53</PriceUpdateDate>
      <ItemCode>7290017617046</ItemCode>
      <ItemType>1</ItemType>
      <ItemName>טונה בשמן זית כתית מעולה 140  גר`סטארקיס</ItemName>
      <ManufactureName>סטארקיסט דיפלומט היינץ</ManufactureName>
      <ManufactureCountry />
      <ManufactureItemDescription />
      <UnitQty>יח`</UnitQty>
      <Quantity>560</Quantity>
      <UnitMeasure>גרם</UnitMeasure>
      <BisWeighted>0</BisWeighted>
      <QtyInPackage>1</QtyInPackage>
      <ItemPrice>27.90</ItemPrice>
      <UnitOfMeasurePrice>4.98</UnitOfMeasurePrice>
      <AllowDiscount>0</AllowDiscount>
      <itemStatus>1</itemStatus>
      <LastUpdateDate />
      <LastUpdateTime />
    </Product>
    <Product>
      <PriceUpdateDate>2019/07/17 08:51</PriceUpdateDate>
      <ItemCode>7290017618159</ItemCode>
      <ItemType>1</ItemType>
      <ItemName>עוגיות שוקולד ציפס עם שוקולד לבן ומריר מ</ItemName>
      <ManufactureName>תה ויסוצקי (ישראל) בעמ</ManufactureName>
      <ManufactureCountry />
      <ManufactureItemDescription />
      <UnitQty>יח`</UnitQty>
      <Quantity>150</Quantity>
      <UnitMeasure>גרם</UnitMeasure>
      <BisWeighted>0</BisWeighted>
      <QtyInPackage>1</QtyInPackage>
      <ItemPrice>10.90</ItemPrice>
      <UnitOfMeasurePrice>7.27</UnitOfMeasurePrice>
      <AllowDiscount>0</AllowDiscount>
      <itemStatus>1</itemStatus>
      <LastUpdateDate />
      <LastUpdateTime />
    </Product>
    <Product>
      <PriceUpdateDate>2019/12/25 14:39</PriceUpdateDate>
      <ItemCode>7290017618241</ItemCode>
      <ItemType>1</ItemType>
      <ItemName>עוגיות ביס בוטנים 200 גר` לחמי</ItemName>
      <ManufactureName>תה ויסוצקי (ישראל) בעמ</ManufactureName>
      <ManufactureCountry />
      <ManufactureItemDescription />
      <UnitQty>יח`</UnitQty>
      <Quantity>200</Quantity>
      <UnitMeasure>גרם</UnitMeasure>
      <BisWeighted>0</BisWeighted>
      <QtyInPackage>1</QtyInPackage>
      <ItemPrice>17.90</ItemPrice>
      <UnitOfMeasurePrice>8.95</UnitOfMeasurePrice>
      <AllowDiscount>0</AllowDiscount>
      <itemStatus>1</itemStatus>
      <LastUpdateDate />
      <LastUpdateTime />
    </Product>
    <Product>
      <PriceUpdateDate>2020/02/23 08:47</PriceUpdateDate>
      <ItemCode>7290017641096</ItemCode>
      <ItemType>1</ItemType>
      <ItemName>שוקולד פרימיום 70% ללא סוכר (100  גר`)כר</ItemName>
      <ManufactureName>כרמית תעשיות ממתקים בעמ</ManufactureName>
      <ManufactureCountry />
      <ManufactureItemDescription />
      <UnitQty>יח`</UnitQty>
      <Quantity>100</Quantity>
      <UnitMeasure>גרם</UnitMeasure>
      <BisWeighted>0</BisWeighted>
      <QtyInPackage>1</QtyInPackage>
      <ItemPrice>7.90</ItemPrice>
      <UnitOfMeasurePrice>7.90</UnitOfMeasurePrice>
      <AllowDiscount>0</AllowDiscount>
      <itemStatus>1</itemStatus>
      <LastUpdateDate />
      <LastUpdateTime />
    </Product>
    <Product>
      <PriceUpdateDate>2020/02/23 08:47</PriceUpdateDate>
      <ItemCode>7290017641102</ItemCode>
      <ItemType>1</ItemType>
      <ItemName>שוקולד פרימיום 70% ללא סוכר תפוז (100 ג</ItemName>
      <ManufactureName>כרמית תעשיות ממתקים בעמ</ManufactureName>
      <ManufactureCountry />
      <ManufactureItemDescription />
      <UnitQty>יח`</UnitQty>
      <Quantity>100</Quantity>
      <UnitMeasure>גרם</UnitMeasure>
      <BisWeighted>0</BisWeighted>
      <QtyInPackage>1</QtyInPackage>
      <ItemPrice>7.90</ItemPrice>
      <UnitOfMeasurePrice>7.90</UnitOfMeasurePrice>
      <AllowDiscount>0</AllowDiscount>
      <itemStatus>1</itemStatus>
      <LastUpdateDate />
      <LastUpdateTime />
    </Product>
    <Product>
      <PriceUpdateDate>2020/02/09 11:29</PriceUpdateDate>
      <ItemCode>7290017641218</ItemCode>
      <ItemType>1</ItemType>
      <ItemName>כעכים טרליני בסגנון איטלקי בתוספת מלח 40</ItemName>
      <ManufactureName>כרמית תעשיות ממתקים בעמ</ManufactureName>
      <ManufactureCountry />
      <ManufactureItemDescription />
      <UnitQty>יח`</UnitQty>
      <Quantity>400</Quantity>
      <UnitMeasure>גרם</UnitMeasure>
      <BisWeighted>0</BisWeighted>
      <QtyInPackage>1</QtyInPackage>
      <ItemPrice>9.90</ItemPrice>
      <UnitOfMeasurePrice>2.48</UnitOfMeasurePrice>
      <AllowDiscount>0</AllowDiscount>
      <itemStatus>1</itemStatus>
      <LastUpdateDate />
      <LastUpdateTime />
    </Product>
    <Product>
      <PriceUpdateDate>2020/02/23 08:47</PriceUpdateDate>
      <ItemCode>7290017641744</ItemCode>
      <ItemType>1</ItemType>
      <ItemName>איגלו סטיקס 800 מל כרמית</ItemName>
      <ManufactureName>כרמית תעשיות ממתקים בעמ</ManufactureName>
      <ManufactureCountry />
      <ManufactureItemDescription />
      <UnitQty>יח`</UnitQty>
      <Quantity>1</Quantity>
      <UnitMeasure />
      <BisWeighted>0</BisWeighted>
      <QtyInPackage>1</QtyInPackage>
      <ItemPrice>4.90</ItemPrice>
      <UnitOfMeasurePrice>4.90</UnitOfMeasurePrice>
      <AllowDiscount>1</AllowDiscount>
      <itemStatus>1</itemStatus>
      <LastUpdateDate />
      <LastUpdateTime />
    </Product>
    <Product>
      <PriceUpdateDate>2019/06/16 12:50</PriceUpdateDate>
      <ItemCode>7290017677804</ItemCode>
      <ItemType>1</ItemType>
      <ItemName>רוטב סויה (444 מל) קיקומן</ItemName>
      <ManufactureName>דיפלומט היינץ</ManufactureName>
      <ManufactureCountry />
      <ManufactureItemDescription />
      <UnitQty>יח`</UnitQty>
      <Quantity>444</Quantity>
      <UnitMeasure>מ"ל</UnitMeasure>
      <BisWeighted>0</BisWeighted>
      <QtyInPackage>1</QtyInPackage>
      <ItemPrice>29.90</ItemPrice>
      <UnitOfMeasurePrice>6.73</UnitOfMeasurePrice>
      <AllowDiscount>1</AllowDiscount>
      <itemStatus>1</itemStatus>
      <LastUpdateDate />
      <LastUpdateTime />
    </Product>
    <Product>
      <PriceUpdateDate>2019/11/20 08:49</PriceUpdateDate>
      <ItemCode>7290017682495</ItemCode>
      <ItemType>1</ItemType>
      <ItemName>מטלית מיקרופייבר מודפסות לרצפה smile</ItemName>
      <ManufactureName>מ.א.ייצור ויבוא מטליות בעמ</ManufactureName>
      <ManufactureCountry />
      <ManufactureItemDescription />
      <UnitQty>יח`</UnitQty>
      <Quantity>1</Quantity>
      <UnitMeasure />
      <BisWeighted>0</BisWeighted>
      <QtyInPackage>1</QtyInPackage>
      <ItemPrice>9.90</ItemPrice>
      <UnitOfMeasurePrice>9.90</UnitOfMeasurePrice>
      <AllowDiscount>0</AllowDiscount>
      <itemStatus>1</itemStatus>
      <LastUpdateDate />
      <LastUpdateTime />
    </Product>
    <Product>
      <PriceUpdateDate>2019/11/20 08:49</PriceUpdateDate>
      <ItemCode>7290017682518</ItemCode>
      <ItemType>1</ItemType>
      <ItemName>מטלית מיקרו מודפסת לניקוי כללי smile</ItemName>
      <ManufactureName>מ.א.ייצור ויבוא מטליות בעמ</ManufactureName>
      <ManufactureCountry />
      <ManufactureItemDescription />
      <UnitQty>יח`</UnitQty>
      <Quantity>1</Quantity>
      <UnitMeasure />
      <BisWeighted>0</BisWeighted>
      <QtyInPackage>1</QtyInPackage>
      <ItemPrice>4.90</ItemPrice>
      <UnitOfMeasurePrice>4.90</UnitOfMeasurePrice>
      <AllowDiscount>0</AllowDiscount>
      <itemStatus>1</itemStatus>
      <LastUpdateDate />
      <LastUpdateTime />
    </Product>
    <Product>
      <PriceUpdateDate>2019/12/11 10:56</PriceUpdateDate>
      <ItemCode>7290017682648</ItemCode>
      <ItemType>1</ItemType>
      <ItemName>מגב חד להב עם תוספן+מקל  (40  סמ)pvc on</ItemName>
      <ManufactureName>מ.א.ייצור ויבוא מטליות בעמ</ManufactureName>
      <ManufactureCountry />
      <ManufactureItemDescription />
      <UnitQty>יח`</UnitQty>
      <Quantity>1</Quantity>
      <UnitMeasure />
      <BisWeighted>0</BisWeighted>
      <QtyInPackage>1</QtyInPackage>
      <ItemPrice>19.90</ItemPrice>
      <UnitOfMeasurePrice>19.90</UnitOfMeasurePrice>
      <AllowDiscount>0</AllowDiscount>
      <itemStatus>1</itemStatus>
      <LastUpdateDate />
      <LastUpdateTime />
    </Product>
    <Product>
      <PriceUpdateDate>2019/12/11 10:56</PriceUpdateDate>
      <ItemCode>7290017682655</ItemCode>
      <ItemType>1</ItemType>
      <ItemName>מגב חד להב עם תוספן+מקל  (50  סמ)pvc on</ItemName>
      <ManufactureName>מ.א.ייצור ויבוא מטליות בעמ</ManufactureName>
      <ManufactureCountry />
      <ManufactureItemDescription />
      <UnitQty>יח`</UnitQty>
      <Quantity>1</Quantity>
      <UnitMeasure />
      <BisWeighted>0</BisWeighted>
      <QtyInPackage>1</QtyInPackage>
      <ItemPrice>24.90</ItemPrice>
      <UnitOfMeasurePrice>24.90</UnitOfMeasurePrice>
      <AllowDiscount>0</AllowDiscount>
      <itemStatus>1</itemStatus>
      <LastUpdateDate />
      <LastUpdateTime />
    </Product>
    <Product>
      <PriceUpdateDate>2020/02/02 13:04</PriceUpdateDate>
      <ItemCode>7290017688510</ItemCode>
      <ItemType>1</ItemType>
      <ItemName>בורקס בטעם פיצה 400  גר`(12  יח)ביס fre</ItemName>
      <ManufactureName>קונסיגנציה-מאפה פסח בעמ</ManufactureName>
      <ManufactureCountry />
      <ManufactureItemDescription />
      <UnitQty>יח`</UnitQty>
      <Quantity>400</Quantity>
      <UnitMeasure>גרם</UnitMeasure>
      <BisWeighted>0</BisWeighted>
      <QtyInPackage>1</QtyInPackage>
      <ItemPrice>19.90</ItemPrice>
      <UnitOfMeasurePrice>4.98</UnitOfMeasurePrice>
      <AllowDiscount>0</AllowDiscount>
      <itemStatus>1</itemStatus>
      <LastUpdateDate />
      <LastUpdateTime />
    </Product>
    <Product>
      <PriceUpdateDate>2020/02/02 13:04</PriceUpdateDate>
      <ItemCode>7290017688633</ItemCode>
      <ItemType>1</ItemType>
      <ItemName>וופל בלגי 250 גר` (8  גר`)ביס free</ItemName>
      <ManufactureName>קונסיגנציה-מאפה פסח בעמ</ManufactureName>
      <ManufactureCountry />
      <ManufactureItemDescription />
      <UnitQty>יח`</UnitQty>
      <Quantity>250</Quantity>
      <UnitMeasure>גרם</UnitMeasure>
      <BisWeighted>0</BisWeighted>
      <QtyInPackage>1</QtyInPackage>
      <ItemPrice>19.90</ItemPrice>
      <UnitOfMeasurePrice>7.96</UnitOfMeasurePrice>
      <AllowDiscount>0</AllowDiscount>
      <itemStatus>1</itemStatus>
      <LastUpdateDate />
      <LastUpdateTime />
    </Product>
    <Product>
      <PriceUpdateDate>2020/02/02 13:04</PriceUpdateDate>
      <ItemCode>7290017688640</ItemCode>
      <ItemType>1</ItemType>
      <ItemName>פיתות 400 גר` (8  גר`)ביס free</ItemName>
      <ManufactureName>קונסיגנציה-מאפה פסח בעמ</ManufactureName>
      <ManufactureCountry />
      <ManufactureItemDescription />
      <UnitQty>יח`</UnitQty>
      <Quantity>250</Quantity>
      <UnitMeasure>גרם</UnitMeasure>
      <BisWeighted>0</BisWeighted>
      <QtyInPackage>1</QtyInPackage>
      <ItemPrice>19.90</ItemPrice>
      <UnitOfMeasurePrice>7.96</UnitOfMeasurePrice>
      <AllowDiscount>0</AllowDiscount>
      <itemStatus>1</itemStatus>
      <LastUpdateDate />
      <LastUpdateTime />
    </Product>
    <Product>
      <PriceUpdateDate>2020/01/14 17:54</PriceUpdateDate>
      <ItemCode>7290017715179</ItemCode>
      <ItemType>1</ItemType>
      <ItemName>לפתן שזיפים מיובשים בסירופ 680  גר`תומר</ItemName>
      <ManufactureName>תומר יבוא ושיווק מוצרי מזון (1</ManufactureName>
      <ManufactureCountry />
      <ManufactureItemDescription />
      <UnitQty>יח`</UnitQty>
      <Quantity>680</Quantity>
      <UnitMeasure>גרם</UnitMeasure>
      <BisWeighted>0</BisWeighted>
      <QtyInPackage>1</QtyInPackage>
      <ItemPrice>11.90</ItemPrice>
      <UnitOfMeasurePrice>1.75</UnitOfMeasurePrice>
      <AllowDiscount>0</AllowDiscount>
      <itemStatus>1</itemStatus>
      <LastUpdateDate />
      <LastUpdateTime />
    </Product>
    <Product>
      <PriceUpdateDate>2020/01/14 17:54</PriceUpdateDate>
      <ItemCode>7290017715254</ItemCode>
      <ItemType>1</ItemType>
      <ItemName>תירס שלשות 200  גר`תומר</ItemName>
      <ManufactureName>תומר יבוא ושיווק מוצרי מזון (1</ManufactureName>
      <ManufactureCountry />
      <ManufactureItemDescription />
      <UnitQty>יח`</UnitQty>
      <Quantity>600</Quantity>
      <UnitMeasure>גרם</UnitMeasure>
      <BisWeighted>0</BisWeighted>
      <QtyInPackage>1</QtyInPackage>
      <ItemPrice>7.90</ItemPrice>
      <UnitOfMeasurePrice>1.32</UnitOfMeasurePrice>
      <AllowDiscount>0</AllowDiscount>
      <itemStatus>1</itemStatus>
      <LastUpdateDate />
      <LastUpdateTime />
    </Product>
    <Product>
      <PriceUpdateDate>2020/01/14 17:54</PriceUpdateDate>
      <ItemCode>7290017715346</ItemCode>
      <ItemType>1</ItemType>
      <ItemName>זית שחור טאסוס 400 גר` תומר</ItemName>
      <ManufactureName>תומר יבוא ושיווק מוצרי מזון (1</ManufactureName>
      <ManufactureCountry />
      <ManufactureItemDescription />
      <UnitQty>יח`</UnitQty>
      <Quantity>400</Quantity>
      <UnitMeasure>גרם</UnitMeasure>
      <BisWeighted>0</BisWeighted>
      <QtyInPackage>1</QtyInPackage>
      <ItemPrice>14.90</ItemPrice>
      <UnitOfMeasurePrice>3.73</UnitOfMeasurePrice>
      <AllowDiscount>1</AllowDiscount>
      <itemStatus>1</itemStatus>
      <LastUpdateDate />
      <LastUpdateTime />
    </Product>
    <Product>
      <PriceUpdateDate>2020/01/14 17:54</PriceUpdateDate>
      <ItemCode>7290017715377</ItemCode>
      <ItemType>1</ItemType>
      <ItemName>זית ממולא תפוז 740  גר`תומר</ItemName>
      <ManufactureName>תומר יבוא ושיווק מוצרי מזון (1</ManufactureName>
      <ManufactureCountry />
      <ManufactureItemDescription />
      <UnitQty>יח`</UnitQty>
      <Quantity>340</Quantity>
      <UnitMeasure>גרם</UnitMeasure>
      <BisWeighted>0</BisWeighted>
      <QtyInPackage>1</QtyInPackage>
      <ItemPrice>19.90</ItemPrice>
      <UnitOfMeasurePrice>5.85</UnitOfMeasurePrice>
      <AllowDiscount>0</AllowDiscount>
      <itemStatus>1</itemStatus>
      <LastUpdateDate />
      <LastUpdateTime />
    </Product>
    <Product>
      <PriceUpdateDate>2020/01/14 17:54</PriceUpdateDate>
      <ItemCode>7290017715407</ItemCode>
      <ItemType>1</ItemType>
      <ItemName>זית שחור יבש חריף 400 גר` תומר</ItemName>
      <ManufactureName>תומר יבוא ושיווק מוצרי מזון (1</ManufactureName>
      <ManufactureCountry />
      <ManufactureItemDescription />
      <UnitQty>יח`</UnitQty>
      <Quantity>400</Quantity>
      <UnitMeasure>גרם</UnitMeasure>
      <BisWeighted>0</BisWeighted>
      <QtyInPackage>1</QtyInPackage>
      <ItemPrice>14.90</ItemPrice>
      <UnitOfMeasurePrice>3.73</UnitOfMeasurePrice>
      <AllowDiscount>1</AllowDiscount>
      <itemStatus>1</itemStatus>
      <LastUpdateDate />
      <LastUpdateTime />
    </Product>
    <Product>
      <PriceUpdateDate>2020/01/14 17:54</PriceUpdateDate>
      <ItemCode>7290017715438</ItemCode>
      <ItemType>1</ItemType>
      <ItemName>אפונה שלשות 200  גר`תומר</ItemName>
      <ManufactureName>תומר יבוא ושיווק מוצרי מזון (1</ManufactureName>
      <ManufactureCountry />
      <ManufactureItemDescription />
      <UnitQty>יח`</UnitQty>
      <Quantity>600</Quantity>
      <UnitMeasure>גרם</UnitMeasure>
      <BisWeighted>0</BisWeighted>
      <QtyInPackage>1</QtyInPackage>
      <ItemPrice>7.90</ItemPrice>
      <UnitOfMeasurePrice>1.32</UnitOfMeasurePrice>
      <AllowDiscount>0</AllowDiscount>
      <itemStatus>1</itemStatus>
      <LastUpdateDate />
      <LastUpdateTime />
    </Product>
    <Product>
      <PriceUpdateDate>2018/11/14 08:30</PriceUpdateDate>
      <ItemCode>7290017812052</ItemCode>
      <ItemType>1</ItemType>
      <ItemName>קברנה סוביניון 750 מל אקסלנס שיראז</ItemName>
      <ManufactureName>אגודת הכורמים</ManufactureName>
      <ManufactureCountry />
      <ManufactureItemDescription />
      <UnitQty>יח`</UnitQty>
      <Quantity>750</Quantity>
      <UnitMeasure>מ"ל</UnitMeasure>
      <BisWeighted>0</BisWeighted>
      <QtyInPackage>1</QtyInPackage>
      <ItemPrice>24.90</ItemPrice>
      <UnitOfMeasurePrice>3.28</UnitOfMeasurePrice>
      <AllowDiscount>1</AllowDiscount>
      <itemStatus>1</itemStatus>
      <LastUpdateDate />
      <LastUpdateTime />
    </Product>
    <Product>
      <PriceUpdateDate>2018/11/14 08:30</PriceUpdateDate>
      <ItemCode>7290017812069</ItemCode>
      <ItemType>1</ItemType>
      <ItemName>ריזלינג שרדונה 750 מל אקסלנס</ItemName>
      <ManufactureName>אגודת הכורמים</ManufactureName>
      <ManufactureCountry />
      <ManufactureItemDescription />
      <UnitQty>יח`</UnitQty>
      <Quantity>750</Quantity>
      <UnitMeasure>מ"ל</UnitMeasure>
      <BisWeighted>0</BisWeighted>
      <QtyInPackage>1</QtyInPackage>
      <ItemPrice>24.90</ItemPrice>
      <UnitOfMeasurePrice>3.28</UnitOfMeasurePrice>
      <AllowDiscount>1</AllowDiscount>
      <itemStatus>1</itemStatus>
      <LastUpdateDate />
      <LastUpdateTime />
    </Product>
    <Product>
      <PriceUpdateDate>2020/01/14 17:54</PriceUpdateDate>
      <ItemCode>7290017812373</ItemCode>
      <ItemType>1</ItemType>
      <ItemName>פי.סי יין לבן מבושל 375 מל שרדונה</ItemName>
      <ManufactureName>אגודת הכורמים</ManufactureName>
      <ManufactureCountry />
      <ManufactureItemDescription />
      <UnitQty>יח`</UnitQty>
      <Quantity>375</Quantity>
      <UnitMeasure>מ"ל</UnitMeasure>
      <BisWeighted>0</BisWeighted>
      <QtyInPackage>1</QtyInPackage>
      <ItemPrice>19.90</ItemPrice>
      <UnitOfMeasurePrice>5.23</UnitOfMeasurePrice>
      <AllowDiscount>0</AllowDiscount>
      <itemStatus>1</itemStatus>
      <LastUpdateDate />
      <LastUpdateTime />
    </Product>
    <Product>
      <PriceUpdateDate>2020/02/20 06:42</PriceUpdateDate>
      <ItemCode>7290017812571</ItemCode>
      <ItemType>1</ItemType>
      <ItemName>תירוש אדום 1 ליטר 100% טבעי</ItemName>
      <ManufactureName>אגודת הכורמים</ManufactureName>
      <ManufactureCountry />
      <ManufactureItemDescription />
      <UnitQty>יח`</UnitQty>
      <Quantity>1</Quantity>
      <UnitMeasure>1 ליטר</UnitMeasure>
      <BisWeighted>0</BisWeighted>
      <QtyInPackage>1</QtyInPackage>
      <ItemPrice>17.90</ItemPrice>
      <UnitOfMeasurePrice>17.90</UnitOfMeasurePrice>
      <AllowDiscount>0</AllowDiscount>
      <itemStatus>1</itemStatus>
      <LastUpdateDate />
      <LastUpdateTime />
    </Product>
    <Product>
      <PriceUpdateDate>2020/02/20 06:42</PriceUpdateDate>
      <ItemCode>7290017812588</ItemCode>
      <ItemType>1</ItemType>
      <ItemName>תירוש לבן 1 ליטר 100% טבעי</ItemName>
      <ManufactureName>אגודת הכורמים</ManufactureName>
      <ManufactureCountry />
      <ManufactureItemDescription />
      <UnitQty>יח`</UnitQty>
      <Quantity>1</Quantity>
      <UnitMeasure>1 ליטר</UnitMeasure>
      <BisWeighted>0</BisWeighted>
      <QtyInPackage>1</QtyInPackage>
      <ItemPrice>17.90</ItemPrice>
      <UnitOfMeasurePrice>17.90</UnitOfMeasurePrice>
      <AllowDiscount>0</AllowDiscount>
      <itemStatus>1</itemStatus>
      <LastUpdateDate />
      <LastUpdateTime />
    </Product>
    <Product>
      <PriceUpdateDate>2020/03/19 06:43</PriceUpdateDate>
      <ItemCode>7290017812694</ItemCode>
      <ItemType>1</ItemType>
      <ItemName>מיץ ענבים תירוש 1 ליטר</ItemName>
      <ManufactureName>אגודת הכורמים</ManufactureName>
      <ManufactureCountry />
      <ManufactureItemDescription />
      <UnitQty>יח`</UnitQty>
      <Quantity>1</Quantity>
      <UnitMeasure>1 ליטר</UnitMeasure>
      <BisWeighted>0</BisWeighted>
      <QtyInPackage>1</QtyInPackage>
      <ItemPrice>11.90</ItemPrice>
      <UnitOfMeasurePrice>11.90</UnitOfMeasurePrice>
      <AllowDiscount>0</AllowDiscount>
      <itemStatus>1</itemStatus>
      <LastUpdateDate />
      <LastUpdateTime />
    </Product>
    <Product>
      <PriceUpdateDate>2019/11/03 09:07</PriceUpdateDate>
      <ItemCode>7290017871424</ItemCode>
      <ItemType>1</ItemType>
      <ItemName>חטיף דגנים תמרים ובוטנים ללא גלוטן וללא</ItemName>
      <ManufactureName>דנשר (1963) בעמ</ManufactureName>
      <ManufactureCountry />
      <ManufactureItemDescription />
      <UnitQty>יח`</UnitQty>
      <Quantity>100</Quantity>
      <UnitMeasure>גרם</UnitMeasure>
      <BisWeighted>0</BisWeighted>
      <QtyInPackage>1</QtyInPackage>
      <ItemPrice>16.90</ItemPrice>
      <UnitOfMeasurePrice>16.90</UnitOfMeasurePrice>
      <AllowDiscount>1</AllowDiscount>
      <itemStatus>1</itemStatus>
      <LastUpdateDate />
      <LastUpdateTime />
    </Product>
    <Product>
      <PriceUpdateDate>2019/11/03 09:07</PriceUpdateDate>
      <ItemCode>7290017871455</ItemCode>
      <ItemType>1</ItemType>
      <ItemName>חטיף דגנים פצפוצי אורז וחמוציות ללא גלו</ItemName>
      <ManufactureName>דנשר (1963) בעמ</ManufactureName>
      <ManufactureCountry />
      <ManufactureItemDescription />
      <UnitQty>יח`</UnitQty>
      <Quantity>100</Quantity>
      <UnitMeasure>גרם</UnitMeasure>
      <BisWeighted>0</BisWeighted>
      <QtyInPackage>1</QtyInPackage>
      <ItemPrice>16.90</ItemPrice>
      <UnitOfMeasurePrice>16.90</UnitOfMeasurePrice>
      <AllowDiscount>1</AllowDiscount>
      <itemStatus>1</itemStatus>
      <LastUpdateDate />
      <LastUpdateTime />
    </Product>
    <Product>
      <PriceUpdateDate>2019/11/03 09:07</PriceUpdateDate>
      <ItemCode>7290017871554</ItemCode>
      <ItemType>1</ItemType>
      <ItemName>חטיף דגנים תמרים ושברי קקאו ללא גלוטן ול</ItemName>
      <ManufactureName>דנשר (1963) בעמ</ManufactureName>
      <ManufactureCountry />
      <ManufactureItemDescription />
      <UnitQty>יח`</UnitQty>
      <Quantity>100</Quantity>
      <UnitMeasure>גרם</UnitMeasure>
      <BisWeighted>0</BisWeighted>
      <QtyInPackage>1</QtyInPackage>
      <ItemPrice>16.90</ItemPrice>
      <UnitOfMeasurePrice>16.90</UnitOfMeasurePrice>
      <AllowDiscount>1</AllowDiscount>
      <itemStatus>1</itemStatus>
      <LastUpdateDate />
      <LastUpdateTime />
    </Product>
    <Product>
      <PriceUpdateDate>2020/04/20 06:49</PriceUpdateDate>
      <ItemCode>7290017888095</ItemCode>
      <ItemType>1</ItemType>
      <ItemName>שוופס מוגז עדין פירות יער 330 מל פחיות</ItemName>
      <ManufactureName>יפאורה</ManufactureName>
      <ManufactureCountry />
      <ManufactureItemDescription />
      <UnitQty>יח`</UnitQty>
      <Quantity>1</Quantity>
      <UnitMeasure />
      <BisWeighted>0</BisWeighted>
      <QtyInPackage>1</QtyInPackage>
      <ItemPrice>11.90</ItemPrice>
      <UnitOfMeasurePrice>11.90</UnitOfMeasurePrice>
      <AllowDiscount>1</AllowDiscount>
      <itemStatus>1</itemStatus>
      <LastUpdateDate />
      <LastUpdateTime />
    </Product>
    <Product>
      <PriceUpdateDate>2019/05/08 14:59</PriceUpdateDate>
      <ItemCode>7290017888118</ItemCode>
      <ItemType>1</ItemType>
      <ItemName>משקה מוגז עדין אבטיח שוופס (1.5 ליטר)</ItemName>
      <ManufactureName>יפאורה</ManufactureName>
      <ManufactureCountry />
      <ManufactureItemDescription />
      <UnitQty>יח`</UnitQty>
      <Quantity>1500</Quantity>
      <UnitMeasure>מ"ל</UnitMeasure>
      <BisWeighted>0</BisWeighted>
      <QtyInPackage>1</QtyInPackage>
      <ItemPrice>6.90</ItemPrice>
      <UnitOfMeasurePrice>0.46</UnitOfMeasurePrice>
      <AllowDiscount>1</AllowDiscount>
      <itemStatus>1</itemStatus>
      <LastUpdateDate />
      <LastUpdateTime />
    </Product>
    <Product>
      <PriceUpdateDate>2019/06/19 11:17</PriceUpdateDate>
      <ItemCode>7290017888279</ItemCode>
      <ItemType>1</ItemType>
      <ItemName>משקה בטעם לימון נענע פרוט ווטר ( 1.5 לי</ItemName>
      <ManufactureName>יפאורה</ManufactureName>
      <ManufactureCountry />
      <ManufactureItemDescription />
      <UnitQty>יח`</UnitQty>
      <Quantity>1500</Quantity>
      <UnitMeasure>מ"ל</UnitMeasure>
      <BisWeighted>0</BisWeighted>
      <QtyInPackage>1</QtyInPackage>
      <ItemPrice>6.90</ItemPrice>
      <UnitOfMeasurePrice>0.46</UnitOfMeasurePrice>
      <AllowDiscount>1</AllowDiscount>
      <itemStatus>1</itemStatus>
      <LastUpdateDate />
      <LastUpdateTime />
    </Product>
    <Product>
      <PriceUpdateDate>2019/06/17 12:22</PriceUpdateDate>
      <ItemCode>7290017888385</ItemCode>
      <ItemType>1</ItemType>
      <ItemName>משקה קל תפוזים 1.5 ליטר wow תפוזינה</ItemName>
      <ManufactureName>יפאורה</ManufactureName>
      <ManufactureCountry />
      <ManufactureItemDescription />
      <UnitQty>יח`</UnitQty>
      <Quantity>1500</Quantity>
      <UnitMeasure>מ"ל</UnitMeasure>
      <BisWeighted>0</BisWeighted>
      <QtyInPackage>1</QtyInPackage>
      <ItemPrice>6.50</ItemPrice>
      <UnitOfMeasurePrice>0.43</UnitOfMeasurePrice>
      <AllowDiscount>1</AllowDiscount>
      <itemStatus>1</itemStatus>
      <LastUpdateDate />
      <LastUpdateTime />
    </Product>
    <Product>
      <PriceUpdateDate>2019/06/17 12:22</PriceUpdateDate>
      <ItemCode>7290017888392</ItemCode>
      <ItemType>1</ItemType>
      <ItemName>משקה קל אשכולית 1.5 ליטר wow תפוזינה</ItemName>
      <ManufactureName>יפאורה</ManufactureName>
      <ManufactureCountry />
      <ManufactureItemDescription />
      <UnitQty>יח`</UnitQty>
      <Quantity>1500</Quantity>
      <UnitMeasure>מ"ל</UnitMeasure>
      <BisWeighted>0</BisWeighted>
      <QtyInPackage>1</QtyInPackage>
      <ItemPrice>6.50</ItemPrice>
      <UnitOfMeasurePrice>0.43</UnitOfMeasurePrice>
      <AllowDiscount>1</AllowDiscount>
      <itemStatus>1</itemStatus>
      <LastUpdateDate />
      <LastUpdateTime />
    </Product>
    <Product>
      <PriceUpdateDate>2019/06/17 12:22</PriceUpdateDate>
      <ItemCode>7290017888408</ItemCode>
      <ItemType>1</ItemType>
      <ItemName>משקה קל לימון ונענע 1.5 ליטר wow תפוזינה</ItemName>
      <ManufactureName>יפאורה</ManufactureName>
      <ManufactureCountry />
      <ManufactureItemDescription />
      <UnitQty>יח`</UnitQty>
      <Quantity>1500</Quantity>
      <UnitMeasure>מ"ל</UnitMeasure>
      <BisWeighted>0</BisWeighted>
      <QtyInPackage>1</QtyInPackage>
      <ItemPrice>6.50</ItemPrice>
      <UnitOfMeasurePrice>0.43</UnitOfMeasurePrice>
      <AllowDiscount>1</AllowDiscount>
      <itemStatus>1</itemStatus>
      <LastUpdateDate />
      <LastUpdateTime />
    </Product>
    <Product>
      <PriceUpdateDate>2020/04/30 16:26</PriceUpdateDate>
      <ItemCode>7290017918020</ItemCode>
      <ItemType>1</ItemType>
      <ItemName>ענבים אדומים ארוז</ItemName>
      <ManufactureName>בראשית - אגודה שיתופית חקלאית</ManufactureName>
      <ManufactureCountry />
      <ManufactureItemDescription />
      <UnitQty>יח`</UnitQty>
      <Quantity>1</Quantity>
      <UnitMeasure />
      <BisWeighted>0</BisWeighted>
      <QtyInPackage>1</QtyInPackage>
      <ItemPrice>12.90</ItemPrice>
      <UnitOfMeasurePrice>12.90</UnitOfMeasurePrice>
      <AllowDiscount>1</AllowDiscount>
      <itemStatus>1</itemStatus>
      <LastUpdateDate />
      <LastUpdateTime />
    </Product>
    <Product>
      <PriceUpdateDate>2020/05/03 12:10</PriceUpdateDate>
      <ItemCode>7290017918037</ItemCode>
      <ItemType>1</ItemType>
      <ItemName>ענבים שחורים ארוז</ItemName>
      <ManufactureName>בראשית - אגודה שיתופית חקלאית</ManufactureName>
      <ManufactureCountry />
      <ManufactureItemDescription />
      <UnitQty>יח`</UnitQty>
      <Quantity>1</Quantity>
      <UnitMeasure />
      <BisWeighted>0</BisWeighted>
      <QtyInPackage>1</QtyInPackage>
      <ItemPrice>10</ItemPrice>
      <UnitOfMeasurePrice>10</UnitOfMeasurePrice>
      <AllowDiscount>1</AllowDiscount>
      <itemStatus>1</itemStatus>
      <LastUpdateDate />
      <LastUpdateTime />
    </Product>
    <Product>
      <PriceUpdateDate>2019/12/26 12:19</PriceUpdateDate>
      <ItemCode>7290017928036</ItemCode>
      <ItemType>1</ItemType>
      <ItemName>מקלות גריסני שומשום 200 גר` מאיר בייגל</ItemName>
      <ManufactureName>דיפלומט היינץ</ManufactureName>
      <ManufactureCountry />
      <ManufactureItemDescription />
      <UnitQty>יח`</UnitQty>
      <Quantity>200</Quantity>
      <UnitMeasure>גרם</UnitMeasure>
      <BisWeighted>0</BisWeighted>
      <QtyInPackage>1</QtyInPackage>
      <ItemPrice>11.90</ItemPrice>
      <UnitOfMeasurePrice>5.95</UnitOfMeasurePrice>
      <AllowDiscount>1</AllowDiscount>
      <itemStatus>1</itemStatus>
      <LastUpdateDate />
      <LastUpdateTime />
    </Product>
    <Product>
      <PriceUpdateDate>2019/12/26 12:19</PriceUpdateDate>
      <ItemCode>7290017928227</ItemCode>
      <ItemType>1</ItemType>
      <ItemName>בייגלה שטוחלה פינוקים 300 גר` מאיר ביי</ItemName>
      <ManufactureName>דיפלומט היינץ</ManufactureName>
      <ManufactureCountry />
      <ManufactureItemDescription />
      <UnitQty>יח`</UnitQty>
      <Quantity>300</Quantity>
      <UnitMeasure>גרם</UnitMeasure>
      <BisWeighted>0</BisWeighted>
      <QtyInPackage>1</QtyInPackage>
      <ItemPrice>11.90</ItemPrice>
      <UnitOfMeasurePrice>3.97</UnitOfMeasurePrice>
      <AllowDiscount>1</AllowDiscount>
      <itemStatus>1</itemStatus>
      <LastUpdateDate />
      <LastUpdateTime />
    </Product>
    <Product>
      <PriceUpdateDate>2019/12/26 12:19</PriceUpdateDate>
      <ItemCode>7290017928234</ItemCode>
      <ItemType>1</ItemType>
      <ItemName>גריסיני בייטס בצל 175 גר` מאיר בייגל</ItemName>
      <ManufactureName>דיפלומט היינץ</ManufactureName>
      <ManufactureCountry />
      <ManufactureItemDescription />
      <UnitQty>יח`</UnitQty>
      <Quantity>175</Quantity>
      <UnitMeasure>גרם</UnitMeasure>
      <BisWeighted>0</BisWeighted>
      <QtyInPackage>1</QtyInPackage>
      <ItemPrice>11.90</ItemPrice>
      <UnitOfMeasurePrice>6.80</UnitOfMeasurePrice>
      <AllowDiscount>1</AllowDiscount>
      <itemStatus>1</itemStatus>
      <LastUpdateDate />
      <LastUpdateTime />
    </Product>
    <Product>
      <PriceUpdateDate>2019/12/26 12:19</PriceUpdateDate>
      <ItemCode>7290017928616</ItemCode>
      <ItemType>1</ItemType>
      <ItemName>בייגלה שטוחלה שומשום 300 גר` מאיר בייגל</ItemName>
      <ManufactureName>דיפלומט היינץ</ManufactureName>
      <ManufactureCountry />
      <ManufactureItemDescription />
      <UnitQty>יח`</UnitQty>
      <Quantity>300</Quantity>
      <UnitMeasure>גרם</UnitMeasure>
      <BisWeighted>0</BisWeighted>
      <QtyInPackage>1</QtyInPackage>
      <ItemPrice>11.90</ItemPrice>
      <UnitOfMeasurePrice>3.97</UnitOfMeasurePrice>
      <AllowDiscount>1</AllowDiscount>
      <itemStatus>1</itemStatus>
      <LastUpdateDate />
      <LastUpdateTime />
    </Product>
    <Product>
      <PriceUpdateDate>2019/12/26 12:19</PriceUpdateDate>
      <ItemCode>7290017928807</ItemCode>
      <ItemType>1</ItemType>
      <ItemName>בייגלה אצבעות שומשום 300 גר` מאיר בייגל</ItemName>
      <ManufactureName>דיפלומט היינץ</ManufactureName>
      <ManufactureCountry />
      <ManufactureItemDescription />
      <UnitQty>יח`</UnitQty>
      <Quantity>300</Quantity>
      <UnitMeasure>גרם</UnitMeasure>
      <BisWeighted>0</BisWeighted>
      <QtyInPackage>1</QtyInPackage>
      <ItemPrice>11.90</ItemPrice>
      <UnitOfMeasurePrice>3.97</UnitOfMeasurePrice>
      <AllowDiscount>1</AllowDiscount>
      <itemStatus>1</itemStatus>
      <LastUpdateDate />
      <LastUpdateTime />
    </Product>
    <Product>
      <PriceUpdateDate>2019/12/26 12:19</PriceUpdateDate>
      <ItemCode>7290017928814</ItemCode>
      <ItemType>1</ItemType>
      <ItemName>בייגלה שטוחלה צ`לי חריף מתוק 300 גר` מא</ItemName>
      <ManufactureName>דיפלומט היינץ</ManufactureName>
      <ManufactureCountry />
      <ManufactureItemDescription />
      <UnitQty>יח`</UnitQty>
      <Quantity>300</Quantity>
      <UnitMeasure>גרם</UnitMeasure>
      <BisWeighted>0</BisWeighted>
      <QtyInPackage>1</QtyInPackage>
      <ItemPrice>11.90</ItemPrice>
      <UnitOfMeasurePrice>3.97</UnitOfMeasurePrice>
      <AllowDiscount>1</AllowDiscount>
      <itemStatus>1</itemStatus>
      <LastUpdateDate />
      <LastUpdateTime />
    </Product>
    <Product>
      <PriceUpdateDate>2019/12/26 12:19</PriceUpdateDate>
      <ItemCode>7290017928821</ItemCode>
      <ItemType>1</ItemType>
      <ItemName>מקלות גריסני קלאסי 200 גר` מאיר בייגל</ItemName>
      <ManufactureName>דיפלומט היינץ</ManufactureName>
      <ManufactureCountry />
      <ManufactureItemDescription />
      <UnitQty>יח`</UnitQty>
      <Quantity>200</Quantity>
      <UnitMeasure>גרם</UnitMeasure>
      <BisWeighted>0</BisWeighted>
      <QtyInPackage>1</QtyInPackage>
      <ItemPrice>11.90</ItemPrice>
      <UnitOfMeasurePrice>5.95</UnitOfMeasurePrice>
      <AllowDiscount>1</AllowDiscount>
      <itemStatus>1</itemStatus>
      <LastUpdateDate />
      <LastUpdateTime />
    </Product>
    <Product>
      <PriceUpdateDate>2019/12/26 12:19</PriceUpdateDate>
      <ItemCode>7290017928838</ItemCode>
      <ItemType>1</ItemType>
      <ItemName>גריסיני בייטס זיתים 175 גר` מאיר בייגל</ItemName>
      <ManufactureName>דיפלומט היינץ</ManufactureName>
      <ManufactureCountry />
      <ManufactureItemDescription />
      <UnitQty>יח`</UnitQty>
      <Quantity>175</Quantity>
      <UnitMeasure>גרם</UnitMeasure>
      <BisWeighted>0</BisWeighted>
      <QtyInPackage>1</QtyInPackage>
      <ItemPrice>11.90</ItemPrice>
      <UnitOfMeasurePrice>6.80</UnitOfMeasurePrice>
      <AllowDiscount>1</AllowDiscount>
      <itemStatus>1</itemStatus>
      <LastUpdateDate />
      <LastUpdateTime />
    </Product>
    <Product>
      <PriceUpdateDate>2020/01/19 12:12</PriceUpdateDate>
      <ItemCode>7290017947105</ItemCode>
      <ItemType>1</ItemType>
      <ItemName>לחם בסגנון אמריקה 500  גר`אנג`ל</ItemName>
      <ManufactureName>שלמה א. אנג`ל בעמ</ManufactureName>
      <ManufactureCountry />
      <ManufactureItemDescription />
      <UnitQty>יח`</UnitQty>
      <Quantity>500</Quantity>
      <UnitMeasure>גרם</UnitMeasure>
      <BisWeighted>0</BisWeighted>
      <QtyInPackage>1</QtyInPackage>
      <ItemPrice>12.90</ItemPrice>
      <UnitOfMeasurePrice>2.58</UnitOfMeasurePrice>
      <AllowDiscount>0</AllowDiscount>
      <itemStatus>1</itemStatus>
      <LastUpdateDate />
      <LastUpdateTime />
    </Product>
    <Product>
      <PriceUpdateDate>2020/01/19 12:12</PriceUpdateDate>
      <ItemCode>7290017947891</ItemCode>
      <ItemType>1</ItemType>
      <ItemName>לחם כוסמין וחיטה מלאה 750  גר`אנגל</ItemName>
      <ManufactureName>שלמה א. אנג`ל בעמ</ManufactureName>
      <ManufactureCountry />
      <ManufactureItemDescription />
      <UnitQty>יח`</UnitQty>
      <Quantity>750</Quantity>
      <UnitMeasure>גרם</UnitMeasure>
      <BisWeighted>0</BisWeighted>
      <QtyInPackage>1</QtyInPackage>
      <ItemPrice>14.90</ItemPrice>
      <UnitOfMeasurePrice>1.99</UnitOfMeasurePrice>
      <AllowDiscount>0</AllowDiscount>
      <itemStatus>1</itemStatus>
      <LastUpdateDate />
      <LastUpdateTime />
    </Product>
    <Product>
      <PriceUpdateDate>2020/04/06 06:49</PriceUpdateDate>
      <ItemCode>7290017947921</ItemCode>
      <ItemType>1</ItemType>
      <ItemName>לחמניות המבורגר שישייה</ItemName>
      <ManufactureName>שלמה א. אנג`ל בעמ</ManufactureName>
      <ManufactureCountry />
      <ManufactureItemDescription />
      <UnitQty>יח`</UnitQty>
      <Quantity>450</Quantity>
      <UnitMeasure>גרם</UnitMeasure>
      <BisWeighted>0</BisWeighted>
      <QtyInPackage>1</QtyInPackage>
      <ItemPrice>11.90</ItemPrice>
      <UnitOfMeasurePrice>2.64</UnitOfMeasurePrice>
      <AllowDiscount>0</AllowDiscount>
      <itemStatus>1</itemStatus>
      <LastUpdateDate />
      <LastUpdateTime />
    </Product>
    <Product>
      <PriceUpdateDate>2020/01/26 12:59</PriceUpdateDate>
      <ItemCode>7290018165010</ItemCode>
      <ItemType>1</ItemType>
      <ItemName>רזרב גולד אדישיין 750 מל גוורצטאמינר</ItemName>
      <ManufactureName>טמפו משקאות בעמ</ManufactureName>
      <ManufactureCountry />
      <ManufactureItemDescription />
      <UnitQty>יח`</UnitQty>
      <Quantity>750</Quantity>
      <UnitMeasure>מ"ל</UnitMeasure>
      <BisWeighted>0</BisWeighted>
      <QtyInPackage>1</QtyInPackage>
      <ItemPrice>49.90</ItemPrice>
      <UnitOfMeasurePrice>6.61</UnitOfMeasurePrice>
      <AllowDiscount>1</AllowDiscount>
      <itemStatus>1</itemStatus>
      <LastUpdateDate />
      <LastUpdateTime />
    </Product>
    <Product>
      <PriceUpdateDate>2020/03/19 06:43</PriceUpdateDate>
      <ItemCode>7290018343296</ItemCode>
      <ItemType>1</ItemType>
      <ItemName>אלכוג`ל הגיינת הידיים 100 מל פישר</ItemName>
      <ManufactureName>פישר תעשיות פרמצבטיות בעמ</ManufactureName>
      <ManufactureCountry />
      <ManufactureItemDescription />
      <UnitQty>יח`</UnitQty>
      <Quantity>100</Quantity>
      <UnitMeasure>מ"ל</UnitMeasure>
      <BisWeighted>0</BisWeighted>
      <QtyInPackage>1</QtyInPackage>
      <ItemPrice>9.90</ItemPrice>
      <UnitOfMeasurePrice>9.90</UnitOfMeasurePrice>
      <AllowDiscount>0</AllowDiscount>
      <itemStatus>1</itemStatus>
      <LastUpdateDate />
      <LastUpdateTime />
    </Product>
    <Product>
      <PriceUpdateDate>2018/03/06 10:39</PriceUpdateDate>
      <ItemCode>7290019297239</ItemCode>
      <ItemType>1</ItemType>
      <ItemName>צימוק כהה 330 גר</ItemName>
      <ManufactureName>דין שיווק וקליה בעמ</ManufactureName>
      <ManufactureCountry />
      <ManufactureItemDescription />
      <UnitQty>יח`</UnitQty>
      <Quantity>330</Quantity>
      <UnitMeasure>גרם</UnitMeasure>
      <BisWeighted>0</BisWeighted>
      <QtyInPackage>1</QtyInPackage>
      <ItemPrice>12.90</ItemPrice>
      <UnitOfMeasurePrice>3.91</UnitOfMeasurePrice>
      <AllowDiscount>0</AllowDiscount>
      <itemStatus>1</itemStatus>
      <LastUpdateDate />
      <LastUpdateTime />
    </Product>
    <Product>
      <PriceUpdateDate>2015/05/28 11:29</PriceUpdateDate>
      <ItemCode>7290019297451</ItemCode>
      <ItemType>1</ItemType>
      <ItemName>מי ורדים 500 מל דין שיווק</ItemName>
      <ManufactureName>דין שיווק וקליה בעמ</ManufactureName>
      <ManufactureCountry />
      <ManufactureItemDescription />
      <UnitQty>יח`</UnitQty>
      <Quantity>500</Quantity>
      <UnitMeasure>מ"ל</UnitMeasure>
      <BisWeighted>0</BisWeighted>
      <QtyInPackage>1</QtyInPackage>
      <ItemPrice>19.90</ItemPrice>
      <UnitOfMeasurePrice>3.98</UnitOfMeasurePrice>
      <AllowDiscount>0</AllowDiscount>
      <itemStatus>1</itemStatus>
      <LastUpdateDate />
      <LastUpdateTime />
    </Product>
    <Product>
      <PriceUpdateDate>2015/05/18 09:07</PriceUpdateDate>
      <ItemCode>7290019297536</ItemCode>
      <ItemType>1</ItemType>
      <ItemName>חמאת בוטנים 510 גר` עם שברי בוטנים דין ש</ItemName>
      <ManufactureName>דין שיווק וקליה בעמ</ManufactureName>
      <ManufactureCountry />
      <ManufactureItemDescription />
      <UnitQty>יח`</UnitQty>
      <Quantity>510</Quantity>
      <UnitMeasure>גרם</UnitMeasure>
      <BisWeighted>0</BisWeighted>
      <QtyInPackage>1</QtyInPackage>
      <ItemPrice>12.90</ItemPrice>
      <UnitOfMeasurePrice>2.53</UnitOfMeasurePrice>
      <AllowDiscount>1</AllowDiscount>
      <itemStatus>1</itemStatus>
      <LastUpdateDate />
      <LastUpdateTime />
    </Product>
    <Product>
      <PriceUpdateDate>2015/05/18 09:07</PriceUpdateDate>
      <ItemCode>7290019297543</ItemCode>
      <ItemType>1</ItemType>
      <ItemName>חמאת בוטנים 510 גר` דין שיווק</ItemName>
      <ManufactureName>דין שיווק וקליה בעמ</ManufactureName>
      <ManufactureCountry />
      <ManufactureItemDescription />
      <UnitQty>יח`</UnitQty>
      <Quantity>510</Quantity>
      <UnitMeasure>גרם</UnitMeasure>
      <BisWeighted>0</BisWeighted>
      <QtyInPackage>1</QtyInPackage>
      <ItemPrice>12.90</ItemPrice>
      <UnitOfMeasurePrice>2.53</UnitOfMeasurePrice>
      <AllowDiscount>1</AllowDiscount>
      <itemStatus>1</itemStatus>
      <LastUpdateDate />
      <LastUpdateTime />
    </Product>
    <Product>
      <PriceUpdateDate>2015/04/30 14:55</PriceUpdateDate>
      <ItemCode>7290019297550</ItemCode>
      <ItemType>1</ItemType>
      <ItemName>בוטנים מטוגנים בקופסא 185 גר`</ItemName>
      <ManufactureName>דין שיווק וקליה בעמ</ManufactureName>
      <ManufactureCountry />
      <ManufactureItemDescription />
      <UnitQty>יח`</UnitQty>
      <Quantity>185</Quantity>
      <UnitMeasure>גרם</UnitMeasure>
      <BisWeighted>0</BisWeighted>
      <QtyInPackage>1</QtyInPackage>
      <ItemPrice>9.90</ItemPrice>
      <UnitOfMeasurePrice>5.35</UnitOfMeasurePrice>
      <AllowDiscount>0</AllowDiscount>
      <itemStatus>1</itemStatus>
      <LastUpdateDate />
      <LastUpdateTime />
    </Product>
    <Product>
      <PriceUpdateDate>2019/12/23 12:16</PriceUpdateDate>
      <ItemCode>7290019297628</ItemCode>
      <ItemType>1</ItemType>
      <ItemName>שקד טבעי 150 גרם ששון הקולה</ItemName>
      <ManufactureName>דין שיווק וקליה בעמ</ManufactureName>
      <ManufactureCountry />
      <ManufactureItemDescription />
      <UnitQty>יח`</UnitQty>
      <Quantity>150</Quantity>
      <UnitMeasure>גרם</UnitMeasure>
      <BisWeighted>0</BisWeighted>
      <QtyInPackage>1</QtyInPackage>
      <ItemPrice>11.90</ItemPrice>
      <UnitOfMeasurePrice>7.93</UnitOfMeasurePrice>
      <AllowDiscount>0</AllowDiscount>
      <itemStatus>1</itemStatus>
      <LastUpdateDate />
      <LastUpdateTime />
    </Product>
    <Product>
      <PriceUpdateDate>2019/08/19 10:10</PriceUpdateDate>
      <ItemCode>7290019297635</ItemCode>
      <ItemType>1</ItemType>
      <ItemName>שקדים קלויים 150 גר ששון הקולה</ItemName>
      <ManufactureName>דין שיווק וקליה בעמ</ManufactureName>
      <ManufactureCountry />
      <ManufactureItemDescription />
      <UnitQty>יח`</UnitQty>
      <Quantity>150</Quantity>
      <UnitMeasure>גרם</UnitMeasure>
      <BisWeighted>0</BisWeighted>
      <QtyInPackage>1</QtyInPackage>
      <ItemPrice>16.90</ItemPrice>
      <UnitOfMeasurePrice>11.27</UnitOfMeasurePrice>
      <AllowDiscount>0</AllowDiscount>
      <itemStatus>1</itemStatus>
      <LastUpdateDate />
      <LastUpdateTime />
    </Product>
    <Product>
      <PriceUpdateDate>2016/07/04 10:09</PriceUpdateDate>
      <ItemCode>7290055090702</ItemCode>
      <ItemType>1</ItemType>
      <ItemName>איגלו שלוקים 60 יח`</ItemName>
      <ManufactureName>כרמית תעשיות ממתקים בעמ</ManufactureName>
      <ManufactureCountry />
      <ManufactureItemDescription />
      <UnitQty>יח`</UnitQty>
      <Quantity>1</Quantity>
      <UnitMeasure />
      <BisWeighted>0</BisWeighted>
      <QtyInPackage>1</QtyInPackage>
      <ItemPrice>11.90</ItemPrice>
      <UnitOfMeasurePrice>11.90</UnitOfMeasurePrice>
      <AllowDiscount>1</AllowDiscount>
      <itemStatus>1</itemStatus>
      <LastUpdateDate />
      <LastUpdateTime />
    </Product>
    <Product>
      <PriceUpdateDate>2015/02/02 09:30</PriceUpdateDate>
      <ItemCode>7290100240137</ItemCode>
      <ItemType>1</ItemType>
      <ItemName>בדין תרסיס למייבש כביסה</ItemName>
      <ManufactureName>יוניליוור ישראל שיווק בעמ</ManufactureName>
      <ManufactureCountry />
      <ManufactureItemDescription />
      <UnitQty>יח`</UnitQty>
      <Quantity>500</Quantity>
      <UnitMeasure>מ"ל</UnitMeasure>
      <BisWeighted>0</BisWeighted>
      <QtyInPackage>1</QtyInPackage>
      <ItemPrice>19.90</ItemPrice>
      <UnitOfMeasurePrice>3.98</UnitOfMeasurePrice>
      <AllowDiscount>1</AllowDiscount>
      <itemStatus>1</itemStatus>
      <LastUpdateDate />
      <LastUpdateTime />
    </Product>
    <Product>
      <PriceUpdateDate>2015/02/02 09:30</PriceUpdateDate>
      <ItemCode>7290100240144</ItemCode>
      <ItemType>1</ItemType>
      <ItemName>בדין תרסיס למייבש כביסה</ItemName>
      <ManufactureName>יוניליוור ישראל שיווק בעמ</ManufactureName>
      <ManufactureCountry />
      <ManufactureItemDescription />
      <UnitQty>יח`</UnitQty>
      <Quantity>500</Quantity>
      <UnitMeasure>מ"ל</UnitMeasure>
      <BisWeighted>0</BisWeighted>
      <QtyInPackage>1</QtyInPackage>
      <ItemPrice>19.90</ItemPrice>
      <UnitOfMeasurePrice>3.98</UnitOfMeasurePrice>
      <AllowDiscount>1</AllowDiscount>
      <itemStatus>1</itemStatus>
      <LastUpdateDate />
      <LastUpdateTime />
    </Product>
    <Product>
      <PriceUpdateDate>2017/06/08 11:14</PriceUpdateDate>
      <ItemCode>7290100240632</ItemCode>
      <ItemType>1</ItemType>
      <ItemName>פתית 6 דגנים תלמה (250 גרם)</ItemName>
      <ManufactureName>יוניליוור ישראל שיווק בעמ</ManufactureName>
      <ManufactureCountry />
      <ManufactureItemDescription />
      <UnitQty>יח`</UnitQty>
      <Quantity>250</Quantity>
      <UnitMeasure>גרם</UnitMeasure>
      <BisWeighted>0</BisWeighted>
      <QtyInPackage>1</QtyInPackage>
      <ItemPrice>17.90</ItemPrice>
      <UnitOfMeasurePrice>7.16</UnitOfMeasurePrice>
      <AllowDiscount>1</AllowDiscount>
      <itemStatus>1</itemStatus>
      <LastUpdateDate />
      <LastUpdateTime />
    </Product>
    <Product>
      <PriceUpdateDate>2017/06/08 11:14</PriceUpdateDate>
      <ItemCode>7290100240656</ItemCode>
      <ItemType>1</ItemType>
      <ItemName>פתית שיפון תלמה (300 גרם)</ItemName>
      <ManufactureName>יוניליוור ישראל שיווק בעמ</ManufactureName>
      <ManufactureCountry />
      <ManufactureItemDescription />
      <UnitQty>יח`</UnitQty>
      <Quantity>300</Quantity>
      <UnitMeasure>גרם</UnitMeasure>
      <BisWeighted>0</BisWeighted>
      <QtyInPackage>1</QtyInPackage>
      <ItemPrice>17.90</ItemPrice>
      <UnitOfMeasurePrice>5.97</UnitOfMeasurePrice>
      <AllowDiscount>1</AllowDiscount>
      <itemStatus>1</itemStatus>
      <LastUpdateDate />
      <LastUpdateTime />
    </Product>
    <Product>
      <PriceUpdateDate>2015/07/01 11:42</PriceUpdateDate>
      <ItemCode>7290100243084</ItemCode>
      <ItemType>1</ItemType>
      <ItemName>מיונז אמיתי הלמנס (789 גרם)</ItemName>
      <ManufactureName>יוניליוור ישראל שיווק בעמ</ManufactureName>
      <ManufactureCountry />
      <ManufactureItemDescription />
      <UnitQty>יח`</UnitQty>
      <Quantity>789</Quantity>
      <UnitMeasure>גרם</UnitMeasure>
      <BisWeighted>0</BisWeighted>
      <QtyInPackage>1</QtyInPackage>
      <ItemPrice>19.90</ItemPrice>
      <UnitOfMeasurePrice>2.52</UnitOfMeasurePrice>
      <AllowDiscount>0</AllowDiscount>
      <itemStatus>1</itemStatus>
      <LastUpdateDate />
      <LastUpdateTime />
    </Product>
    <Product>
      <PriceUpdateDate>2017/05/04 07:47</PriceUpdateDate>
      <ItemCode>7290100243671</ItemCode>
      <ItemType>1</ItemType>
      <ItemName>בדין אקסטרא כחול 960 מל</ItemName>
      <ManufactureName>יוניליוור ישראל שיווק בעמ</ManufactureName>
      <ManufactureCountry />
      <ManufactureItemDescription />
      <UnitQty>יח`</UnitQty>
      <Quantity>960</Quantity>
      <UnitMeasure>מ"ל</UnitMeasure>
      <BisWeighted>0</BisWeighted>
      <QtyInPackage>1</QtyInPackage>
      <ItemPrice>16.90</ItemPrice>
      <UnitOfMeasurePrice>1.76</UnitOfMeasurePrice>
      <AllowDiscount>1</AllowDiscount>
      <itemStatus>1</itemStatus>
      <LastUpdateDate />
      <LastUpdateTime />
    </Product>
    <Product>
      <PriceUpdateDate>2017/05/04 07:47</PriceUpdateDate>
      <ItemCode>7290100243688</ItemCode>
      <ItemType>1</ItemType>
      <ItemName>בדין אקסטרא ורוד 960 מל</ItemName>
      <ManufactureName>יוניליוור ישראל שיווק בעמ</ManufactureName>
      <ManufactureCountry />
      <ManufactureItemDescription />
      <UnitQty>יח`</UnitQty>
      <Quantity>960</Quantity>
      <UnitMeasure>מ"ל</UnitMeasure>
      <BisWeighted>0</BisWeighted>
      <QtyInPackage>1</QtyInPackage>
      <ItemPrice>16.90</ItemPrice>
      <UnitOfMeasurePrice>1.76</UnitOfMeasurePrice>
      <AllowDiscount>1</AllowDiscount>
      <itemStatus>1</itemStatus>
      <LastUpdateDate />
      <LastUpdateTime />
    </Product>
    <Product>
      <PriceUpdateDate>2016/09/14 07:28</PriceUpdateDate>
      <ItemCode>7290100245231</ItemCode>
      <ItemType>1</ItemType>
      <ItemName>נמס בכוס ועוד טעם עוף שקדי מרק</ItemName>
      <ManufactureName>יוניליוור ישראל שיווק בעמ</ManufactureName>
      <ManufactureCountry />
      <ManufactureItemDescription />
      <UnitQty>יח`</UnitQty>
      <Quantity>50</Quantity>
      <UnitMeasure>גרם</UnitMeasure>
      <BisWeighted>0</BisWeighted>
      <QtyInPackage>1</QtyInPackage>
      <ItemPrice>6.90</ItemPrice>
      <UnitOfMeasurePrice>13.80</UnitOfMeasurePrice>
      <AllowDiscount>0</AllowDiscount>
      <itemStatus>1</itemStatus>
      <LastUpdateDate />
      <LastUpdateTime />
    </Product>
    <Product>
      <PriceUpdateDate>2017/05/04 07:47</PriceUpdateDate>
      <ItemCode>7290100247051</ItemCode>
      <ItemType>1</ItemType>
      <ItemName>תחליב רחצה בניחוח קלאסי פינוק (700 מל)</ItemName>
      <ManufactureName>יוניליוור ישראל שיווק בעמ</ManufactureName>
      <ManufactureCountry />
      <ManufactureItemDescription />
      <UnitQty>יח`</UnitQty>
      <Quantity>700</Quantity>
      <UnitMeasure>מ"ל</UnitMeasure>
      <BisWeighted>0</BisWeighted>
      <QtyInPackage>1</QtyInPackage>
      <ItemPrice>12.90</ItemPrice>
      <UnitOfMeasurePrice>1.84</UnitOfMeasurePrice>
      <AllowDiscount>1</AllowDiscount>
      <itemStatus>1</itemStatus>
      <LastUpdateDate />
      <LastUpdateTime />
    </Product>
    <Product>
      <PriceUpdateDate>2017/05/04 07:47</PriceUpdateDate>
      <ItemCode>7290100247068</ItemCode>
      <ItemType>1</ItemType>
      <ItemName>תחליב רחצה לבנדר ווניל פינוק (700 מל)</ItemName>
      <ManufactureName>יוניליוור ישראל שיווק בעמ</ManufactureName>
      <ManufactureCountry />
      <ManufactureItemDescription />
      <UnitQty>יח`</UnitQty>
      <Quantity>700</Quantity>
      <UnitMeasure>מ"ל</UnitMeasure>
      <BisWeighted>0</BisWeighted>
      <QtyInPackage>1</QtyInPackage>
      <ItemPrice>12.90</ItemPrice>
      <UnitOfMeasurePrice>1.84</UnitOfMeasurePrice>
      <AllowDiscount>1</AllowDiscount>
      <itemStatus>1</itemStatus>
      <LastUpdateDate />
      <LastUpdateTime />
    </Product>
    <Product>
      <PriceUpdateDate>2015/12/02 10:21</PriceUpdateDate>
      <ItemCode>7290100247808</ItemCode>
      <ItemType>1</ItemType>
      <ItemName>נמס בכוס אקסטרה טעם עוף</ItemName>
      <ManufactureName>יוניליוור ישראל שיווק בעמ</ManufactureName>
      <ManufactureCountry />
      <ManufactureItemDescription />
      <UnitQty>יח`</UnitQty>
      <Quantity>58</Quantity>
      <UnitMeasure>גרם</UnitMeasure>
      <BisWeighted>0</BisWeighted>
      <QtyInPackage>1</QtyInPackage>
      <ItemPrice>4.90</ItemPrice>
      <UnitOfMeasurePrice>8.45</UnitOfMeasurePrice>
      <AllowDiscount>0</AllowDiscount>
      <itemStatus>1</itemStatus>
      <LastUpdateDate />
      <LastUpdateTime />
    </Product>
    <Product>
      <PriceUpdateDate>2015/12/02 10:21</PriceUpdateDate>
      <ItemCode>7290100247815</ItemCode>
      <ItemType>1</ItemType>
      <ItemName>נמס בכוס אקסטרה עגבניות</ItemName>
      <ManufactureName>יוניליוור ישראל שיווק בעמ</ManufactureName>
      <ManufactureCountry />
      <ManufactureItemDescription />
      <UnitQty>יח`</UnitQty>
      <Quantity>58</Quantity>
      <UnitMeasure>גרם</UnitMeasure>
      <BisWeighted>0</BisWeighted>
      <QtyInPackage>1</QtyInPackage>
      <ItemPrice>4.90</ItemPrice>
      <UnitOfMeasurePrice>8.45</UnitOfMeasurePrice>
      <AllowDiscount>0</AllowDiscount>
      <itemStatus>1</itemStatus>
      <LastUpdateDate />
      <LastUpdateTime />
    </Product>
    <Product>
      <PriceUpdateDate>2015/12/02 10:21</PriceUpdateDate>
      <ItemCode>7290100247822</ItemCode>
      <ItemType>1</ItemType>
      <ItemName>נמס בכוס אקסטרה פיטריות</ItemName>
      <ManufactureName>יוניליוור ישראל שיווק בעמ</ManufactureName>
      <ManufactureCountry />
      <ManufactureItemDescription />
      <UnitQty>יח`</UnitQty>
      <Quantity>58</Quantity>
      <UnitMeasure>גרם</UnitMeasure>
      <BisWeighted>0</BisWeighted>
      <QtyInPackage>1</QtyInPackage>
      <ItemPrice>4.90</ItemPrice>
      <UnitOfMeasurePrice>8.45</UnitOfMeasurePrice>
      <AllowDiscount>0</AllowDiscount>
      <itemStatus>1</itemStatus>
      <LastUpdateDate />
      <LastUpdateTime />
    </Product>
    <Product>
      <PriceUpdateDate>2016/09/14 07:28</PriceUpdateDate>
      <ItemCode>7290100249482</ItemCode>
      <ItemType>1</ItemType>
      <ItemName>נמס בכוס אפונה בדצ</ItemName>
      <ManufactureName>יוניליוור ישראל שיווק בעמ</ManufactureName>
      <ManufactureCountry />
      <ManufactureItemDescription />
      <UnitQty>יח`</UnitQty>
      <Quantity>45</Quantity>
      <UnitMeasure>גרם</UnitMeasure>
      <BisWeighted>0</BisWeighted>
      <QtyInPackage>1</QtyInPackage>
      <ItemPrice>6.90</ItemPrice>
      <UnitOfMeasurePrice>15.33</UnitOfMeasurePrice>
      <AllowDiscount>0</AllowDiscount>
      <itemStatus>1</itemStatus>
      <LastUpdateDate />
      <LastUpdateTime />
    </Product>
    <Product>
      <PriceUpdateDate>2015/07/01 10:29</PriceUpdateDate>
      <ItemCode>7290100249581</ItemCode>
      <ItemType>1</ItemType>
      <ItemName>רוטב לעוף שזיפים קנור (320 גרם)</ItemName>
      <ManufactureName>יוניליוור ישראל שיווק בעמ</ManufactureName>
      <ManufactureCountry />
      <ManufactureItemDescription />
      <UnitQty>יח`</UnitQty>
      <Quantity>310</Quantity>
      <UnitMeasure>גרם</UnitMeasure>
      <BisWeighted>0</BisWeighted>
      <QtyInPackage>1</QtyInPackage>
      <ItemPrice>13.90</ItemPrice>
      <UnitOfMeasurePrice>4.48</UnitOfMeasurePrice>
      <AllowDiscount>1</AllowDiscount>
      <itemStatus>1</itemStatus>
      <LastUpdateDate />
      <LastUpdateTime />
    </Product>
    <Product>
      <PriceUpdateDate>2016/03/14 08:12</PriceUpdateDate>
      <ItemCode>7290100411254</ItemCode>
      <ItemType>1</ItemType>
      <ItemName>בי-לאב מחית תפוח ובננה ללא סוכר 190ג</ItemName>
      <ManufactureName>שקד תבל בעמ</ManufactureName>
      <ManufactureCountry />
      <ManufactureItemDescription />
      <UnitQty>יח`</UnitQty>
      <Quantity>190</Quantity>
      <UnitMeasure>גרם</UnitMeasure>
      <BisWeighted>0</BisWeighted>
      <QtyInPackage>1</QtyInPackage>
      <ItemPrice>5.90</ItemPrice>
      <UnitOfMeasurePrice>3.11</UnitOfMeasurePrice>
      <AllowDiscount>1</AllowDiscount>
      <itemStatus>1</itemStatus>
      <LastUpdateDate />
      <LastUpdateTime />
    </Product>
    <Product>
      <PriceUpdateDate>2019/06/16 13:14</PriceUpdateDate>
      <ItemCode>7290100412442</ItemCode>
      <ItemType>1</ItemType>
      <ItemName>מגבונים לניקוי שירותים ואמבטיה 50 יח` קו</ItemName>
      <ManufactureName>שקד תבל בעמ</ManufactureName>
      <ManufactureCountry />
      <ManufactureItemDescription />
      <UnitQty>יח`</UnitQty>
      <Quantity>1</Quantity>
      <UnitMeasure />
      <BisWeighted>0</BisWeighted>
      <QtyInPackage>1</QtyInPackage>
      <ItemPrice>7.90</ItemPrice>
      <UnitOfMeasurePrice>7.90</UnitOfMeasurePrice>
      <AllowDiscount>0</AllowDiscount>
      <itemStatus>1</itemStatus>
      <LastUpdateDate />
      <LastUpdateTime />
    </Product>
    <Product>
      <PriceUpdateDate>2016/09/11 13:57</PriceUpdateDate>
      <ItemCode>7290100412459</ItemCode>
      <ItemType>1</ItemType>
      <ItemName>מגבונים לניקוי שירותים ואמבטיה לוונדר 50</ItemName>
      <ManufactureName>שקד תבל בעמ</ManufactureName>
      <ManufactureCountry />
      <ManufactureItemDescription />
      <UnitQty>יח`</UnitQty>
      <Quantity>1</Quantity>
      <UnitMeasure />
      <BisWeighted>0</BisWeighted>
      <QtyInPackage>1</QtyInPackage>
      <ItemPrice>8.90</ItemPrice>
      <UnitOfMeasurePrice>8.90</UnitOfMeasurePrice>
      <AllowDiscount>0</AllowDiscount>
      <itemStatus>1</itemStatus>
      <LastUpdateDate />
      <LastUpdateTime />
    </Product>
    <Product>
      <PriceUpdateDate>2018/01/10 11:31</PriceUpdateDate>
      <ItemCode>7290100412763</ItemCode>
      <ItemType>1</ItemType>
      <ItemName>דר עור תחליב רחצה קלאסי 700 מל-לבנדר</ItemName>
      <ManufactureName>שקד תבל בעמ</ManufactureName>
      <ManufactureCountry />
      <ManufactureItemDescription />
      <UnitQty>יח`</UnitQty>
      <Quantity>700</Quantity>
      <UnitMeasure>מ"ל</UnitMeasure>
      <BisWeighted>0</BisWeighted>
      <QtyInPackage>1</QtyInPackage>
      <ItemPrice>19.90</ItemPrice>
      <UnitOfMeasurePrice>2.84</UnitOfMeasurePrice>
      <AllowDiscount>1</AllowDiscount>
      <itemStatus>1</itemStatus>
      <LastUpdateDate />
      <LastUpdateTime />
    </Product>
    <Product>
      <PriceUpdateDate>2018/01/10 11:31</PriceUpdateDate>
      <ItemCode>7290100412831</ItemCode>
      <ItemType>1</ItemType>
      <ItemName>דר עור תחליב רחצה אנטי אייג`ינג 700 מל</ItemName>
      <ManufactureName>שקד תבל בעמ</ManufactureName>
      <ManufactureCountry />
      <ManufactureItemDescription />
      <UnitQty>יח`</UnitQty>
      <Quantity>700</Quantity>
      <UnitMeasure>מ"ל</UnitMeasure>
      <BisWeighted>0</BisWeighted>
      <QtyInPackage>1</QtyInPackage>
      <ItemPrice>19.90</ItemPrice>
      <UnitOfMeasurePrice>2.84</UnitOfMeasurePrice>
      <AllowDiscount>1</AllowDiscount>
      <itemStatus>1</itemStatus>
      <LastUpdateDate />
      <LastUpdateTime />
    </Product>
    <Product>
      <PriceUpdateDate>2017/02/14 05:35</PriceUpdateDate>
      <ItemCode>7290100413593</ItemCode>
      <ItemType>1</ItemType>
      <ItemName>מטליות XL בניחוח פרחי בר קוויק</ItemName>
      <ManufactureName>שקד תבל בעמ</ManufactureName>
      <ManufactureCountry />
      <ManufactureItemDescription />
      <UnitQty>יח`</UnitQty>
      <Quantity>1</Quantity>
      <UnitMeasure />
      <BisWeighted>0</BisWeighted>
      <QtyInPackage>1</QtyInPackage>
      <ItemPrice>8.90</ItemPrice>
      <UnitOfMeasurePrice>8.90</UnitOfMeasurePrice>
      <AllowDiscount>0</AllowDiscount>
      <itemStatus>1</itemStatus>
      <LastUpdateDate />
      <LastUpdateTime />
    </Product>
    <Product>
      <PriceUpdateDate>2017/02/14 05:35</PriceUpdateDate>
      <ItemCode>7290100413609</ItemCode>
      <ItemType>1</ItemType>
      <ItemName>דוחה אבק בניחוח הדרים 50 יח קוויק</ItemName>
      <ManufactureName>שקד תבל בעמ</ManufactureName>
      <ManufactureCountry />
      <ManufactureItemDescription />
      <UnitQty>יח`</UnitQty>
      <Quantity>1</Quantity>
      <UnitMeasure />
      <BisWeighted>0</BisWeighted>
      <QtyInPackage>1</QtyInPackage>
      <ItemPrice>8.90</ItemPrice>
      <UnitOfMeasurePrice>8.90</UnitOfMeasurePrice>
      <AllowDiscount>0</AllowDiscount>
      <itemStatus>1</itemStatus>
      <LastUpdateDate />
      <LastUpdateTime />
    </Product>
    <Product>
      <PriceUpdateDate>2016/01/12 08:18</PriceUpdateDate>
      <ItemCode>7290100653586</ItemCode>
      <ItemType>1</ItemType>
      <ItemName>ליידי ספיד סטיק 24/7 גל ורוד</ItemName>
      <ManufactureName>ש.שסטוביץ בעמ</ManufactureName>
      <ManufactureCountry />
      <ManufactureItemDescription />
      <UnitQty>יח`</UnitQty>
      <Quantity>50</Quantity>
      <UnitMeasure>מ"ל</UnitMeasure>
      <BisWeighted>0</BisWeighted>
      <QtyInPackage>1</QtyInPackage>
      <ItemPrice>16.90</ItemPrice>
      <UnitOfMeasurePrice>33.80</UnitOfMeasurePrice>
      <AllowDiscount>0</AllowDiscount>
      <itemStatus>1</itemStatus>
      <LastUpdateDate />
      <LastUpdateTime />
    </Product>
    <Product>
      <PriceUpdateDate>2017/06/01 15:12</PriceUpdateDate>
      <ItemCode>7290100658338</ItemCode>
      <ItemType>1</ItemType>
      <ItemName>פלמוליב כלים אוקסי כחול פורמולה חדשה</ItemName>
      <ManufactureName>ש.שסטוביץ בעמ</ManufactureName>
      <ManufactureCountry />
      <ManufactureItemDescription />
      <UnitQty>יח`</UnitQty>
      <Quantity>750</Quantity>
      <UnitMeasure>מ"ל</UnitMeasure>
      <BisWeighted>0</BisWeighted>
      <QtyInPackage>1</QtyInPackage>
      <ItemPrice>11.90</ItemPrice>
      <UnitOfMeasurePrice>1.59</UnitOfMeasurePrice>
      <AllowDiscount>1</AllowDiscount>
      <itemStatus>1</itemStatus>
      <LastUpdateDate />
      <LastUpdateTime />
    </Product>
    <Product>
      <PriceUpdateDate>2018/02/07 15:24</PriceUpdateDate>
      <ItemCode>7290100680650</ItemCode>
      <ItemType>1</ItemType>
      <ItemName>מנה חמה נודלס תאילנדי</ItemName>
      <ManufactureName>קבוצת אסם סחר שות. מוגבלת</ManufactureName>
      <ManufactureCountry />
      <ManufactureItemDescription />
      <UnitQty>יח`</UnitQty>
      <Quantity>76</Quantity>
      <UnitMeasure>גרם</UnitMeasure>
      <BisWeighted>0</BisWeighted>
      <QtyInPackage>1</QtyInPackage>
      <ItemPrice>7.90</ItemPrice>
      <UnitOfMeasurePrice>10.39</UnitOfMeasurePrice>
      <AllowDiscount>1</AllowDiscount>
      <itemStatus>1</itemStatus>
      <LastUpdateDate />
      <LastUpdateTime />
    </Product>
    <Product>
      <PriceUpdateDate>2018/02/07 15:24</PriceUpdateDate>
      <ItemCode>7290100680667</ItemCode>
      <ItemType>1</ItemType>
      <ItemName>מנה חמה נודלס בסגנון סצ`ואן אסם (76 גרם)</ItemName>
      <ManufactureName>קבוצת אסם סחר שות. מוגבלת</ManufactureName>
      <ManufactureCountry />
      <ManufactureItemDescription />
      <UnitQty>יח`</UnitQty>
      <Quantity>76</Quantity>
      <UnitMeasure>גרם</UnitMeasure>
      <BisWeighted>0</BisWeighted>
      <QtyInPackage>1</QtyInPackage>
      <ItemPrice>7.90</ItemPrice>
      <UnitOfMeasurePrice>10.39</UnitOfMeasurePrice>
      <AllowDiscount>1</AllowDiscount>
      <itemStatus>1</itemStatus>
      <LastUpdateDate />
      <LastUpdateTime />
    </Product>
    <Product>
      <PriceUpdateDate>2014/04/28 13:13</PriceUpdateDate>
      <ItemCode>7290100680711</ItemCode>
      <ItemType>1</ItemType>
      <ItemName>פירורית זהב אסם (350 גרם)</ItemName>
      <ManufactureName>קבוצת אסם סחר שות. מוגבלת</ManufactureName>
      <ManufactureCountry />
      <ManufactureItemDescription />
      <UnitQty>יח`</UnitQty>
      <Quantity>350</Quantity>
      <UnitMeasure>גרם</UnitMeasure>
      <BisWeighted>0</BisWeighted>
      <QtyInPackage>1</QtyInPackage>
      <ItemPrice>8.90</ItemPrice>
      <UnitOfMeasurePrice>2.54</UnitOfMeasurePrice>
      <AllowDiscount>0</AllowDiscount>
      <itemStatus>1</itemStatus>
      <LastUpdateDate />
      <LastUpdateTime />
    </Product>
    <Product>
      <PriceUpdateDate>2015/12/01 14:02</PriceUpdateDate>
      <ItemCode>7290100680728</ItemCode>
      <ItemType>1</ItemType>
      <ItemName>פירורית אסם (350 גרם)</ItemName>
      <ManufactureName>קבוצת אסם סחר שות. מוגבלת</ManufactureName>
      <ManufactureCountry />
      <ManufactureItemDescription />
      <UnitQty>יח`</UnitQty>
      <Quantity>350</Quantity>
      <UnitMeasure>גרם</UnitMeasure>
      <BisWeighted>0</BisWeighted>
      <QtyInPackage>1</QtyInPackage>
      <ItemPrice>7.90</ItemPrice>
      <UnitOfMeasurePrice>2.26</UnitOfMeasurePrice>
      <AllowDiscount>0</AllowDiscount>
      <itemStatus>1</itemStatus>
      <LastUpdateDate />
      <LastUpdateTime />
    </Product>
    <Product>
      <PriceUpdateDate>2014/07/16 10:20</PriceUpdateDate>
      <ItemCode>7290100681114</ItemCode>
      <ItemType>1</ItemType>
      <ItemName>רוטב סויה בסגנון סיני אסם (600 מל)</ItemName>
      <ManufactureName>קבוצת אסם סחר שות. מוגבלת</ManufactureName>
      <ManufactureCountry />
      <ManufactureItemDescription />
      <UnitQty>יח`</UnitQty>
      <Quantity>600</Quantity>
      <UnitMeasure>מ"ל</UnitMeasure>
      <BisWeighted>0</BisWeighted>
      <QtyInPackage>1</QtyInPackage>
      <ItemPrice>17.90</ItemPrice>
      <UnitOfMeasurePrice>2.98</UnitOfMeasurePrice>
      <AllowDiscount>0</AllowDiscount>
      <itemStatus>1</itemStatus>
      <LastUpdateDate />
      <LastUpdateTime />
    </Product>
    <Product>
      <PriceUpdateDate>2015/12/06 11:26</PriceUpdateDate>
      <ItemCode>7290100681138</ItemCode>
      <ItemType>1</ItemType>
      <ItemName>אפרופו מארז שלישיה</ItemName>
      <ManufactureName>קבוצת אסם סחר שות. מוגבלת</ManufactureName>
      <ManufactureCountry />
      <ManufactureItemDescription />
      <UnitQty>יח`</UnitQty>
      <Quantity>150</Quantity>
      <UnitMeasure>גרם</UnitMeasure>
      <BisWeighted>0</BisWeighted>
      <QtyInPackage>1</QtyInPackage>
      <ItemPrice>13.90</ItemPrice>
      <UnitOfMeasurePrice>9.27</UnitOfMeasurePrice>
      <AllowDiscount>1</AllowDiscount>
      <itemStatus>1</itemStatus>
      <LastUpdateDate />
      <LastUpdateTime />
    </Product>
    <Product>
      <PriceUpdateDate>2014/11/03 10:03</PriceUpdateDate>
      <ItemCode>7290100682791</ItemCode>
      <ItemType>1</ItemType>
      <ItemName>מארז פודינג בטעם וניל שלישייה אסם</ItemName>
      <ManufactureName>קבוצת אסם סחר שות. מוגבלת</ManufactureName>
      <ManufactureCountry />
      <ManufactureItemDescription />
      <UnitQty>יח`</UnitQty>
      <Quantity>240</Quantity>
      <UnitMeasure>גרם</UnitMeasure>
      <BisWeighted>0</BisWeighted>
      <QtyInPackage>1</QtyInPackage>
      <ItemPrice>12.90</ItemPrice>
      <UnitOfMeasurePrice>5.38</UnitOfMeasurePrice>
      <AllowDiscount>0</AllowDiscount>
      <itemStatus>1</itemStatus>
      <LastUpdateDate />
      <LastUpdateTime />
    </Product>
    <Product>
      <PriceUpdateDate>2014/12/29 15:35</PriceUpdateDate>
      <ItemCode>7290100683200</ItemCode>
      <ItemType>1</ItemType>
      <ItemName>רוטב ברביקיו אסם (290 מל)</ItemName>
      <ManufactureName>קבוצת אסם סחר שות. מוגבלת</ManufactureName>
      <ManufactureCountry />
      <ManufactureItemDescription />
      <UnitQty>יח`</UnitQty>
      <Quantity>250</Quantity>
      <UnitMeasure>גרם</UnitMeasure>
      <BisWeighted>0</BisWeighted>
      <QtyInPackage>1</QtyInPackage>
      <ItemPrice>11.90</ItemPrice>
      <UnitOfMeasurePrice>4.76</UnitOfMeasurePrice>
      <AllowDiscount>0</AllowDiscount>
      <itemStatus>1</itemStatus>
      <LastUpdateDate />
      <LastUpdateTime />
    </Product>
    <Product>
      <PriceUpdateDate>2015/05/14 08:30</PriceUpdateDate>
      <ItemCode>7290100683613</ItemCode>
      <ItemType>1</ItemType>
      <ItemName>סירופ מנגו אפרסק ויטמינצ`יק (1 ליטר)</ItemName>
      <ManufactureName>קבוצת אסם סחר שות. מוגבלת</ManufactureName>
      <ManufactureCountry />
      <ManufactureItemDescription />
      <UnitQty>יח`</UnitQty>
      <Quantity>1000</Quantity>
      <UnitMeasure>מ"ל</UnitMeasure>
      <BisWeighted>0</BisWeighted>
      <QtyInPackage>1</QtyInPackage>
      <ItemPrice>11.90</ItemPrice>
      <UnitOfMeasurePrice>1.19</UnitOfMeasurePrice>
      <AllowDiscount>0</AllowDiscount>
      <itemStatus>1</itemStatus>
      <LastUpdateDate />
      <LastUpdateTime />
    </Product>
    <Product>
      <PriceUpdateDate>2019/03/24 12:39</PriceUpdateDate>
      <ItemCode>7290100684139</ItemCode>
      <ItemType>1</ItemType>
      <ItemName>פסטה מיני מקרוני אסם (500 גרם)</ItemName>
      <ManufactureName>קבוצת אסם סחר שות. מוגבלת</ManufactureName>
      <ManufactureCountry />
      <ManufactureItemDescription />
      <UnitQty>יח`</UnitQty>
      <Quantity>500</Quantity>
      <UnitMeasure>גרם</UnitMeasure>
      <BisWeighted>0</BisWeighted>
      <QtyInPackage>1</QtyInPackage>
      <ItemPrice>5.90</ItemPrice>
      <UnitOfMeasurePrice>1.18</UnitOfMeasurePrice>
      <AllowDiscount>1</AllowDiscount>
      <itemStatus>1</itemStatus>
      <LastUpdateDate />
      <LastUpdateTime />
    </Product>
    <Product>
      <PriceUpdateDate>2015/12/06 11:26</PriceUpdateDate>
      <ItemCode>7290100684306</ItemCode>
      <ItemType>1</ItemType>
      <ItemName>רוטב צ`ילי מתוק אסם (600 מל)</ItemName>
      <ManufactureName>קבוצת אסם סחר שות. מוגבלת</ManufactureName>
      <ManufactureCountry />
      <ManufactureItemDescription />
      <UnitQty>יח`</UnitQty>
      <Quantity>600</Quantity>
      <UnitMeasure>מ"ל</UnitMeasure>
      <BisWeighted>0</BisWeighted>
      <QtyInPackage>1</QtyInPackage>
      <ItemPrice>18.90</ItemPrice>
      <UnitOfMeasurePrice>3.15</UnitOfMeasurePrice>
      <AllowDiscount>0</AllowDiscount>
      <itemStatus>1</itemStatus>
      <LastUpdateDate />
      <LastUpdateTime />
    </Product>
    <Product>
      <PriceUpdateDate>2017/06/05 10:59</PriceUpdateDate>
      <ItemCode>7290100685136</ItemCode>
      <ItemType>1</ItemType>
      <ItemName>אבקת מרק בטעם עוף אסם (1 קג)</ItemName>
      <ManufactureName>קבוצת אסם סחר שות. מוגבלת</ManufactureName>
      <ManufactureCountry />
      <ManufactureItemDescription />
      <UnitQty>יח`</UnitQty>
      <Quantity>1</Quantity>
      <UnitMeasure>ק"ג</UnitMeasure>
      <BisWeighted>0</BisWeighted>
      <QtyInPackage>1</QtyInPackage>
      <ItemPrice>14.90</ItemPrice>
      <UnitOfMeasurePrice>14.90</UnitOfMeasurePrice>
      <AllowDiscount>1</AllowDiscount>
      <itemStatus>1</itemStatus>
      <LastUpdateDate />
      <LastUpdateTime />
    </Product>
    <Product>
      <PriceUpdateDate>2015/03/02 09:23</PriceUpdateDate>
      <ItemCode>7290100685334</ItemCode>
      <ItemType>1</ItemType>
      <ItemName>אבקת מרק עוף אמיתי מרכיבים 400 גר`</ItemName>
      <ManufactureName>קבוצת אסם סחר שות. מוגבלת</ManufactureName>
      <ManufactureCountry />
      <ManufactureItemDescription />
      <UnitQty>יח`</UnitQty>
      <Quantity>400</Quantity>
      <UnitMeasure>גרם</UnitMeasure>
      <BisWeighted>0</BisWeighted>
      <QtyInPackage>1</QtyInPackage>
      <ItemPrice>26.90</ItemPrice>
      <UnitOfMeasurePrice>6.73</UnitOfMeasurePrice>
      <AllowDiscount>1</AllowDiscount>
      <itemStatus>1</itemStatus>
      <LastUpdateDate />
      <LastUpdateTime />
    </Product>
    <Product>
      <PriceUpdateDate>2015/03/02 09:23</PriceUpdateDate>
      <ItemCode>7290100685341</ItemCode>
      <ItemType>1</ItemType>
      <ItemName>אבקת מרק רכיבים 400 גר`</ItemName>
      <ManufactureName>קבוצת אסם סחר שות. מוגבלת</ManufactureName>
      <ManufactureCountry />
      <ManufactureItemDescription />
      <UnitQty>יח`</UnitQty>
      <Quantity>400</Quantity>
      <UnitMeasure>גרם</UnitMeasure>
      <BisWeighted>0</BisWeighted>
      <QtyInPackage>1</QtyInPackage>
      <ItemPrice>16.90</ItemPrice>
      <UnitOfMeasurePrice>4.23</UnitOfMeasurePrice>
      <AllowDiscount>1</AllowDiscount>
      <itemStatus>1</itemStatus>
      <LastUpdateDate />
      <LastUpdateTime />
    </Product>
    <Product>
      <PriceUpdateDate>2014/07/16 10:20</PriceUpdateDate>
      <ItemCode>7290100686164</ItemCode>
      <ItemType>1</ItemType>
      <ItemName>ביסלי חטיף בטעם ברביקיו אסם (35x6 גרם)</ItemName>
      <ManufactureName>קבוצת אסם סחר שות. מוגבלת</ManufactureName>
      <ManufactureCountry />
      <ManufactureItemDescription />
      <UnitQty>יח`</UnitQty>
      <Quantity>210</Quantity>
      <UnitMeasure>גרם</UnitMeasure>
      <BisWeighted>0</BisWeighted>
      <QtyInPackage>1</QtyInPackage>
      <ItemPrice>14.90</ItemPrice>
      <UnitOfMeasurePrice>7.10</UnitOfMeasurePrice>
      <AllowDiscount>1</AllowDiscount>
      <itemStatus>1</itemStatus>
      <LastUpdateDate />
      <LastUpdateTime />
    </Product>
    <Product>
      <PriceUpdateDate>2014/04/28 13:13</PriceUpdateDate>
      <ItemCode>7290100686171</ItemCode>
      <ItemType>1</ItemType>
      <ItemName>ביסלי חטיף בטעם גריל אסם (35x6 גרם)</ItemName>
      <ManufactureName>קבוצת אסם סחר שות. מוגבלת</ManufactureName>
      <ManufactureCountry />
      <ManufactureItemDescription />
      <UnitQty>יח`</UnitQty>
      <Quantity>210</Quantity>
      <UnitMeasure>גרם</UnitMeasure>
      <BisWeighted>0</BisWeighted>
      <QtyInPackage>1</QtyInPackage>
      <ItemPrice>15.90</ItemPrice>
      <UnitOfMeasurePrice>7.57</UnitOfMeasurePrice>
      <AllowDiscount>1</AllowDiscount>
      <itemStatus>1</itemStatus>
      <LastUpdateDate />
      <LastUpdateTime />
    </Product>
    <Product>
      <PriceUpdateDate>2015/05/14 08:30</PriceUpdateDate>
      <ItemCode>7290100687109</ItemCode>
      <ItemType>1</ItemType>
      <ItemName>במבה במילוי נוגט אסם (60 גרם)</ItemName>
      <ManufactureName>קבוצת אסם סחר שות. מוגבלת</ManufactureName>
      <ManufactureCountry />
      <ManufactureItemDescription />
      <UnitQty>יח`</UnitQty>
      <Quantity>60</Quantity>
      <UnitMeasure>גרם</UnitMeasure>
      <BisWeighted>0</BisWeighted>
      <QtyInPackage>1</QtyInPackage>
      <ItemPrice>4.30</ItemPrice>
      <UnitOfMeasurePrice>7.17</UnitOfMeasurePrice>
      <AllowDiscount>1</AllowDiscount>
      <itemStatus>1</itemStatus>
      <LastUpdateDate />
      <LastUpdateTime />
    </Product>
    <Product>
      <PriceUpdateDate>2015/04/14 14:16</PriceUpdateDate>
      <ItemCode>7290100689301</ItemCode>
      <ItemType>1</ItemType>
      <ItemName>מרק בטעם עוף זך אסם (400 גרם)</ItemName>
      <ManufactureName>קבוצת אסם סחר שות. מוגבלת</ManufactureName>
      <ManufactureCountry />
      <ManufactureItemDescription />
      <UnitQty>יח`</UnitQty>
      <Quantity>400</Quantity>
      <UnitMeasure>גרם</UnitMeasure>
      <BisWeighted>0</BisWeighted>
      <QtyInPackage>1</QtyInPackage>
      <ItemPrice>15.90</ItemPrice>
      <UnitOfMeasurePrice>3.98</UnitOfMeasurePrice>
      <AllowDiscount>1</AllowDiscount>
      <itemStatus>1</itemStatus>
      <LastUpdateDate />
      <LastUpdateTime />
    </Product>
    <Product>
      <PriceUpdateDate>2019/02/03 12:21</PriceUpdateDate>
      <ItemCode>7290100700075</ItemCode>
      <ItemType>1</ItemType>
      <ItemName>פירורי לחם מוזהבים סוגת (200 גרם)</ItemName>
      <ManufactureName>סוגת תעשיות בעמ</ManufactureName>
      <ManufactureCountry />
      <ManufactureItemDescription />
      <UnitQty>יח`</UnitQty>
      <Quantity>200</Quantity>
      <UnitMeasure>גרם</UnitMeasure>
      <BisWeighted>0</BisWeighted>
      <QtyInPackage>1</QtyInPackage>
      <ItemPrice>4</ItemPrice>
      <UnitOfMeasurePrice>2</UnitOfMeasurePrice>
      <AllowDiscount>1</AllowDiscount>
      <itemStatus>1</itemStatus>
      <LastUpdateDate />
      <LastUpdateTime />
    </Product>
    <Product>
      <PriceUpdateDate>2014/05/28 11:07</PriceUpdateDate>
      <ItemCode>7290100700242</ItemCode>
      <ItemType>1</ItemType>
      <ItemName>אורז מלא עגול סוגת (1 קג)</ItemName>
      <ManufactureName>סוגת תעשיות בעמ</ManufactureName>
      <ManufactureCountry />
      <ManufactureItemDescription />
      <UnitQty>יח`</UnitQty>
      <Quantity>1000</Quantity>
      <UnitMeasure>גרם</UnitMeasure>
      <BisWeighted>0</BisWeighted>
      <QtyInPackage>1</QtyInPackage>
      <ItemPrice>9.90</ItemPrice>
      <UnitOfMeasurePrice>0.99</UnitOfMeasurePrice>
      <AllowDiscount>0</AllowDiscount>
      <itemStatus>1</itemStatus>
      <LastUpdateDate />
      <LastUpdateTime />
    </Product>
    <Product>
      <PriceUpdateDate>2014/01/02 08:43</PriceUpdateDate>
      <ItemCode>7290100700266</ItemCode>
      <ItemType>1</ItemType>
      <ItemName>פרורי לחם לבן סוגת (200 גרם)</ItemName>
      <ManufactureName>סוגת תעשיות בעמ</ManufactureName>
      <ManufactureCountry />
      <ManufactureItemDescription />
      <UnitQty>יח`</UnitQty>
      <Quantity>200</Quantity>
      <UnitMeasure>גרם</UnitMeasure>
      <BisWeighted>0</BisWeighted>
      <QtyInPackage>1</QtyInPackage>
      <ItemPrice>5</ItemPrice>
      <UnitOfMeasurePrice>2.50</UnitOfMeasurePrice>
      <AllowDiscount>1</AllowDiscount>
      <itemStatus>1</itemStatus>
      <LastUpdateDate />
      <LastUpdateTime />
    </Product>
    <Product>
      <PriceUpdateDate>2019/11/19 08:40</PriceUpdateDate>
      <ItemCode>7290100700273</ItemCode>
      <ItemType>1</ItemType>
      <ItemName>קינואה 500 גר`</ItemName>
      <ManufactureName>סוגת תעשיות בעמ</ManufactureName>
      <ManufactureCountry />
      <ManufactureItemDescription />
      <UnitQty>יח`</UnitQty>
      <Quantity>500</Quantity>
      <UnitMeasure>גרם</UnitMeasure>
      <BisWeighted>0</BisWeighted>
      <QtyInPackage>1</QtyInPackage>
      <ItemPrice>15.90</ItemPrice>
      <UnitOfMeasurePrice>3.18</UnitOfMeasurePrice>
      <AllowDiscount>1</AllowDiscount>
      <itemStatus>1</itemStatus>
      <LastUpdateDate />
      <LastUpdateTime />
    </Product>
    <Product>
      <PriceUpdateDate>2015/04/30 15:13</PriceUpdateDate>
      <ItemCode>7290100700396</ItemCode>
      <ItemType>1</ItemType>
      <ItemName>אורז יסמין סוגת (1 קג)</ItemName>
      <ManufactureName>סוגת תעשיות בעמ</ManufactureName>
      <ManufactureCountry />
      <ManufactureItemDescription />
      <UnitQty>יח`</UnitQty>
      <Quantity>1000</Quantity>
      <UnitMeasure>גרם</UnitMeasure>
      <BisWeighted>0</BisWeighted>
      <QtyInPackage>1</QtyInPackage>
      <ItemPrice>12.90</ItemPrice>
      <UnitOfMeasurePrice>1.29</UnitOfMeasurePrice>
      <AllowDiscount>1</AllowDiscount>
      <itemStatus>1</itemStatus>
      <LastUpdateDate />
      <LastUpdateTime />
    </Product>
    <Product>
      <PriceUpdateDate>2015/03/02 10:31</PriceUpdateDate>
      <ItemCode>7290100700587</ItemCode>
      <ItemType>1</ItemType>
      <ItemName>בורגול סוגת (500 גרם)</ItemName>
      <ManufactureName>סוגת תעשיות בעמ</ManufactureName>
      <ManufactureCountry />
      <ManufactureItemDescription />
      <UnitQty>יח`</UnitQty>
      <Quantity>500</Quantity>
      <UnitMeasure>גרם</UnitMeasure>
      <BisWeighted>0</BisWeighted>
      <QtyInPackage>1</QtyInPackage>
      <ItemPrice>5.90</ItemPrice>
      <UnitOfMeasurePrice>1.18</UnitOfMeasurePrice>
      <AllowDiscount>1</AllowDiscount>
      <itemStatus>1</itemStatus>
      <LastUpdateDate />
      <LastUpdateTime />
    </Product>
    <Product>
      <PriceUpdateDate>2013/12/24 10:50</PriceUpdateDate>
      <ItemCode>7290100701126</ItemCode>
      <ItemType>1</ItemType>
      <ItemName>שעועית מש סוגת (500 גרם)</ItemName>
      <ManufactureName>סוגת תעשיות בעמ</ManufactureName>
      <ManufactureCountry />
      <ManufactureItemDescription />
      <UnitQty>יח`</UnitQty>
      <Quantity>500</Quantity>
      <UnitMeasure>גרם</UnitMeasure>
      <BisWeighted>0</BisWeighted>
      <QtyInPackage>1</QtyInPackage>
      <ItemPrice>12.90</ItemPrice>
      <UnitOfMeasurePrice>2.58</UnitOfMeasurePrice>
      <AllowDiscount>0</AllowDiscount>
      <itemStatus>1</itemStatus>
      <LastUpdateDate />
      <LastUpdateTime />
    </Product>
    <Product>
      <PriceUpdateDate>2014/04/22 20:22</PriceUpdateDate>
      <ItemCode>7290100701157</ItemCode>
      <ItemType>1</ItemType>
      <ItemName>אורז להכנת סושי סוגת (1 קג)</ItemName>
      <ManufactureName>סוגת תעשיות בעמ</ManufactureName>
      <ManufactureCountry />
      <ManufactureItemDescription />
      <UnitQty>יח`</UnitQty>
      <Quantity>1000</Quantity>
      <UnitMeasure>גרם</UnitMeasure>
      <BisWeighted>0</BisWeighted>
      <QtyInPackage>1</QtyInPackage>
      <ItemPrice>12.90</ItemPrice>
      <UnitOfMeasurePrice>1.29</UnitOfMeasurePrice>
      <AllowDiscount>0</AllowDiscount>
      <itemStatus>1</itemStatus>
      <LastUpdateDate />
      <LastUpdateTime />
    </Product>
    <Product>
      <PriceUpdateDate>2019/11/19 08:40</PriceUpdateDate>
      <ItemCode>7290100701300</ItemCode>
      <ItemType>1</ItemType>
      <ItemName>קינואה אדומה סוגת (500 גרם)</ItemName>
      <ManufactureName>סוגת תעשיות בעמ</ManufactureName>
      <ManufactureCountry />
      <ManufactureItemDescription />
      <UnitQty>יח`</UnitQty>
      <Quantity>500</Quantity>
      <UnitMeasure>גרם</UnitMeasure>
      <BisWeighted>0</BisWeighted>
      <QtyInPackage>1</QtyInPackage>
      <ItemPrice>15.90</ItemPrice>
      <UnitOfMeasurePrice>3.18</UnitOfMeasurePrice>
      <AllowDiscount>1</AllowDiscount>
      <itemStatus>1</itemStatus>
      <LastUpdateDate />
      <LastUpdateTime />
    </Product>
    <Product>
      <PriceUpdateDate>2015/06/28 14:11</PriceUpdateDate>
      <ItemCode>7290100701331</ItemCode>
      <ItemType>1</ItemType>
      <ItemName>קמח רב תכליתי סוגת (1 קג)</ItemName>
      <ManufactureName>סוגת תעשיות בעמ</ManufactureName>
      <ManufactureCountry />
      <ManufactureItemDescription />
      <UnitQty>יח`</UnitQty>
      <Quantity>1</Quantity>
      <UnitMeasure>ק"ג</UnitMeasure>
      <BisWeighted>0</BisWeighted>
      <QtyInPackage>1</QtyInPackage>
      <ItemPrice>8.90</ItemPrice>
      <UnitOfMeasurePrice>8.90</UnitOfMeasurePrice>
      <AllowDiscount>1</AllowDiscount>
      <itemStatus>1</itemStatus>
      <LastUpdateDate />
      <LastUpdateTime />
    </Product>
    <Product>
      <PriceUpdateDate>2015/06/28 14:11</PriceUpdateDate>
      <ItemCode>7290100701386</ItemCode>
      <ItemType>1</ItemType>
      <ItemName>קמח לחלה סוגת (1 קג)</ItemName>
      <ManufactureName>סוגת תעשיות בעמ</ManufactureName>
      <ManufactureCountry />
      <ManufactureItemDescription />
      <UnitQty>יח`</UnitQty>
      <Quantity>1</Quantity>
      <UnitMeasure>ק"ג</UnitMeasure>
      <BisWeighted>0</BisWeighted>
      <QtyInPackage>1</QtyInPackage>
      <ItemPrice>8.90</ItemPrice>
      <UnitOfMeasurePrice>8.90</UnitOfMeasurePrice>
      <AllowDiscount>1</AllowDiscount>
      <itemStatus>1</itemStatus>
      <LastUpdateDate />
      <LastUpdateTime />
    </Product>
    <Product>
      <PriceUpdateDate>2017/02/14 05:35</PriceUpdateDate>
      <ItemCode>7290100701874</ItemCode>
      <ItemType>1</ItemType>
      <ItemName>קמח כוסמין מלא סוגת (1 קג)</ItemName>
      <ManufactureName>סוגת תעשיות בעמ</ManufactureName>
      <ManufactureCountry />
      <ManufactureItemDescription />
      <UnitQty>יח`</UnitQty>
      <Quantity>1000</Quantity>
      <UnitMeasure>גרם</UnitMeasure>
      <BisWeighted>0</BisWeighted>
      <QtyInPackage>1</QtyInPackage>
      <ItemPrice>16.90</ItemPrice>
      <UnitOfMeasurePrice>1.69</UnitOfMeasurePrice>
      <AllowDiscount>0</AllowDiscount>
      <itemStatus>1</itemStatus>
      <LastUpdateDate />
      <LastUpdateTime />
    </Product>
    <Product>
      <PriceUpdateDate>2015/06/28 14:11</PriceUpdateDate>
      <ItemCode>7290100701881</ItemCode>
      <ItemType>1</ItemType>
      <ItemName>קמח פיצה ופוקצ`ה סוגת 1 קג`</ItemName>
      <ManufactureName>סוגת תעשיות בעמ</ManufactureName>
      <ManufactureCountry />
      <ManufactureItemDescription />
      <UnitQty>יח`</UnitQty>
      <Quantity>1</Quantity>
      <UnitMeasure>ק"ג</UnitMeasure>
      <BisWeighted>0</BisWeighted>
      <QtyInPackage>1</QtyInPackage>
      <ItemPrice>8.90</ItemPrice>
      <UnitOfMeasurePrice>8.90</UnitOfMeasurePrice>
      <AllowDiscount>1</AllowDiscount>
      <itemStatus>1</itemStatus>
      <LastUpdateDate />
      <LastUpdateTime />
    </Product>
    <Product>
      <PriceUpdateDate>2014/04/23 12:03</PriceUpdateDate>
      <ItemCode>7290100702260</ItemCode>
      <ItemType>1</ItemType>
      <ItemName>קוסקוס דק סוגת (350 גרם)</ItemName>
      <ManufactureName>סוגת תעשיות בעמ</ManufactureName>
      <ManufactureCountry />
      <ManufactureItemDescription />
      <UnitQty>יח`</UnitQty>
      <Quantity>350</Quantity>
      <UnitMeasure>גרם</UnitMeasure>
      <BisWeighted>0</BisWeighted>
      <QtyInPackage>1</QtyInPackage>
      <ItemPrice>4.90</ItemPrice>
      <UnitOfMeasurePrice>1.40</UnitOfMeasurePrice>
      <AllowDiscount>1</AllowDiscount>
      <itemStatus>1</itemStatus>
      <LastUpdateDate />
      <LastUpdateTime />
    </Product>
    <Product>
      <PriceUpdateDate>2014/04/23 12:03</PriceUpdateDate>
      <ItemCode>7290100702277</ItemCode>
      <ItemType>1</ItemType>
      <ItemName>קוסקוס עבה סוגת (350 גרם)</ItemName>
      <ManufactureName>סוגת תעשיות בעמ</ManufactureName>
      <ManufactureCountry />
      <ManufactureItemDescription />
      <UnitQty>יח`</UnitQty>
      <Quantity>350</Quantity>
      <UnitMeasure>גרם</UnitMeasure>
      <BisWeighted>0</BisWeighted>
      <QtyInPackage>1</QtyInPackage>
      <ItemPrice>4.90</ItemPrice>
      <UnitOfMeasurePrice>1.40</UnitOfMeasurePrice>
      <AllowDiscount>1</AllowDiscount>
      <itemStatus>1</itemStatus>
      <LastUpdateDate />
      <LastUpdateTime />
    </Product>
    <Product>
      <PriceUpdateDate>2014/04/23 12:03</PriceUpdateDate>
      <ItemCode>7290100702284</ItemCode>
      <ItemType>1</ItemType>
      <ItemName>קוסקוס מלא סוגת (350 גרם)</ItemName>
      <ManufactureName>סוגת תעשיות בעמ</ManufactureName>
      <ManufactureCountry />
      <ManufactureItemDescription />
      <UnitQty>יח`</UnitQty>
      <Quantity>350</Quantity>
      <UnitMeasure>גרם</UnitMeasure>
      <BisWeighted>0</BisWeighted>
      <QtyInPackage>1</QtyInPackage>
      <ItemPrice>4.90</ItemPrice>
      <UnitOfMeasurePrice>1.40</UnitOfMeasurePrice>
      <AllowDiscount>1</AllowDiscount>
      <itemStatus>1</itemStatus>
      <LastUpdateDate />
      <LastUpdateTime />
    </Product>
    <Product>
      <PriceUpdateDate>2015/06/28 14:11</PriceUpdateDate>
      <ItemCode>7290100702383</ItemCode>
      <ItemType>1</ItemType>
      <ItemName>קמח תופח סוגת 1 קג</ItemName>
      <ManufactureName>סוגת תעשיות בעמ</ManufactureName>
      <ManufactureCountry />
      <ManufactureItemDescription />
      <UnitQty>יח`</UnitQty>
      <Quantity>1000</Quantity>
      <UnitMeasure>גרם</UnitMeasure>
      <BisWeighted>0</BisWeighted>
      <QtyInPackage>1</QtyInPackage>
      <ItemPrice>7.90</ItemPrice>
      <UnitOfMeasurePrice>0.79</UnitOfMeasurePrice>
      <AllowDiscount>1</AllowDiscount>
      <itemStatus>1</itemStatus>
      <LastUpdateDate />
      <LastUpdateTime />
    </Product>
    <Product>
      <PriceUpdateDate>2014/06/24 08:13</PriceUpdateDate>
      <ItemCode>7290100702611</ItemCode>
      <ItemType>1</ItemType>
      <ItemName>פתיתים אפויים אורז</ItemName>
      <ManufactureName>סוגת תעשיות בעמ</ManufactureName>
      <ManufactureCountry />
      <ManufactureItemDescription />
      <UnitQty>יח`</UnitQty>
      <Quantity>500</Quantity>
      <UnitMeasure>גרם</UnitMeasure>
      <BisWeighted>0</BisWeighted>
      <QtyInPackage>1</QtyInPackage>
      <ItemPrice>5.90</ItemPrice>
      <UnitOfMeasurePrice>1.18</UnitOfMeasurePrice>
      <AllowDiscount>0</AllowDiscount>
      <itemStatus>1</itemStatus>
      <LastUpdateDate />
      <LastUpdateTime />
    </Product>
    <Product>
      <PriceUpdateDate>2014/06/24 08:13</PriceUpdateDate>
      <ItemCode>7290100702628</ItemCode>
      <ItemType>1</ItemType>
      <ItemName>פתיתים אפויים קוסקוס</ItemName>
      <ManufactureName>סוגת תעשיות בעמ</ManufactureName>
      <ManufactureCountry />
      <ManufactureItemDescription />
      <UnitQty>יח`</UnitQty>
      <Quantity>500</Quantity>
      <UnitMeasure>גרם</UnitMeasure>
      <BisWeighted>0</BisWeighted>
      <QtyInPackage>1</QtyInPackage>
      <ItemPrice>5.90</ItemPrice>
      <UnitOfMeasurePrice>1.18</UnitOfMeasurePrice>
      <AllowDiscount>0</AllowDiscount>
      <itemStatus>1</itemStatus>
      <LastUpdateDate />
      <LastUpdateTime />
    </Product>
    <Product>
      <PriceUpdateDate>2014/10/28 14:23</PriceUpdateDate>
      <ItemCode>7290100702741</ItemCode>
      <ItemType>1</ItemType>
      <ItemName>סוכר חום קלאסי בקופסא סוגת (1 קג)</ItemName>
      <ManufactureName>סוגת תעשיות בעמ</ManufactureName>
      <ManufactureCountry />
      <ManufactureItemDescription />
      <UnitQty>יח`</UnitQty>
      <Quantity>1000</Quantity>
      <UnitMeasure>גרם</UnitMeasure>
      <BisWeighted>0</BisWeighted>
      <QtyInPackage>1</QtyInPackage>
      <ItemPrice>12.90</ItemPrice>
      <UnitOfMeasurePrice>1.29</UnitOfMeasurePrice>
      <AllowDiscount>1</AllowDiscount>
      <itemStatus>1</itemStatus>
      <LastUpdateDate />
      <LastUpdateTime />
    </Product>
    <Product>
      <PriceUpdateDate>2016/02/21 08:24</PriceUpdateDate>
      <ItemCode>7290100702987</ItemCode>
      <ItemType>1</ItemType>
      <ItemName>פתיתי שיבולת שועל סוגת 500 גר`</ItemName>
      <ManufactureName>סוגת תעשיות בעמ</ManufactureName>
      <ManufactureCountry />
      <ManufactureItemDescription />
      <UnitQty>יח`</UnitQty>
      <Quantity>500</Quantity>
      <UnitMeasure>גרם</UnitMeasure>
      <BisWeighted>0</BisWeighted>
      <QtyInPackage>1</QtyInPackage>
      <ItemPrice>4.90</ItemPrice>
      <UnitOfMeasurePrice>0.98</UnitOfMeasurePrice>
      <AllowDiscount>1</AllowDiscount>
      <itemStatus>1</itemStatus>
      <LastUpdateDate />
      <LastUpdateTime />
    </Product>
    <Product>
      <PriceUpdateDate>2016/08/08 08:27</PriceUpdateDate>
      <ItemCode>7290100703007</ItemCode>
      <ItemType>1</ItemType>
      <ItemName>עדשים שחורות בלוגה סוגת (500 גרם)</ItemName>
      <ManufactureName>סוגת תעשיות בעמ</ManufactureName>
      <ManufactureCountry />
      <ManufactureItemDescription />
      <UnitQty>יח`</UnitQty>
      <Quantity>500</Quantity>
      <UnitMeasure>גרם</UnitMeasure>
      <BisWeighted>0</BisWeighted>
      <QtyInPackage>1</QtyInPackage>
      <ItemPrice>8.90</ItemPrice>
      <UnitOfMeasurePrice>1.78</UnitOfMeasurePrice>
      <AllowDiscount>0</AllowDiscount>
      <itemStatus>1</itemStatus>
      <LastUpdateDate />
      <LastUpdateTime />
    </Product>
    <Product>
      <PriceUpdateDate>2017/02/14 05:35</PriceUpdateDate>
      <ItemCode>7290100703533</ItemCode>
      <ItemType>1</ItemType>
      <ItemName>קמח קסם תערובת קמח שמרים סוגת 1 קג</ItemName>
      <ManufactureName>סוגת תעשיות בעמ</ManufactureName>
      <ManufactureCountry />
      <ManufactureItemDescription />
      <UnitQty>יח`</UnitQty>
      <Quantity>1</Quantity>
      <UnitMeasure />
      <BisWeighted>0</BisWeighted>
      <QtyInPackage>1</QtyInPackage>
      <ItemPrice>7.90</ItemPrice>
      <UnitOfMeasurePrice>7.90</UnitOfMeasurePrice>
      <AllowDiscount>0</AllowDiscount>
      <itemStatus>1</itemStatus>
      <LastUpdateDate />
      <LastUpdateTime />
    </Product>
    <Product>
      <PriceUpdateDate>2017/02/14 05:35</PriceUpdateDate>
      <ItemCode>7290100703564</ItemCode>
      <ItemType>1</ItemType>
      <ItemName>שיבולת שועל עבה סוגת 500 גר`</ItemName>
      <ManufactureName>סוגת תעשיות בעמ</ManufactureName>
      <ManufactureCountry />
      <ManufactureItemDescription />
      <UnitQty>יח`</UnitQty>
      <Quantity>500</Quantity>
      <UnitMeasure>גרם</UnitMeasure>
      <BisWeighted>0</BisWeighted>
      <QtyInPackage>1</QtyInPackage>
      <ItemPrice>4.90</ItemPrice>
      <UnitOfMeasurePrice>0.98</UnitOfMeasurePrice>
      <AllowDiscount>1</AllowDiscount>
      <itemStatus>1</itemStatus>
      <LastUpdateDate />
      <LastUpdateTime />
    </Product>
    <Product>
      <PriceUpdateDate>2018/11/14 08:23</PriceUpdateDate>
      <ItemCode>7290100703625</ItemCode>
      <ItemType>1</ItemType>
      <ItemName>קמח לבן ללא ניפוי 1 קג סוגת</ItemName>
      <ManufactureName>סוגת תעשיות בעמ</ManufactureName>
      <ManufactureCountry />
      <ManufactureItemDescription />
      <UnitQty>יח`</UnitQty>
      <Quantity>1000</Quantity>
      <UnitMeasure>גרם</UnitMeasure>
      <BisWeighted>0</BisWeighted>
      <QtyInPackage>1</QtyInPackage>
      <ItemPrice>6.90</ItemPrice>
      <UnitOfMeasurePrice>0.69</UnitOfMeasurePrice>
      <AllowDiscount>1</AllowDiscount>
      <itemStatus>1</itemStatus>
      <LastUpdateDate />
      <LastUpdateTime />
    </Product>
    <Product>
      <PriceUpdateDate>2018/11/07 08:50</PriceUpdateDate>
      <ItemCode>7290100703632</ItemCode>
      <ItemType>1</ItemType>
      <ItemName>קמח מלא ללא ניפוי 1 קג סוגת</ItemName>
      <ManufactureName>סוגת תעשיות בעמ</ManufactureName>
      <ManufactureCountry />
      <ManufactureItemDescription />
      <UnitQty>יח`</UnitQty>
      <Quantity>1000</Quantity>
      <UnitMeasure>גרם</UnitMeasure>
      <BisWeighted>0</BisWeighted>
      <QtyInPackage>1</QtyInPackage>
      <ItemPrice>6.90</ItemPrice>
      <UnitOfMeasurePrice>0.69</UnitOfMeasurePrice>
      <AllowDiscount>1</AllowDiscount>
      <itemStatus>1</itemStatus>
      <LastUpdateDate />
      <LastUpdateTime />
    </Product>
    <Product>
      <PriceUpdateDate>2018/11/07 08:50</PriceUpdateDate>
      <ItemCode>7290100703663</ItemCode>
      <ItemType>1</ItemType>
      <ItemName>קמח תופח ללא ניפוי 1 קג סוגת</ItemName>
      <ManufactureName>סוגת תעשיות בעמ</ManufactureName>
      <ManufactureCountry />
      <ManufactureItemDescription />
      <UnitQty>יח`</UnitQty>
      <Quantity>1000</Quantity>
      <UnitMeasure>גרם</UnitMeasure>
      <BisWeighted>0</BisWeighted>
      <QtyInPackage>1</QtyInPackage>
      <ItemPrice>6.90</ItemPrice>
      <UnitOfMeasurePrice>0.69</UnitOfMeasurePrice>
      <AllowDiscount>1</AllowDiscount>
      <itemStatus>1</itemStatus>
      <LastUpdateDate />
      <LastUpdateTime />
    </Product>
    <Product>
      <PriceUpdateDate>2018/10/10 12:16</PriceUpdateDate>
      <ItemCode>7290100703670</ItemCode>
      <ItemType>1</ItemType>
      <ItemName>קמח כומסין מלא ללא ניפוי 1 קג סוגת</ItemName>
      <ManufactureName>סוגת תעשיות בעמ</ManufactureName>
      <ManufactureCountry />
      <ManufactureItemDescription />
      <UnitQty>יח`</UnitQty>
      <Quantity>1000</Quantity>
      <UnitMeasure>גרם</UnitMeasure>
      <BisWeighted>0</BisWeighted>
      <QtyInPackage>1</QtyInPackage>
      <ItemPrice>12.90</ItemPrice>
      <UnitOfMeasurePrice>1.29</UnitOfMeasurePrice>
      <AllowDiscount>0</AllowDiscount>
      <itemStatus>1</itemStatus>
      <LastUpdateDate />
      <LastUpdateTime />
    </Product>
    <Product>
      <PriceUpdateDate>2018/11/07 08:50</PriceUpdateDate>
      <ItemCode>7290100703687</ItemCode>
      <ItemType>1</ItemType>
      <ItemName>קמח חלה ללא ניפוי 1 קג סוגת</ItemName>
      <ManufactureName>סוגת תעשיות בעמ</ManufactureName>
      <ManufactureCountry />
      <ManufactureItemDescription />
      <UnitQty>יח`</UnitQty>
      <Quantity>1000</Quantity>
      <UnitMeasure>גרם</UnitMeasure>
      <BisWeighted>0</BisWeighted>
      <QtyInPackage>1</QtyInPackage>
      <ItemPrice>6.90</ItemPrice>
      <UnitOfMeasurePrice>0.69</UnitOfMeasurePrice>
      <AllowDiscount>1</AllowDiscount>
      <itemStatus>1</itemStatus>
      <LastUpdateDate />
      <LastUpdateTime />
    </Product>
    <Product>
      <PriceUpdateDate>2017/08/28 08:27</PriceUpdateDate>
      <ItemCode>7290100703861</ItemCode>
      <ItemType>1</ItemType>
      <ItemName>תערובת קסם לחלה סוגת 1 קג</ItemName>
      <ManufactureName>סוגת תעשיות בעמ</ManufactureName>
      <ManufactureCountry />
      <ManufactureItemDescription />
      <UnitQty>יח`</UnitQty>
      <Quantity>1</Quantity>
      <UnitMeasure>ק"ג</UnitMeasure>
      <BisWeighted>0</BisWeighted>
      <QtyInPackage>1</QtyInPackage>
      <ItemPrice>9.90</ItemPrice>
      <UnitOfMeasurePrice>9.90</UnitOfMeasurePrice>
      <AllowDiscount>1</AllowDiscount>
      <itemStatus>1</itemStatus>
      <LastUpdateDate />
      <LastUpdateTime />
    </Product>
    <Product>
      <PriceUpdateDate>2018/04/10 13:57</PriceUpdateDate>
      <ItemCode>7290100703915</ItemCode>
      <ItemType>1</ItemType>
      <ItemName>מארזפופקורן למיקרוגל בטעם חמאה 1+5 במתנה</ItemName>
      <ManufactureName>סוגת תעשיות בעמ</ManufactureName>
      <ManufactureCountry />
      <ManufactureItemDescription />
      <UnitQty>יח`</UnitQty>
      <Quantity>100</Quantity>
      <UnitMeasure>גרם</UnitMeasure>
      <BisWeighted>0</BisWeighted>
      <QtyInPackage>1</QtyInPackage>
      <ItemPrice>12.90</ItemPrice>
      <UnitOfMeasurePrice>12.90</UnitOfMeasurePrice>
      <AllowDiscount>1</AllowDiscount>
      <itemStatus>1</itemStatus>
      <LastUpdateDate />
      <LastUpdateTime />
    </Product>
    <Product>
      <PriceUpdateDate>2018/04/10 13:57</PriceUpdateDate>
      <ItemCode>7290100703922</ItemCode>
      <ItemType>1</ItemType>
      <ItemName>מארזפופקורן למיקרוגל בטעם טבעי 1+5 במתנה</ItemName>
      <ManufactureName>סוגת תעשיות בעמ</ManufactureName>
      <ManufactureCountry />
      <ManufactureItemDescription />
      <UnitQty>יח`</UnitQty>
      <Quantity>100</Quantity>
      <UnitMeasure>גרם</UnitMeasure>
      <BisWeighted>0</BisWeighted>
      <QtyInPackage>1</QtyInPackage>
      <ItemPrice>12.90</ItemPrice>
      <UnitOfMeasurePrice>12.90</UnitOfMeasurePrice>
      <AllowDiscount>1</AllowDiscount>
      <itemStatus>1</itemStatus>
      <LastUpdateDate />
      <LastUpdateTime />
    </Product>
    <Product>
      <PriceUpdateDate>2015/01/12 08:35</PriceUpdateDate>
      <ItemCode>7290100850336</ItemCode>
      <ItemType>1</ItemType>
      <ItemName>פסק זמן מיני עלית (8-10  יח`- 195 גרם)</ItemName>
      <ManufactureName>שטראוס גרופ בעמ</ManufactureName>
      <ManufactureCountry />
      <ManufactureItemDescription />
      <UnitQty>יח`</UnitQty>
      <Quantity>190</Quantity>
      <UnitMeasure>גרם</UnitMeasure>
      <BisWeighted>0</BisWeighted>
      <QtyInPackage>1</QtyInPackage>
      <ItemPrice>13.90</ItemPrice>
      <UnitOfMeasurePrice>7.32</UnitOfMeasurePrice>
      <AllowDiscount>0</AllowDiscount>
      <itemStatus>1</itemStatus>
      <LastUpdateDate />
      <LastUpdateTime />
    </Product>
    <Product>
      <PriceUpdateDate>2015/01/12 08:35</PriceUpdateDate>
      <ItemCode>7290100850411</ItemCode>
      <ItemType>1</ItemType>
      <ItemName>מיקס מעורב 190 גר`</ItemName>
      <ManufactureName>שטראוס גרופ בעמ</ManufactureName>
      <ManufactureCountry />
      <ManufactureItemDescription />
      <UnitQty>יח`</UnitQty>
      <Quantity>190</Quantity>
      <UnitMeasure>גרם</UnitMeasure>
      <BisWeighted>0</BisWeighted>
      <QtyInPackage>1</QtyInPackage>
      <ItemPrice>13.90</ItemPrice>
      <UnitOfMeasurePrice>7.32</UnitOfMeasurePrice>
      <AllowDiscount>0</AllowDiscount>
      <itemStatus>1</itemStatus>
      <LastUpdateDate />
      <LastUpdateTime />
    </Product>
    <Product>
      <PriceUpdateDate>2017/01/04 11:07</PriceUpdateDate>
      <ItemCode>7290100850459</ItemCode>
      <ItemType>1</ItemType>
      <ItemName>מיקס מעורב 390 גר`</ItemName>
      <ManufactureName>שטראוס גרופ בעמ</ManufactureName>
      <ManufactureCountry />
      <ManufactureItemDescription />
      <UnitQty>יח`</UnitQty>
      <Quantity>390</Quantity>
      <UnitMeasure>גרם</UnitMeasure>
      <BisWeighted>0</BisWeighted>
      <QtyInPackage>1</QtyInPackage>
      <ItemPrice>22.90</ItemPrice>
      <UnitOfMeasurePrice>5.87</UnitOfMeasurePrice>
      <AllowDiscount>1</AllowDiscount>
      <itemStatus>1</itemStatus>
      <LastUpdateDate />
      <LastUpdateTime />
    </Product>
    <Product>
      <PriceUpdateDate>2014/05/14 12:49</PriceUpdateDate>
      <ItemCode>7290100850909</ItemCode>
      <ItemType>1</ItemType>
      <ItemName>חטיף תירס נאצ`ו מקסיקני דוריטוס (70 גרם)</ItemName>
      <ManufactureName>שטראוס פריטו ליי בעמ</ManufactureName>
      <ManufactureCountry />
      <ManufactureItemDescription />
      <UnitQty>יח`</UnitQty>
      <Quantity>70</Quantity>
      <UnitMeasure>גרם</UnitMeasure>
      <BisWeighted>0</BisWeighted>
      <QtyInPackage>1</QtyInPackage>
      <ItemPrice>3.90</ItemPrice>
      <UnitOfMeasurePrice>5.57</UnitOfMeasurePrice>
      <AllowDiscount>1</AllowDiscount>
      <itemStatus>1</itemStatus>
      <LastUpdateDate />
      <LastUpdateTime />
    </Product>
    <Product>
      <PriceUpdateDate>2014/05/14 12:49</PriceUpdateDate>
      <ItemCode>7290100850916</ItemCode>
      <ItemType>1</ItemType>
      <ItemName>חטיף תירס חמוץ חריף דוריטוס (70 גרם)</ItemName>
      <ManufactureName>שטראוס פריטו ליי בעמ</ManufactureName>
      <ManufactureCountry />
      <ManufactureItemDescription />
      <UnitQty>יח`</UnitQty>
      <Quantity>70</Quantity>
      <UnitMeasure>גרם</UnitMeasure>
      <BisWeighted>0</BisWeighted>
      <QtyInPackage>1</QtyInPackage>
      <ItemPrice>3.90</ItemPrice>
      <UnitOfMeasurePrice>5.57</UnitOfMeasurePrice>
      <AllowDiscount>1</AllowDiscount>
      <itemStatus>1</itemStatus>
      <LastUpdateDate />
      <LastUpdateTime />
    </Product>
    <Product>
      <PriceUpdateDate>2014/05/14 12:49</PriceUpdateDate>
      <ItemCode>7290100850923</ItemCode>
      <ItemType>1</ItemType>
      <ItemName>חטיף תירס גריל דוריטוס (70 גרם)</ItemName>
      <ManufactureName>שטראוס פריטו ליי בעמ</ManufactureName>
      <ManufactureCountry />
      <ManufactureItemDescription />
      <UnitQty>יח`</UnitQty>
      <Quantity>70</Quantity>
      <UnitMeasure>גרם</UnitMeasure>
      <BisWeighted>0</BisWeighted>
      <QtyInPackage>1</QtyInPackage>
      <ItemPrice>3.90</ItemPrice>
      <UnitOfMeasurePrice>5.57</UnitOfMeasurePrice>
      <AllowDiscount>1</AllowDiscount>
      <itemStatus>1</itemStatus>
      <LastUpdateDate />
      <LastUpdateTime />
    </Product>
    <Product>
      <PriceUpdateDate>2014/05/14 12:49</PriceUpdateDate>
      <ItemCode>7290100850930</ItemCode>
      <ItemType>1</ItemType>
      <ItemName>חטיף תירס בטעם טבעי דוריטוס (70 גרם)</ItemName>
      <ManufactureName>שטראוס פריטו ליי בעמ</ManufactureName>
      <ManufactureCountry />
      <ManufactureItemDescription />
      <UnitQty>יח`</UnitQty>
      <Quantity>70</Quantity>
      <UnitMeasure>גרם</UnitMeasure>
      <BisWeighted>0</BisWeighted>
      <QtyInPackage>1</QtyInPackage>
      <ItemPrice>3.90</ItemPrice>
      <UnitOfMeasurePrice>5.57</UnitOfMeasurePrice>
      <AllowDiscount>1</AllowDiscount>
      <itemStatus>1</itemStatus>
      <LastUpdateDate />
      <LastUpdateTime />
    </Product>
    <Product>
      <PriceUpdateDate>2015/12/02 11:10</PriceUpdateDate>
      <ItemCode>7290100853689</ItemCode>
      <ItemType>1</ItemType>
      <ItemName>בראוניס שוקולד עשירה עלית (380 גרם)</ItemName>
      <ManufactureName>שטראוס גרופ בעמ</ManufactureName>
      <ManufactureCountry />
      <ManufactureItemDescription />
      <UnitQty>יח`</UnitQty>
      <Quantity>380</Quantity>
      <UnitMeasure>גרם</UnitMeasure>
      <BisWeighted>0</BisWeighted>
      <QtyInPackage>1</QtyInPackage>
      <ItemPrice>16.90</ItemPrice>
      <UnitOfMeasurePrice>4.45</UnitOfMeasurePrice>
      <AllowDiscount>0</AllowDiscount>
      <itemStatus>1</itemStatus>
      <LastUpdateDate />
      <LastUpdateTime />
    </Product>
    <Product>
      <PriceUpdateDate>2015/12/01 09:24</PriceUpdateDate>
      <ItemCode>7290100854266</ItemCode>
      <ItemType>1</ItemType>
      <ItemName>שוקולד פרה מריר 60% קקאו עלית (100 גרם)</ItemName>
      <ManufactureName>שטראוס גרופ בעמ</ManufactureName>
      <ManufactureCountry />
      <ManufactureItemDescription />
      <UnitQty>יח`</UnitQty>
      <Quantity>100</Quantity>
      <UnitMeasure>גרם</UnitMeasure>
      <BisWeighted>0</BisWeighted>
      <QtyInPackage>1</QtyInPackage>
      <ItemPrice>8.90</ItemPrice>
      <UnitOfMeasurePrice>8.90</UnitOfMeasurePrice>
      <AllowDiscount>0</AllowDiscount>
      <itemStatus>1</itemStatus>
      <LastUpdateDate />
      <LastUpdateTime />
    </Product>
    <Product>
      <PriceUpdateDate>2016/03/03 08:16</PriceUpdateDate>
      <ItemCode>7290100858608</ItemCode>
      <ItemType>1</ItemType>
      <ItemName>אבקת קקאו עלית (500 גרם)</ItemName>
      <ManufactureName>שטראוס גרופ בעמ</ManufactureName>
      <ManufactureCountry />
      <ManufactureItemDescription />
      <UnitQty>יח`</UnitQty>
      <Quantity>500</Quantity>
      <UnitMeasure>גרם</UnitMeasure>
      <BisWeighted>0</BisWeighted>
      <QtyInPackage>1</QtyInPackage>
      <ItemPrice>23.90</ItemPrice>
      <UnitOfMeasurePrice>4.78</UnitOfMeasurePrice>
      <AllowDiscount>0</AllowDiscount>
      <itemStatus>1</itemStatus>
      <LastUpdateDate />
      <LastUpdateTime />
    </Product>
    <Product>
      <PriceUpdateDate>2015/12/02 11:10</PriceUpdateDate>
      <ItemCode>7290100859162</ItemCode>
      <ItemType>1</ItemType>
      <ItemName>מאגדת זוג פרה 60%</ItemName>
      <ManufactureName>שטראוס גרופ בעמ</ManufactureName>
      <ManufactureCountry />
      <ManufactureItemDescription />
      <UnitQty>יח`</UnitQty>
      <Quantity>200</Quantity>
      <UnitMeasure>גרם</UnitMeasure>
      <BisWeighted>0</BisWeighted>
      <QtyInPackage>1</QtyInPackage>
      <ItemPrice>14.90</ItemPrice>
      <UnitOfMeasurePrice>7.45</UnitOfMeasurePrice>
      <AllowDiscount>1</AllowDiscount>
      <itemStatus>1</itemStatus>
      <LastUpdateDate />
      <LastUpdateTime />
    </Product>
    <Product>
      <PriceUpdateDate>2017/03/30 08:34</PriceUpdateDate>
      <ItemCode>7290100921401</ItemCode>
      <ItemType>1</ItemType>
      <ItemName>שמפו קרטין מחזק הוואי (700 מל)</ItemName>
      <ManufactureName>הנקל סוד בעמ</ManufactureName>
      <ManufactureCountry />
      <ManufactureItemDescription />
      <UnitQty>יח`</UnitQty>
      <Quantity>700</Quantity>
      <UnitMeasure>מ"ל</UnitMeasure>
      <BisWeighted>0</BisWeighted>
      <QtyInPackage>1</QtyInPackage>
      <ItemPrice>8.90</ItemPrice>
      <UnitOfMeasurePrice>1.27</UnitOfMeasurePrice>
      <AllowDiscount>0</AllowDiscount>
      <itemStatus>1</itemStatus>
      <LastUpdateDate />
      <LastUpdateTime />
    </Product>
    <Product>
      <PriceUpdateDate>2017/03/30 08:34</PriceUpdateDate>
      <ItemCode>7290100921418</ItemCode>
      <ItemType>1</ItemType>
      <ItemName>מרכך מועשר בקרטין הוואי (700 מל)</ItemName>
      <ManufactureName>הנקל סוד בעמ</ManufactureName>
      <ManufactureCountry />
      <ManufactureItemDescription />
      <UnitQty>יח`</UnitQty>
      <Quantity>700</Quantity>
      <UnitMeasure>מ"ל</UnitMeasure>
      <BisWeighted>0</BisWeighted>
      <QtyInPackage>1</QtyInPackage>
      <ItemPrice>8.90</ItemPrice>
      <UnitOfMeasurePrice>1.27</UnitOfMeasurePrice>
      <AllowDiscount>0</AllowDiscount>
      <itemStatus>1</itemStatus>
      <LastUpdateDate />
      <LastUpdateTime />
    </Product>
    <Product>
      <PriceUpdateDate>2016/02/08 11:11</PriceUpdateDate>
      <ItemCode>7290100921593</ItemCode>
      <ItemType>1</ItemType>
      <ItemName>סוד כדוריות נתלה לאסלה לימון</ItemName>
      <ManufactureName>גורי שיווק בעמ</ManufactureName>
      <ManufactureCountry />
      <ManufactureItemDescription />
      <UnitQty>יח`</UnitQty>
      <Quantity>1</Quantity>
      <UnitMeasure />
      <BisWeighted>0</BisWeighted>
      <QtyInPackage>1</QtyInPackage>
      <ItemPrice>8.90</ItemPrice>
      <UnitOfMeasurePrice>8.90</UnitOfMeasurePrice>
      <AllowDiscount>0</AllowDiscount>
      <itemStatus>1</itemStatus>
      <LastUpdateDate />
      <LastUpdateTime />
    </Product>
    <Product>
      <PriceUpdateDate>2016/02/08 11:11</PriceUpdateDate>
      <ItemCode>7290100921609</ItemCode>
      <ItemType>1</ItemType>
      <ItemName>סוד כדוריות נתלה לאסלה אוקינוס</ItemName>
      <ManufactureName>גורי שיווק בעמ</ManufactureName>
      <ManufactureCountry />
      <ManufactureItemDescription />
      <UnitQty>יח`</UnitQty>
      <Quantity>1</Quantity>
      <UnitMeasure />
      <BisWeighted>0</BisWeighted>
      <QtyInPackage>1</QtyInPackage>
      <ItemPrice>8.90</ItemPrice>
      <UnitOfMeasurePrice>8.90</UnitOfMeasurePrice>
      <AllowDiscount>0</AllowDiscount>
      <itemStatus>1</itemStatus>
      <LastUpdateDate />
      <LastUpdateTime />
    </Product>
    <Product>
      <PriceUpdateDate>2016/02/08 11:11</PriceUpdateDate>
      <ItemCode>7290100921623</ItemCode>
      <ItemType>1</ItemType>
      <ItemName>סוד כדוריות נתלה לאסלה אקונומיקה</ItemName>
      <ManufactureName>גורי שיווק בעמ</ManufactureName>
      <ManufactureCountry />
      <ManufactureItemDescription />
      <UnitQty>יח`</UnitQty>
      <Quantity>1</Quantity>
      <UnitMeasure />
      <BisWeighted>0</BisWeighted>
      <QtyInPackage>1</QtyInPackage>
      <ItemPrice>8.90</ItemPrice>
      <UnitOfMeasurePrice>8.90</UnitOfMeasurePrice>
      <AllowDiscount>0</AllowDiscount>
      <itemStatus>1</itemStatus>
      <LastUpdateDate />
      <LastUpdateTime />
    </Product>
    <Product>
      <PriceUpdateDate>2017/12/13 09:53</PriceUpdateDate>
      <ItemCode>7290100922651</ItemCode>
      <ItemType>1</ItemType>
      <ItemName>הוואי סבון מוצק מי קוקוס 100  גר`רביעייה</ItemName>
      <ManufactureName>הנקל סוד בעמ</ManufactureName>
      <ManufactureCountry />
      <ManufactureItemDescription />
      <UnitQty>יח`</UnitQty>
      <Quantity>400</Quantity>
      <UnitMeasure>גרם</UnitMeasure>
      <BisWeighted>0</BisWeighted>
      <QtyInPackage>1</QtyInPackage>
      <ItemPrice>11.90</ItemPrice>
      <UnitOfMeasurePrice>2.98</UnitOfMeasurePrice>
      <AllowDiscount>0</AllowDiscount>
      <itemStatus>1</itemStatus>
      <LastUpdateDate />
      <LastUpdateTime />
    </Product>
    <Product>
      <PriceUpdateDate>2018/01/23 15:37</PriceUpdateDate>
      <ItemCode>7290100922699</ItemCode>
      <ItemType>1</ItemType>
      <ItemName>אל סבון לילדים בניחוח קסום 750 מל הוואי</ItemName>
      <ManufactureName>הנקל סוד בעמ</ManufactureName>
      <ManufactureCountry />
      <ManufactureItemDescription />
      <UnitQty>יח`</UnitQty>
      <Quantity>750</Quantity>
      <UnitMeasure>מ"ל</UnitMeasure>
      <BisWeighted>0</BisWeighted>
      <QtyInPackage>1</QtyInPackage>
      <ItemPrice>9.90</ItemPrice>
      <UnitOfMeasurePrice>1.32</UnitOfMeasurePrice>
      <AllowDiscount>1</AllowDiscount>
      <itemStatus>1</itemStatus>
      <LastUpdateDate />
      <LastUpdateTime />
    </Product>
    <Product>
      <PriceUpdateDate>2016/07/07 08:46</PriceUpdateDate>
      <ItemCode>7290100924631</ItemCode>
      <ItemType>1</ItemType>
      <ItemName>מרכך כביסה מרוכז בייבי סוד (900 מל)</ItemName>
      <ManufactureName>גורי שיווק בעמ</ManufactureName>
      <ManufactureCountry />
      <ManufactureItemDescription />
      <UnitQty>יח`</UnitQty>
      <Quantity>900</Quantity>
      <UnitMeasure>מ"ל</UnitMeasure>
      <BisWeighted>0</BisWeighted>
      <QtyInPackage>1</QtyInPackage>
      <ItemPrice>12.90</ItemPrice>
      <UnitOfMeasurePrice>1.43</UnitOfMeasurePrice>
      <AllowDiscount>1</AllowDiscount>
      <itemStatus>1</itemStatus>
      <LastUpdateDate />
      <LastUpdateTime />
    </Product>
    <Product>
      <PriceUpdateDate>2016/02/08 11:11</PriceUpdateDate>
      <ItemCode>7290100924693</ItemCode>
      <ItemType>1</ItemType>
      <ItemName>סוד סבון מוצק כחול אקטיבי אקונומיקה</ItemName>
      <ManufactureName>גורי שיווק בעמ</ManufactureName>
      <ManufactureCountry />
      <ManufactureItemDescription />
      <UnitQty>יח`</UnitQty>
      <Quantity>1</Quantity>
      <UnitMeasure />
      <BisWeighted>0</BisWeighted>
      <QtyInPackage>1</QtyInPackage>
      <ItemPrice>8.90</ItemPrice>
      <UnitOfMeasurePrice>8.90</UnitOfMeasurePrice>
      <AllowDiscount>0</AllowDiscount>
      <itemStatus>1</itemStatus>
      <LastUpdateDate />
      <LastUpdateTime />
    </Product>
    <Product>
      <PriceUpdateDate>2016/07/25 07:59</PriceUpdateDate>
      <ItemCode>7290100925676</ItemCode>
      <ItemType>1</ItemType>
      <ItemName>דפים למניעת העברת צבע קולור קאצ`ר (20)</ItemName>
      <ManufactureName>גורי שיווק בעמ</ManufactureName>
      <ManufactureCountry />
      <ManufactureItemDescription />
      <UnitQty>יח`</UnitQty>
      <Quantity>1</Quantity>
      <UnitMeasure />
      <BisWeighted>0</BisWeighted>
      <QtyInPackage>1</QtyInPackage>
      <ItemPrice>22.90</ItemPrice>
      <UnitOfMeasurePrice>22.90</UnitOfMeasurePrice>
      <AllowDiscount>0</AllowDiscount>
      <itemStatus>1</itemStatus>
      <LastUpdateDate />
      <LastUpdateTime />
    </Product>
    <Product>
      <PriceUpdateDate>2016/08/10 08:44</PriceUpdateDate>
      <ItemCode>7290100925751</ItemCode>
      <ItemType>1</ItemType>
      <ItemName>נוזל כלים תפוח סוד (650 מל)</ItemName>
      <ManufactureName>גורי שיווק בעמ</ManufactureName>
      <ManufactureCountry />
      <ManufactureItemDescription />
      <UnitQty>יח`</UnitQty>
      <Quantity>650</Quantity>
      <UnitMeasure>מ"ל</UnitMeasure>
      <BisWeighted>0</BisWeighted>
      <QtyInPackage>1</QtyInPackage>
      <ItemPrice>6.90</ItemPrice>
      <UnitOfMeasurePrice>1.06</UnitOfMeasurePrice>
      <AllowDiscount>0</AllowDiscount>
      <itemStatus>1</itemStatus>
      <LastUpdateDate />
      <LastUpdateTime />
    </Product>
    <Product>
      <PriceUpdateDate>2016/08/10 08:44</PriceUpdateDate>
      <ItemCode>7290100925768</ItemCode>
      <ItemType>1</ItemType>
      <ItemName>נוזל כלים פירות סוד (650 מל)</ItemName>
      <ManufactureName>גורי שיווק בעמ</ManufactureName>
      <ManufactureCountry />
      <ManufactureItemDescription />
      <UnitQty>יח`</UnitQty>
      <Quantity>650</Quantity>
      <UnitMeasure>מ"ל</UnitMeasure>
      <BisWeighted>0</BisWeighted>
      <QtyInPackage>1</QtyInPackage>
      <ItemPrice>6.90</ItemPrice>
      <UnitOfMeasurePrice>1.06</UnitOfMeasurePrice>
      <AllowDiscount>0</AllowDiscount>
      <itemStatus>1</itemStatus>
      <LastUpdateDate />
      <LastUpdateTime />
    </Product>
    <Product>
      <PriceUpdateDate>2016/08/10 08:44</PriceUpdateDate>
      <ItemCode>7290100925775</ItemCode>
      <ItemType>1</ItemType>
      <ItemName>נוזל כלים רימון ותאנים סוד (650 מל)</ItemName>
      <ManufactureName>גורי שיווק בעמ</ManufactureName>
      <ManufactureCountry />
      <ManufactureItemDescription />
      <UnitQty>יח`</UnitQty>
      <Quantity>650</Quantity>
      <UnitMeasure>מ"ל</UnitMeasure>
      <BisWeighted>0</BisWeighted>
      <QtyInPackage>1</QtyInPackage>
      <ItemPrice>6.90</ItemPrice>
      <UnitOfMeasurePrice>1.06</UnitOfMeasurePrice>
      <AllowDiscount>0</AllowDiscount>
      <itemStatus>1</itemStatus>
      <LastUpdateDate />
      <LastUpdateTime />
    </Product>
    <Product>
      <PriceUpdateDate>2017/06/05 11:40</PriceUpdateDate>
      <ItemCode>7290100926598</ItemCode>
      <ItemType>1</ItemType>
      <ItemName>אבקת כביסה פרסיל 5 קג`</ItemName>
      <ManufactureName>גורי שיווק בעמ</ManufactureName>
      <ManufactureCountry />
      <ManufactureItemDescription />
      <UnitQty>יח`</UnitQty>
      <Quantity>5000</Quantity>
      <UnitMeasure>גרם</UnitMeasure>
      <BisWeighted>0</BisWeighted>
      <QtyInPackage>1</QtyInPackage>
      <ItemPrice>42.90</ItemPrice>
      <UnitOfMeasurePrice>0.86</UnitOfMeasurePrice>
      <AllowDiscount>0</AllowDiscount>
      <itemStatus>1</itemStatus>
      <LastUpdateDate />
      <LastUpdateTime />
    </Product>
    <Product>
      <PriceUpdateDate>2020/02/25 06:40</PriceUpdateDate>
      <ItemCode>7290101110149</ItemCode>
      <ItemType>1</ItemType>
      <ItemName>בליסימו גלידה 1.3 ליטר וניל עם פליק</ItemName>
      <ManufactureName>פלקו בעמ</ManufactureName>
      <ManufactureCountry />
      <ManufactureItemDescription />
      <UnitQty>יח`</UnitQty>
      <Quantity>1</Quantity>
      <UnitMeasure />
      <BisWeighted>0</BisWeighted>
      <QtyInPackage>1</QtyInPackage>
      <ItemPrice>17.90</ItemPrice>
      <UnitOfMeasurePrice>17.90</UnitOfMeasurePrice>
      <AllowDiscount>0</AllowDiscount>
      <itemStatus>1</itemStatus>
      <LastUpdateDate />
      <LastUpdateTime />
    </Product>
    <Product>
      <PriceUpdateDate>2020/02/25 06:40</PriceUpdateDate>
      <ItemCode>7290101110279</ItemCode>
      <ItemType>1</ItemType>
      <ItemName>בליסימו שוקולד 1.3 ליטר פאג`ג פקאן</ItemName>
      <ManufactureName>פלקו בעמ</ManufactureName>
      <ManufactureCountry />
      <ManufactureItemDescription />
      <UnitQty>יח`</UnitQty>
      <Quantity>1.30</Quantity>
      <UnitMeasure>1 ליטר</UnitMeasure>
      <BisWeighted>0</BisWeighted>
      <QtyInPackage>1</QtyInPackage>
      <ItemPrice>17.90</ItemPrice>
      <UnitOfMeasurePrice>13.77</UnitOfMeasurePrice>
      <AllowDiscount>0</AllowDiscount>
      <itemStatus>1</itemStatus>
      <LastUpdateDate />
      <LastUpdateTime />
    </Product>
    <Product>
      <PriceUpdateDate>2020/02/25 06:40</PriceUpdateDate>
      <ItemCode>7290101110460</ItemCode>
      <ItemType>1</ItemType>
      <ItemName>בליסימו 1.3 וניל צרפתי</ItemName>
      <ManufactureName>פלקו בעמ</ManufactureName>
      <ManufactureCountry />
      <ManufactureItemDescription />
      <UnitQty>יח`</UnitQty>
      <Quantity>1</Quantity>
      <UnitMeasure />
      <BisWeighted>0</BisWeighted>
      <QtyInPackage>1</QtyInPackage>
      <ItemPrice>17.90</ItemPrice>
      <UnitOfMeasurePrice>17.90</UnitOfMeasurePrice>
      <AllowDiscount>0</AllowDiscount>
      <itemStatus>1</itemStatus>
      <LastUpdateDate />
      <LastUpdateTime />
    </Product>
    <Product>
      <PriceUpdateDate>2020/02/25 06:40</PriceUpdateDate>
      <ItemCode>7290101111085</ItemCode>
      <ItemType>1</ItemType>
      <ItemName>בליסימו שוקולד 1.3 ליטר מריר נוגט</ItemName>
      <ManufactureName>פלקו בעמ</ManufactureName>
      <ManufactureCountry />
      <ManufactureItemDescription />
      <UnitQty>יח`</UnitQty>
      <Quantity>1.30</Quantity>
      <UnitMeasure>1 ליטר</UnitMeasure>
      <BisWeighted>0</BisWeighted>
      <QtyInPackage>1</QtyInPackage>
      <ItemPrice>17.90</ItemPrice>
      <UnitOfMeasurePrice>13.77</UnitOfMeasurePrice>
      <AllowDiscount>0</AllowDiscount>
      <itemStatus>1</itemStatus>
      <LastUpdateDate />
      <LastUpdateTime />
    </Product>
    <Product>
      <PriceUpdateDate>2016/08/18 08:35</PriceUpdateDate>
      <ItemCode>7290101112228</ItemCode>
      <ItemType>1</ItemType>
      <ItemName>מאגדת גלידה פרי שמיניה אננס 8יח</ItemName>
      <ManufactureName>פלקו בעמ</ManufactureName>
      <ManufactureCountry />
      <ManufactureItemDescription />
      <UnitQty>יח`</UnitQty>
      <Quantity>800</Quantity>
      <UnitMeasure>גרם</UnitMeasure>
      <BisWeighted>0</BisWeighted>
      <QtyInPackage>1</QtyInPackage>
      <ItemPrice>22</ItemPrice>
      <UnitOfMeasurePrice>2.75</UnitOfMeasurePrice>
      <AllowDiscount>0</AllowDiscount>
      <itemStatus>1</itemStatus>
      <LastUpdateDate />
      <LastUpdateTime />
    </Product>
    <Product>
      <PriceUpdateDate>2016/08/18 08:35</PriceUpdateDate>
      <ItemCode>7290101112518</ItemCode>
      <ItemType>1</ItemType>
      <ItemName>מאגדת אייס קפה 6יח פלדמן</ItemName>
      <ManufactureName>פלקו בעמ</ManufactureName>
      <ManufactureCountry />
      <ManufactureItemDescription />
      <UnitQty>יח`</UnitQty>
      <Quantity>1</Quantity>
      <UnitMeasure />
      <BisWeighted>0</BisWeighted>
      <QtyInPackage>1</QtyInPackage>
      <ItemPrice>24.90</ItemPrice>
      <UnitOfMeasurePrice>24.90</UnitOfMeasurePrice>
      <AllowDiscount>0</AllowDiscount>
      <itemStatus>1</itemStatus>
      <LastUpdateDate />
      <LastUpdateTime />
    </Product>
    <Product>
      <PriceUpdateDate>2020/02/25 06:40</PriceUpdateDate>
      <ItemCode>7290101112600</ItemCode>
      <ItemType>1</ItemType>
      <ItemName>בליסימו מילקשייק וניל מוקה 1.3</ItemName>
      <ManufactureName>פלקו בעמ</ManufactureName>
      <ManufactureCountry />
      <ManufactureItemDescription />
      <UnitQty>יח`</UnitQty>
      <Quantity>1.30</Quantity>
      <UnitMeasure>1 ליטר</UnitMeasure>
      <BisWeighted>0</BisWeighted>
      <QtyInPackage>1</QtyInPackage>
      <ItemPrice>17.90</ItemPrice>
      <UnitOfMeasurePrice>13.77</UnitOfMeasurePrice>
      <AllowDiscount>0</AllowDiscount>
      <itemStatus>1</itemStatus>
      <LastUpdateDate />
      <LastUpdateTime />
    </Product>
    <Product>
      <PriceUpdateDate>2019/05/02 16:30</PriceUpdateDate>
      <ItemCode>7290101410508</ItemCode>
      <ItemType>1</ItemType>
      <ItemName>מזלג למנגל לונג</ItemName>
      <ManufactureName>אוהב ציון בעמ (מבצעים)</ManufactureName>
      <ManufactureCountry />
      <ManufactureItemDescription />
      <UnitQty>יח`</UnitQty>
      <Quantity>1</Quantity>
      <UnitMeasure>יח`</UnitMeasure>
      <BisWeighted>0</BisWeighted>
      <QtyInPackage>1</QtyInPackage>
      <ItemPrice>9.90</ItemPrice>
      <UnitOfMeasurePrice>9.90</UnitOfMeasurePrice>
      <AllowDiscount>0</AllowDiscount>
      <itemStatus>1</itemStatus>
      <LastUpdateDate />
      <LastUpdateTime />
    </Product>
    <Product>
      <PriceUpdateDate>2014/04/11 08:26</PriceUpdateDate>
      <ItemCode>7290101410539</ItemCode>
      <ItemType>1</ItemType>
      <ItemName>מברשת למנגל.</ItemName>
      <ManufactureName>אוהב ציון בעמ (מבצעים)</ManufactureName>
      <ManufactureCountry />
      <ManufactureItemDescription />
      <UnitQty>יח`</UnitQty>
      <Quantity>1</Quantity>
      <UnitMeasure>יח`</UnitMeasure>
      <BisWeighted>0</BisWeighted>
      <QtyInPackage>1</QtyInPackage>
      <ItemPrice>14.90</ItemPrice>
      <UnitOfMeasurePrice>14.90</UnitOfMeasurePrice>
      <AllowDiscount>0</AllowDiscount>
      <itemStatus>1</itemStatus>
      <LastUpdateDate />
      <LastUpdateTime />
    </Product>
    <Product>
      <PriceUpdateDate>2019/05/02 16:28</PriceUpdateDate>
      <ItemCode>7290101412946</ItemCode>
      <ItemType>1</ItemType>
      <ItemName>מנגל נירוסטה גדול על רגל</ItemName>
      <ManufactureName>אוהב ציון בעמ (מבצעים)</ManufactureName>
      <ManufactureCountry />
      <ManufactureItemDescription />
      <UnitQty>יח`</UnitQty>
      <Quantity>1</Quantity>
      <UnitMeasure />
      <BisWeighted>0</BisWeighted>
      <QtyInPackage>1</QtyInPackage>
      <ItemPrice>79.90</ItemPrice>
      <UnitOfMeasurePrice>79.90</UnitOfMeasurePrice>
      <AllowDiscount>0</AllowDiscount>
      <itemStatus>1</itemStatus>
      <LastUpdateDate />
      <LastUpdateTime />
    </Product>
    <Product>
      <PriceUpdateDate>2017/08/09 14:20</PriceUpdateDate>
      <ItemCode>7290101455264</ItemCode>
      <ItemType>1</ItemType>
      <ItemName>בקבוק שתייה דגם  שקוף-700  מל-מפרץ ההרפ</ItemName>
      <ManufactureName>שמחה זה אנחנו בעמ</ManufactureName>
      <ManufactureCountry />
      <ManufactureItemDescription />
      <UnitQty>יח`</UnitQty>
      <Quantity>1</Quantity>
      <UnitMeasure />
      <BisWeighted>0</BisWeighted>
      <QtyInPackage>1</QtyInPackage>
      <ItemPrice>24.90</ItemPrice>
      <UnitOfMeasurePrice>24.90</UnitOfMeasurePrice>
      <AllowDiscount>0</AllowDiscount>
      <itemStatus>1</itemStatus>
      <LastUpdateDate />
      <LastUpdateTime />
    </Product>
    <Product>
      <PriceUpdateDate>2015/12/28 11:39</PriceUpdateDate>
      <ItemCode>7290101488323</ItemCode>
      <ItemType>1</ItemType>
      <ItemName>ליידי ספיד סטיק ללא סימן ירוק חדש</ItemName>
      <ManufactureName>ש.שסטוביץ בעמ</ManufactureName>
      <ManufactureCountry />
      <ManufactureItemDescription />
      <UnitQty>יח`</UnitQty>
      <Quantity>65</Quantity>
      <UnitMeasure>מ"ל</UnitMeasure>
      <BisWeighted>0</BisWeighted>
      <QtyInPackage>1</QtyInPackage>
      <ItemPrice>16.90</ItemPrice>
      <UnitOfMeasurePrice>26</UnitOfMeasurePrice>
      <AllowDiscount>0</AllowDiscount>
      <itemStatus>1</itemStatus>
      <LastUpdateDate />
      <LastUpdateTime />
    </Product>
    <Product>
      <PriceUpdateDate>2019/01/20 12:03</PriceUpdateDate>
      <ItemCode>7290101551027</ItemCode>
      <ItemType>1</ItemType>
      <ItemName>קפסולות 14 למכונות נספרו עלית (10)</ItemName>
      <ManufactureName>שטראוס גרופ בעמ</ManufactureName>
      <ManufactureCountry />
      <ManufactureItemDescription />
      <UnitQty>יח`</UnitQty>
      <Quantity>50</Quantity>
      <UnitMeasure>גרם</UnitMeasure>
      <BisWeighted>0</BisWeighted>
      <QtyInPackage>1</QtyInPackage>
      <ItemPrice>16.90</ItemPrice>
      <UnitOfMeasurePrice>33.80</UnitOfMeasurePrice>
      <AllowDiscount>1</AllowDiscount>
      <itemStatus>1</itemStatus>
      <LastUpdateDate />
      <LastUpdateTime />
    </Product>
    <Product>
      <PriceUpdateDate>2018/10/04 19:12</PriceUpdateDate>
      <ItemCode>7290101551263</ItemCode>
      <ItemType>1</ItemType>
      <ItemName>סילאן טבעי 700 גר` יד מרדכי</ItemName>
      <ManufactureName>שטראוס גרופ בעמ</ManufactureName>
      <ManufactureCountry />
      <ManufactureItemDescription />
      <UnitQty>יח`</UnitQty>
      <Quantity>700</Quantity>
      <UnitMeasure>גרם</UnitMeasure>
      <BisWeighted>0</BisWeighted>
      <QtyInPackage>1</QtyInPackage>
      <ItemPrice>21.90</ItemPrice>
      <UnitOfMeasurePrice>3.13</UnitOfMeasurePrice>
      <AllowDiscount>0</AllowDiscount>
      <itemStatus>1</itemStatus>
      <LastUpdateDate />
      <LastUpdateTime />
    </Product>
    <Product>
      <PriceUpdateDate>2018/10/04 19:12</PriceUpdateDate>
      <ItemCode>7290101551300</ItemCode>
      <ItemType>1</ItemType>
      <ItemName>סילאן טבעי לחיץ 380  גר`יד מרדכי</ItemName>
      <ManufactureName>שטראוס גרופ בעמ</ManufactureName>
      <ManufactureCountry />
      <ManufactureItemDescription />
      <UnitQty>יח`</UnitQty>
      <Quantity>380</Quantity>
      <UnitMeasure>גרם</UnitMeasure>
      <BisWeighted>0</BisWeighted>
      <QtyInPackage>1</QtyInPackage>
      <ItemPrice>14.90</ItemPrice>
      <UnitOfMeasurePrice>3.92</UnitOfMeasurePrice>
      <AllowDiscount>0</AllowDiscount>
      <itemStatus>1</itemStatus>
      <LastUpdateDate />
      <LastUpdateTime />
    </Product>
    <Product>
      <PriceUpdateDate>2018/10/10 08:48</PriceUpdateDate>
      <ItemCode>7290101551539</ItemCode>
      <ItemType>1</ItemType>
      <ItemName>דנונה פרו 20 גר` אפרסק</ItemName>
      <ManufactureName>שטראוס גרופ בעמ/מצונן</ManufactureName>
      <ManufactureCountry />
      <ManufactureItemDescription />
      <UnitQty>יח`</UnitQty>
      <Quantity>200</Quantity>
      <UnitMeasure>גרם</UnitMeasure>
      <BisWeighted>0</BisWeighted>
      <QtyInPackage>1</QtyInPackage>
      <ItemPrice>5.90</ItemPrice>
      <UnitOfMeasurePrice>2.95</UnitOfMeasurePrice>
      <AllowDiscount>0</AllowDiscount>
      <itemStatus>1</itemStatus>
      <LastUpdateDate />
      <LastUpdateTime />
    </Product>
    <Product>
      <PriceUpdateDate>2018/10/14 12:55</PriceUpdateDate>
      <ItemCode>7290101551584</ItemCode>
      <ItemType>1</ItemType>
      <ItemName>חטיף צ`יפס קידס תפוצ`יפס (10*20)</ItemName>
      <ManufactureName>שטראוס פריטו ליי בעמ</ManufactureName>
      <ManufactureCountry />
      <ManufactureItemDescription />
      <UnitQty>יח`</UnitQty>
      <Quantity>200</Quantity>
      <UnitMeasure>גרם</UnitMeasure>
      <BisWeighted>0</BisWeighted>
      <QtyInPackage>1</QtyInPackage>
      <ItemPrice>12.90</ItemPrice>
      <UnitOfMeasurePrice>6.45</UnitOfMeasurePrice>
      <AllowDiscount>0</AllowDiscount>
      <itemStatus>1</itemStatus>
      <LastUpdateDate />
      <LastUpdateTime />
    </Product>
    <Product>
      <PriceUpdateDate>2018/10/14 12:55</PriceUpdateDate>
      <ItemCode>7290101551607</ItemCode>
      <ItemType>1</ItemType>
      <ItemName>שוש אפוי חטיף בוטנים עלית (25X10)</ItemName>
      <ManufactureName>שטראוס פריטו ליי בעמ</ManufactureName>
      <ManufactureCountry />
      <ManufactureItemDescription />
      <UnitQty>יח`</UnitQty>
      <Quantity>250</Quantity>
      <UnitMeasure>גרם</UnitMeasure>
      <BisWeighted>0</BisWeighted>
      <QtyInPackage>1</QtyInPackage>
      <ItemPrice>12.90</ItemPrice>
      <UnitOfMeasurePrice>5.16</UnitOfMeasurePrice>
      <AllowDiscount>0</AllowDiscount>
      <itemStatus>1</itemStatus>
      <LastUpdateDate />
      <LastUpdateTime />
    </Product>
    <Product>
      <PriceUpdateDate>2018/10/14 12:55</PriceUpdateDate>
      <ItemCode>7290101551614</ItemCode>
      <ItemType>1</ItemType>
      <ItemName>מארז צ`יטוס קראנצ` גבינה</ItemName>
      <ManufactureName>שטראוס פריטו ליי בעמ</ManufactureName>
      <ManufactureCountry />
      <ManufactureItemDescription />
      <UnitQty>יח`</UnitQty>
      <Quantity>240</Quantity>
      <UnitMeasure>גרם</UnitMeasure>
      <BisWeighted>0</BisWeighted>
      <QtyInPackage>1</QtyInPackage>
      <ItemPrice>13.90</ItemPrice>
      <UnitOfMeasurePrice>5.79</UnitOfMeasurePrice>
      <AllowDiscount>0</AllowDiscount>
      <itemStatus>1</itemStatus>
      <LastUpdateDate />
      <LastUpdateTime />
    </Product>
    <Product>
      <PriceUpdateDate>2018/10/04 19:12</PriceUpdateDate>
      <ItemCode>7290101551621</ItemCode>
      <ItemType>1</ItemType>
      <ItemName>מארז ציטוס דולפינים עשרייה עלית</ItemName>
      <ManufactureName>שטראוס פריטו ליי בעמ</ManufactureName>
      <ManufactureCountry />
      <ManufactureItemDescription />
      <UnitQty>יח`</UnitQty>
      <Quantity>200</Quantity>
      <UnitMeasure>גרם</UnitMeasure>
      <BisWeighted>0</BisWeighted>
      <QtyInPackage>1</QtyInPackage>
      <ItemPrice>12.90</ItemPrice>
      <UnitOfMeasurePrice>6.45</UnitOfMeasurePrice>
      <AllowDiscount>0</AllowDiscount>
      <itemStatus>1</itemStatus>
      <LastUpdateDate />
      <LastUpdateTime />
    </Product>
    <Product>
      <PriceUpdateDate>2018/10/14 12:55</PriceUpdateDate>
      <ItemCode>7290101551645</ItemCode>
      <ItemType>1</ItemType>
      <ItemName>מארז צ`יטוס איקס עיגול</ItemName>
      <ManufactureName>שטראוס פריטו ליי בעמ</ManufactureName>
      <ManufactureCountry />
      <ManufactureItemDescription />
      <UnitQty>יח`</UnitQty>
      <Quantity>200</Quantity>
      <UnitMeasure>גרם</UnitMeasure>
      <BisWeighted>0</BisWeighted>
      <QtyInPackage>1</QtyInPackage>
      <ItemPrice>12.90</ItemPrice>
      <UnitOfMeasurePrice>6.45</UnitOfMeasurePrice>
      <AllowDiscount>0</AllowDiscount>
      <itemStatus>1</itemStatus>
      <LastUpdateDate />
      <LastUpdateTime />
    </Product>
    <Product>
      <PriceUpdateDate>2018/12/19 10:35</PriceUpdateDate>
      <ItemCode>7290101557609</ItemCode>
      <ItemType>1</ItemType>
      <ItemName>דניאלה מעדן בטעם מנגו שטראוס (88 גרם)</ItemName>
      <ManufactureName>שטראוס גרופ בעמ/מצונן</ManufactureName>
      <ManufactureCountry />
      <ManufactureItemDescription />
      <UnitQty>יח`</UnitQty>
      <Quantity>88</Quantity>
      <UnitMeasure>מ"ל</UnitMeasure>
      <BisWeighted>0</BisWeighted>
      <QtyInPackage>1</QtyInPackage>
      <ItemPrice>4</ItemPrice>
      <UnitOfMeasurePrice>4.55</UnitOfMeasurePrice>
      <AllowDiscount>0</AllowDiscount>
      <itemStatus>1</itemStatus>
      <LastUpdateDate />
      <LastUpdateTime />
    </Product>
    <Product>
      <PriceUpdateDate>2020/02/02 13:13</PriceUpdateDate>
      <ItemCode>7290101860914</ItemCode>
      <ItemType>1</ItemType>
      <ItemName>קולון 101 אבקת כביסה 6 קג</ItemName>
      <ManufactureName>רקיט בנקיזר (ניר איסט) בעמ</ManufactureName>
      <ManufactureCountry />
      <ManufactureItemDescription />
      <UnitQty>יח`</UnitQty>
      <Quantity>6</Quantity>
      <UnitMeasure>ק"ג</UnitMeasure>
      <BisWeighted>0</BisWeighted>
      <QtyInPackage>1</QtyInPackage>
      <ItemPrice>34.90</ItemPrice>
      <UnitOfMeasurePrice>5.82</UnitOfMeasurePrice>
      <AllowDiscount>0</AllowDiscount>
      <itemStatus>1</itemStatus>
      <LastUpdateDate />
      <LastUpdateTime />
    </Product>
    <Product>
      <PriceUpdateDate>2020/03/01 15:02</PriceUpdateDate>
      <ItemCode>7290101863410</ItemCode>
      <ItemType>1</ItemType>
      <ItemName>סיליט באנג אקונומיקה 750 מל</ItemName>
      <ManufactureName>רקיט בנקיזר (ניר איסט) בעמ</ManufactureName>
      <ManufactureCountry />
      <ManufactureItemDescription />
      <UnitQty>יח`</UnitQty>
      <Quantity>750</Quantity>
      <UnitMeasure>מ"ל</UnitMeasure>
      <BisWeighted>0</BisWeighted>
      <QtyInPackage>1</QtyInPackage>
      <ItemPrice>9.90</ItemPrice>
      <UnitOfMeasurePrice>1.32</UnitOfMeasurePrice>
      <AllowDiscount>0</AllowDiscount>
      <itemStatus>1</itemStatus>
      <LastUpdateDate />
      <LastUpdateTime />
    </Product>
    <Product>
      <PriceUpdateDate>2019/02/03 12:24</PriceUpdateDate>
      <ItemCode>7290101864127</ItemCode>
      <ItemType>1</ItemType>
      <ItemName>ספריי להסרת כתמים וניש קליה (750 מל)</ItemName>
      <ManufactureName>רקיט בנקיזר (ניר איסט) בעמ</ManufactureName>
      <ManufactureCountry />
      <ManufactureItemDescription />
      <UnitQty>יח`</UnitQty>
      <Quantity>750</Quantity>
      <UnitMeasure>מ"ל</UnitMeasure>
      <BisWeighted>0</BisWeighted>
      <QtyInPackage>1</QtyInPackage>
      <ItemPrice>18.90</ItemPrice>
      <UnitOfMeasurePrice>2.52</UnitOfMeasurePrice>
      <AllowDiscount>1</AllowDiscount>
      <itemStatus>1</itemStatus>
      <LastUpdateDate />
      <LastUpdateTime />
    </Product>
    <Product>
      <PriceUpdateDate>2017/06/05 11:40</PriceUpdateDate>
      <ItemCode>7290101866633</ItemCode>
      <ItemType>1</ItemType>
      <ItemName>ג`ל להסרת כתמים וניש קליה (3 ליטר)</ItemName>
      <ManufactureName>רקיט בנקיזר (ניר איסט) בעמ</ManufactureName>
      <ManufactureCountry />
      <ManufactureItemDescription />
      <UnitQty>יח`</UnitQty>
      <Quantity>3</Quantity>
      <UnitMeasure>1 ליטר</UnitMeasure>
      <BisWeighted>0</BisWeighted>
      <QtyInPackage>1</QtyInPackage>
      <ItemPrice>39.90</ItemPrice>
      <UnitOfMeasurePrice>13.30</UnitOfMeasurePrice>
      <AllowDiscount>1</AllowDiscount>
      <itemStatus>1</itemStatus>
      <LastUpdateDate />
      <LastUpdateTime />
    </Product>
    <Product>
      <PriceUpdateDate>2017/06/05 11:40</PriceUpdateDate>
      <ItemCode>7290101866787</ItemCode>
      <ItemType>1</ItemType>
      <ItemName>קליה ג`ל 3 ליטר</ItemName>
      <ManufactureName>רקיט בנקיזר (ניר איסט) בעמ</ManufactureName>
      <ManufactureCountry />
      <ManufactureItemDescription />
      <UnitQty>יח`</UnitQty>
      <Quantity>3000</Quantity>
      <UnitMeasure>מ"ל</UnitMeasure>
      <BisWeighted>0</BisWeighted>
      <QtyInPackage>1</QtyInPackage>
      <ItemPrice>39.90</ItemPrice>
      <UnitOfMeasurePrice>1.33</UnitOfMeasurePrice>
      <AllowDiscount>1</AllowDiscount>
      <itemStatus>1</itemStatus>
      <LastUpdateDate />
      <LastUpdateTime />
    </Product>
    <Product>
      <PriceUpdateDate>2019/11/24 11:23</PriceUpdateDate>
      <ItemCode>7290101868460</ItemCode>
      <ItemType>1</ItemType>
      <ItemName>קולון 8 קג`</ItemName>
      <ManufactureName>רקיט בנקיזר (ניר איסט) בעמ</ManufactureName>
      <ManufactureCountry />
      <ManufactureItemDescription />
      <UnitQty>יח`</UnitQty>
      <Quantity>8</Quantity>
      <UnitMeasure>ק"ג</UnitMeasure>
      <BisWeighted>0</BisWeighted>
      <QtyInPackage>1</QtyInPackage>
      <ItemPrice>42.90</ItemPrice>
      <UnitOfMeasurePrice>5.36</UnitOfMeasurePrice>
      <AllowDiscount>0</AllowDiscount>
      <itemStatus>1</itemStatus>
      <LastUpdateDate />
      <LastUpdateTime />
    </Product>
    <Product>
      <PriceUpdateDate>2017/06/05 11:40</PriceUpdateDate>
      <ItemCode>7290101868958</ItemCode>
      <ItemType>1</ItemType>
      <ItemName>פיניש נוזל הברקה 800 מל לימון</ItemName>
      <ManufactureName>רקיט בנקיזר (ניר איסט) בעמ</ManufactureName>
      <ManufactureCountry />
      <ManufactureItemDescription />
      <UnitQty>יח`</UnitQty>
      <Quantity>800</Quantity>
      <UnitMeasure>מ"ל</UnitMeasure>
      <BisWeighted>0</BisWeighted>
      <QtyInPackage>1</QtyInPackage>
      <ItemPrice>30.90</ItemPrice>
      <UnitOfMeasurePrice>3.86</UnitOfMeasurePrice>
      <AllowDiscount>1</AllowDiscount>
      <itemStatus>1</itemStatus>
      <LastUpdateDate />
      <LastUpdateTime />
    </Product>
    <Product>
      <PriceUpdateDate>2017/06/05 11:40</PriceUpdateDate>
      <ItemCode>7290101869740</ItemCode>
      <ItemType>1</ItemType>
      <ItemName>מבשם אויר אוטומטי חטאים מתוקים</ItemName>
      <ManufactureName>רקיט בנקיזר (ניר איסט) בעמ</ManufactureName>
      <ManufactureCountry />
      <ManufactureItemDescription />
      <UnitQty>יח`</UnitQty>
      <Quantity>1</Quantity>
      <UnitMeasure />
      <BisWeighted>0</BisWeighted>
      <QtyInPackage>1</QtyInPackage>
      <ItemPrice>54.90</ItemPrice>
      <UnitOfMeasurePrice>54.90</UnitOfMeasurePrice>
      <AllowDiscount>1</AllowDiscount>
      <itemStatus>1</itemStatus>
      <LastUpdateDate />
      <LastUpdateTime />
    </Product>
    <Product>
      <PriceUpdateDate>2017/06/05 11:40</PriceUpdateDate>
      <ItemCode>7290101869757</ItemCode>
      <ItemType>1</ItemType>
      <ItemName>מבשם אויר אוטומטי חלום אואזיס</ItemName>
      <ManufactureName>רקיט בנקיזר (ניר איסט) בעמ</ManufactureName>
      <ManufactureCountry />
      <ManufactureItemDescription />
      <UnitQty>יח`</UnitQty>
      <Quantity>1</Quantity>
      <UnitMeasure />
      <BisWeighted>0</BisWeighted>
      <QtyInPackage>1</QtyInPackage>
      <ItemPrice>54.90</ItemPrice>
      <UnitOfMeasurePrice>54.90</UnitOfMeasurePrice>
      <AllowDiscount>1</AllowDiscount>
      <itemStatus>1</itemStatus>
      <LastUpdateDate />
      <LastUpdateTime />
    </Product>
    <Product>
      <PriceUpdateDate>2017/06/05 11:40</PriceUpdateDate>
      <ItemCode>7290101869764</ItemCode>
      <ItemType>1</ItemType>
      <ItemName>מבשם אויר אוטומטי חלום ליל קיץ</ItemName>
      <ManufactureName>רקיט בנקיזר (ניר איסט) בעמ</ManufactureName>
      <ManufactureCountry />
      <ManufactureItemDescription />
      <UnitQty>יח`</UnitQty>
      <Quantity>1</Quantity>
      <UnitMeasure />
      <BisWeighted>0</BisWeighted>
      <QtyInPackage>1</QtyInPackage>
      <ItemPrice>54.90</ItemPrice>
      <UnitOfMeasurePrice>54.90</UnitOfMeasurePrice>
      <AllowDiscount>1</AllowDiscount>
      <itemStatus>1</itemStatus>
      <LastUpdateDate />
      <LastUpdateTime />
    </Product>
    <Product>
      <PriceUpdateDate>2017/05/03 12:42</PriceUpdateDate>
      <ItemCode>7290101869771</ItemCode>
      <ItemType>1</ItemType>
      <ItemName>מילוי מבשם אויר אוטומטי חטאים מתוקים</ItemName>
      <ManufactureName>רקיט בנקיזר (ניר איסט) בעמ</ManufactureName>
      <ManufactureCountry />
      <ManufactureItemDescription />
      <UnitQty>יח`</UnitQty>
      <Quantity>250</Quantity>
      <UnitMeasure>מ"ל</UnitMeasure>
      <BisWeighted>0</BisWeighted>
      <QtyInPackage>1</QtyInPackage>
      <ItemPrice>26.90</ItemPrice>
      <UnitOfMeasurePrice>10.76</UnitOfMeasurePrice>
      <AllowDiscount>1</AllowDiscount>
      <itemStatus>1</itemStatus>
      <LastUpdateDate />
      <LastUpdateTime />
    </Product>
    <Product>
      <PriceUpdateDate>2017/05/03 12:42</PriceUpdateDate>
      <ItemCode>7290101869788</ItemCode>
      <ItemType>1</ItemType>
      <ItemName>מילוי מבשם אויר אוטומטי אואזיס</ItemName>
      <ManufactureName>רקיט בנקיזר (ניר איסט) בעמ</ManufactureName>
      <ManufactureCountry />
      <ManufactureItemDescription />
      <UnitQty>יח`</UnitQty>
      <Quantity>250</Quantity>
      <UnitMeasure>מ"ל</UnitMeasure>
      <BisWeighted>0</BisWeighted>
      <QtyInPackage>1</QtyInPackage>
      <ItemPrice>26.90</ItemPrice>
      <UnitOfMeasurePrice>10.76</UnitOfMeasurePrice>
      <AllowDiscount>1</AllowDiscount>
      <itemStatus>1</itemStatus>
      <LastUpdateDate />
      <LastUpdateTime />
    </Product>
    <Product>
      <PriceUpdateDate>2017/05/03 12:42</PriceUpdateDate>
      <ItemCode>7290101869795</ItemCode>
      <ItemType>1</ItemType>
      <ItemName>מילוי מבשם אויר אוטומטי חלום ליל קיץ</ItemName>
      <ManufactureName>רקיט בנקיזר (ניר איסט) בעמ</ManufactureName>
      <ManufactureCountry />
      <ManufactureItemDescription />
      <UnitQty>יח`</UnitQty>
      <Quantity>250</Quantity>
      <UnitMeasure>מ"ל</UnitMeasure>
      <BisWeighted>0</BisWeighted>
      <QtyInPackage>1</QtyInPackage>
      <ItemPrice>26.90</ItemPrice>
      <UnitOfMeasurePrice>10.76</UnitOfMeasurePrice>
      <AllowDiscount>1</AllowDiscount>
      <itemStatus>1</itemStatus>
      <LastUpdateDate />
      <LastUpdateTime />
    </Product>
    <Product>
      <PriceUpdateDate>2015/05/19 08:38</PriceUpdateDate>
      <ItemCode>7290101869818</ItemCode>
      <ItemType>1</ItemType>
      <ItemName>מבשם אוויר חשמלי מכשיר חלום ליל קיץ</ItemName>
      <ManufactureName>רקיט בנקיזר (ניר איסט) בעמ</ManufactureName>
      <ManufactureCountry />
      <ManufactureItemDescription />
      <UnitQty>יח`</UnitQty>
      <Quantity>1</Quantity>
      <UnitMeasure />
      <BisWeighted>0</BisWeighted>
      <QtyInPackage>1</QtyInPackage>
      <ItemPrice>29.90</ItemPrice>
      <UnitOfMeasurePrice>29.90</UnitOfMeasurePrice>
      <AllowDiscount>1</AllowDiscount>
      <itemStatus>1</itemStatus>
      <LastUpdateDate />
      <LastUpdateTime />
    </Product>
    <Product>
      <PriceUpdateDate>2017/05/03 12:42</PriceUpdateDate>
      <ItemCode>7290101869825</ItemCode>
      <ItemType>1</ItemType>
      <ItemName>מילוי מבשם אויר חשמלי אואזיס</ItemName>
      <ManufactureName>רקיט בנקיזר (ניר איסט) בעמ</ManufactureName>
      <ManufactureCountry />
      <ManufactureItemDescription />
      <UnitQty>יח`</UnitQty>
      <Quantity>1</Quantity>
      <UnitMeasure />
      <BisWeighted>0</BisWeighted>
      <QtyInPackage>1</QtyInPackage>
      <ItemPrice>26.90</ItemPrice>
      <UnitOfMeasurePrice>26.90</UnitOfMeasurePrice>
      <AllowDiscount>1</AllowDiscount>
      <itemStatus>1</itemStatus>
      <LastUpdateDate />
      <LastUpdateTime />
    </Product>
    <Product>
      <PriceUpdateDate>2017/05/03 12:42</PriceUpdateDate>
      <ItemCode>7290101869849</ItemCode>
      <ItemType>1</ItemType>
      <ItemName>מילוי מבשם אויר חשמלי חטאים מתוקים</ItemName>
      <ManufactureName>רקיט בנקיזר (ניר איסט) בעמ</ManufactureName>
      <ManufactureCountry />
      <ManufactureItemDescription />
      <UnitQty>יח`</UnitQty>
      <Quantity>1</Quantity>
      <UnitMeasure />
      <BisWeighted>0</BisWeighted>
      <QtyInPackage>1</QtyInPackage>
      <ItemPrice>26.90</ItemPrice>
      <UnitOfMeasurePrice>26.90</UnitOfMeasurePrice>
      <AllowDiscount>1</AllowDiscount>
      <itemStatus>1</itemStatus>
      <LastUpdateDate />
      <LastUpdateTime />
    </Product>
    <Product>
      <PriceUpdateDate>2019/10/23 09:41</PriceUpdateDate>
      <ItemCode>7290101869955</ItemCode>
      <ItemType>1</ItemType>
      <ItemName>מקלות ריחניים חטאים מתוקים איירוויק</ItemName>
      <ManufactureName>רקיט בנקיזר (ניר איסט) בעמ</ManufactureName>
      <ManufactureCountry />
      <ManufactureItemDescription />
      <UnitQty>יח`</UnitQty>
      <Quantity>1</Quantity>
      <UnitMeasure />
      <BisWeighted>0</BisWeighted>
      <QtyInPackage>1</QtyInPackage>
      <ItemPrice>25.90</ItemPrice>
      <UnitOfMeasurePrice>25.90</UnitOfMeasurePrice>
      <AllowDiscount>1</AllowDiscount>
      <itemStatus>1</itemStatus>
      <LastUpdateDate />
      <LastUpdateTime />
    </Product>
    <Product>
      <PriceUpdateDate>2017/05/03 12:42</PriceUpdateDate>
      <ItemCode>7290101869962</ItemCode>
      <ItemType>1</ItemType>
      <ItemName>מקלות ריחניים חלום ליל קיץ איירוויק</ItemName>
      <ManufactureName>רקיט בנקיזר (ניר איסט) בעמ</ManufactureName>
      <ManufactureCountry />
      <ManufactureItemDescription />
      <UnitQty>יח`</UnitQty>
      <Quantity>1</Quantity>
      <UnitMeasure />
      <BisWeighted>0</BisWeighted>
      <QtyInPackage>1</QtyInPackage>
      <ItemPrice>24.90</ItemPrice>
      <UnitOfMeasurePrice>24.90</UnitOfMeasurePrice>
      <AllowDiscount>1</AllowDiscount>
      <itemStatus>1</itemStatus>
      <LastUpdateDate />
      <LastUpdateTime />
    </Product>
    <Product>
      <PriceUpdateDate>2015/12/01 15:14</PriceUpdateDate>
      <ItemCode>7290101981787</ItemCode>
      <ItemType>1</ItemType>
      <ItemName>צלחת פולי מבחר מותגים שמחה זה אנחנו</ItemName>
      <ManufactureName>שמחה זה אנחנו בעמ</ManufactureName>
      <ManufactureCountry />
      <ManufactureItemDescription />
      <UnitQty>יח`</UnitQty>
      <Quantity>1</Quantity>
      <UnitMeasure />
      <BisWeighted>0</BisWeighted>
      <QtyInPackage>1</QtyInPackage>
      <ItemPrice>9.90</ItemPrice>
      <UnitOfMeasurePrice>9.90</UnitOfMeasurePrice>
      <AllowDiscount>0</AllowDiscount>
      <itemStatus>1</itemStatus>
      <LastUpdateDate />
      <LastUpdateTime />
    </Product>
    <Product>
      <PriceUpdateDate>2015/01/25 08:09</PriceUpdateDate>
      <ItemCode>7290102003815</ItemCode>
      <ItemType>1</ItemType>
      <ItemName>נרות ג`מבו  מאויירים- הלו קיטי</ItemName>
      <ManufactureName>שמחה זה אנחנו בעמ</ManufactureName>
      <ManufactureCountry />
      <ManufactureItemDescription />
      <UnitQty>יח`</UnitQty>
      <Quantity>1</Quantity>
      <UnitMeasure />
      <BisWeighted>0</BisWeighted>
      <QtyInPackage>1</QtyInPackage>
      <ItemPrice>6.90</ItemPrice>
      <UnitOfMeasurePrice>6.90</UnitOfMeasurePrice>
      <AllowDiscount>0</AllowDiscount>
      <itemStatus>1</itemStatus>
      <LastUpdateDate />
      <LastUpdateTime />
    </Product>
    <Product>
      <PriceUpdateDate>2015/12/03 14:29</PriceUpdateDate>
      <ItemCode>7290102006441</ItemCode>
      <ItemType>1</ItemType>
      <ItemName>זר יום הולדת לראש עם פרחים-לבן</ItemName>
      <ManufactureName>שמחה זה אנחנו בעמ</ManufactureName>
      <ManufactureCountry />
      <ManufactureItemDescription />
      <UnitQty>יח`</UnitQty>
      <Quantity>1</Quantity>
      <UnitMeasure />
      <BisWeighted>0</BisWeighted>
      <QtyInPackage>1</QtyInPackage>
      <ItemPrice>10.90</ItemPrice>
      <UnitOfMeasurePrice>10.90</UnitOfMeasurePrice>
      <AllowDiscount>0</AllowDiscount>
      <itemStatus>1</itemStatus>
      <LastUpdateDate />
      <LastUpdateTime />
    </Product>
    <Product>
      <PriceUpdateDate>2013/12/18 08:39</PriceUpdateDate>
      <ItemCode>7290102030330</ItemCode>
      <ItemType>1</ItemType>
      <ItemName>תפוצ`יפס 200 גר` קראנץ` מקסיקני</ItemName>
      <ManufactureName>שטראוס פריטו ליי בעמ</ManufactureName>
      <ManufactureCountry />
      <ManufactureItemDescription />
      <UnitQty>יח`</UnitQty>
      <Quantity>200</Quantity>
      <UnitMeasure>גרם</UnitMeasure>
      <BisWeighted>0</BisWeighted>
      <QtyInPackage>1</QtyInPackage>
      <ItemPrice>10.90</ItemPrice>
      <UnitOfMeasurePrice>5.45</UnitOfMeasurePrice>
      <AllowDiscount>1</AllowDiscount>
      <itemStatus>1</itemStatus>
      <LastUpdateDate />
      <LastUpdateTime />
    </Product>
    <Product>
      <PriceUpdateDate>2019/09/04 09:41</PriceUpdateDate>
      <ItemCode>7290102031276</ItemCode>
      <ItemType>1</ItemType>
      <ItemName>שמיניית אקטימל תות בננה</ItemName>
      <ManufactureName>שטראוס גרופ בעמ/מצונן</ManufactureName>
      <ManufactureCountry />
      <ManufactureItemDescription />
      <UnitQty>יח`</UnitQty>
      <Quantity>800</Quantity>
      <UnitMeasure>מ"ל</UnitMeasure>
      <BisWeighted>0</BisWeighted>
      <QtyInPackage>1</QtyInPackage>
      <ItemPrice>19.90</ItemPrice>
      <UnitOfMeasurePrice>2.49</UnitOfMeasurePrice>
      <AllowDiscount>0</AllowDiscount>
      <itemStatus>1</itemStatus>
      <LastUpdateDate />
      <LastUpdateTime />
    </Product>
    <Product>
      <PriceUpdateDate>2019/09/08 12:35</PriceUpdateDate>
      <ItemCode>7290102032334</ItemCode>
      <ItemType>1</ItemType>
      <ItemName>קפה נמס וניל עלית (200 גרם)</ItemName>
      <ManufactureName>שטראוס גרופ בעמ</ManufactureName>
      <ManufactureCountry />
      <ManufactureItemDescription />
      <UnitQty>יח`</UnitQty>
      <Quantity>200</Quantity>
      <UnitMeasure>גרם</UnitMeasure>
      <BisWeighted>0</BisWeighted>
      <QtyInPackage>1</QtyInPackage>
      <ItemPrice>19.90</ItemPrice>
      <UnitOfMeasurePrice>9.95</UnitOfMeasurePrice>
      <AllowDiscount>0</AllowDiscount>
      <itemStatus>1</itemStatus>
      <LastUpdateDate />
      <LastUpdateTime />
    </Product>
    <Product>
      <PriceUpdateDate>2014/04/27 10:52</PriceUpdateDate>
      <ItemCode>7290102035007</ItemCode>
      <ItemType>1</ItemType>
      <ItemName>מסטיק ללא סוכר קלאסי בזוקה (28 גרם)</ItemName>
      <ManufactureName>שטראוס גרופ בעמ</ManufactureName>
      <ManufactureCountry />
      <ManufactureItemDescription />
      <UnitQty>יח`</UnitQty>
      <Quantity>28</Quantity>
      <UnitMeasure>גרם</UnitMeasure>
      <BisWeighted>0</BisWeighted>
      <QtyInPackage>1</QtyInPackage>
      <ItemPrice>4.90</ItemPrice>
      <UnitOfMeasurePrice>17.50</UnitOfMeasurePrice>
      <AllowDiscount>0</AllowDiscount>
      <itemStatus>1</itemStatus>
      <LastUpdateDate />
      <LastUpdateTime />
    </Product>
    <Product>
      <PriceUpdateDate>2019/11/13 15:45</PriceUpdateDate>
      <ItemCode>7290102302888</ItemCode>
      <ItemType>1</ItemType>
      <ItemName>גבינה גאודה כמון 200 גר`</ItemName>
      <ManufactureName>נטו מלינדה סחר בעמ</ManufactureName>
      <ManufactureCountry />
      <ManufactureItemDescription />
      <UnitQty>יח`</UnitQty>
      <Quantity>200</Quantity>
      <UnitMeasure>גרם</UnitMeasure>
      <BisWeighted>0</BisWeighted>
      <QtyInPackage>1</QtyInPackage>
      <ItemPrice>29.90</ItemPrice>
      <UnitOfMeasurePrice>14.95</UnitOfMeasurePrice>
      <AllowDiscount>1</AllowDiscount>
      <itemStatus>1</itemStatus>
      <LastUpdateDate />
      <LastUpdateTime />
    </Product>
    <Product>
      <PriceUpdateDate>2014/01/01 16:40</PriceUpdateDate>
      <ItemCode>7290102390427</ItemCode>
      <ItemType>1</ItemType>
      <ItemName>יוגורט ביו פרופ 3% תות מולר (150 גרם)</ItemName>
      <ManufactureName>החב` המרכזית - טרה</ManufactureName>
      <ManufactureCountry />
      <ManufactureItemDescription />
      <UnitQty>יח`</UnitQty>
      <Quantity>150</Quantity>
      <UnitMeasure>מ"ל</UnitMeasure>
      <BisWeighted>0</BisWeighted>
      <QtyInPackage>1</QtyInPackage>
      <ItemPrice>5</ItemPrice>
      <UnitOfMeasurePrice>3.33</UnitOfMeasurePrice>
      <AllowDiscount>0</AllowDiscount>
      <itemStatus>1</itemStatus>
      <LastUpdateDate />
      <LastUpdateTime />
    </Product>
    <Product>
      <PriceUpdateDate>2014/01/01 16:40</PriceUpdateDate>
      <ItemCode>7290102390465</ItemCode>
      <ItemType>1</ItemType>
      <ItemName>מולר מעדן אפרסק 150 מל</ItemName>
      <ManufactureName>החב` המרכזית - טרה</ManufactureName>
      <ManufactureCountry />
      <ManufactureItemDescription />
      <UnitQty>יח`</UnitQty>
      <Quantity>150</Quantity>
      <UnitMeasure>מ"ל</UnitMeasure>
      <BisWeighted>0</BisWeighted>
      <QtyInPackage>1</QtyInPackage>
      <ItemPrice>5</ItemPrice>
      <UnitOfMeasurePrice>3.33</UnitOfMeasurePrice>
      <AllowDiscount>0</AllowDiscount>
      <itemStatus>1</itemStatus>
      <LastUpdateDate />
      <LastUpdateTime />
    </Product>
    <Product>
      <PriceUpdateDate>2014/01/01 16:40</PriceUpdateDate>
      <ItemCode>7290102391844</ItemCode>
      <ItemType>1</ItemType>
      <ItemName>מולר יוגורט פרי פרופ יער 150 מל</ItemName>
      <ManufactureName>החב` המרכזית - טרה</ManufactureName>
      <ManufactureCountry />
      <ManufactureItemDescription />
      <UnitQty>יח`</UnitQty>
      <Quantity>150</Quantity>
      <UnitMeasure>מ"ל</UnitMeasure>
      <BisWeighted>0</BisWeighted>
      <QtyInPackage>1</QtyInPackage>
      <ItemPrice>5</ItemPrice>
      <UnitOfMeasurePrice>3.33</UnitOfMeasurePrice>
      <AllowDiscount>0</AllowDiscount>
      <itemStatus>1</itemStatus>
      <LastUpdateDate />
      <LastUpdateTime />
    </Product>
    <Product>
      <PriceUpdateDate>2014/10/28 11:42</PriceUpdateDate>
      <ItemCode>7290102392094</ItemCode>
      <ItemType>1</ItemType>
      <ItemName>חלב עיזים מלא 4.1% משק צוריאל (1 ליטר)</ItemName>
      <ManufactureName>החב` המרכזית - טרה</ManufactureName>
      <ManufactureCountry />
      <ManufactureItemDescription />
      <UnitQty>יח`</UnitQty>
      <Quantity>1</Quantity>
      <UnitMeasure>1 ליטר</UnitMeasure>
      <BisWeighted>0</BisWeighted>
      <QtyInPackage>1</QtyInPackage>
      <ItemPrice>16.50</ItemPrice>
      <UnitOfMeasurePrice>16.50</UnitOfMeasurePrice>
      <AllowDiscount>0</AllowDiscount>
      <itemStatus>1</itemStatus>
      <LastUpdateDate />
      <LastUpdateTime />
    </Product>
    <Product>
      <PriceUpdateDate>2019/06/17 12:24</PriceUpdateDate>
      <ItemCode>7290102392254</ItemCode>
      <ItemType>1</ItemType>
      <ItemName>חלב 1% בקרטון טרה (2 ליטר)</ItemName>
      <ManufactureName>החב` המרכזית - טרה</ManufactureName>
      <ManufactureCountry />
      <ManufactureItemDescription />
      <UnitQty>יח`</UnitQty>
      <Quantity>2</Quantity>
      <UnitMeasure>1 ליטר</UnitMeasure>
      <BisWeighted>0</BisWeighted>
      <QtyInPackage>1</QtyInPackage>
      <ItemPrice>11.18</ItemPrice>
      <UnitOfMeasurePrice>5.59</UnitOfMeasurePrice>
      <AllowDiscount>0</AllowDiscount>
      <itemStatus>1</itemStatus>
      <LastUpdateDate />
      <LastUpdateTime />
    </Product>
    <Product>
      <PriceUpdateDate>2014/01/01 16:40</PriceUpdateDate>
      <ItemCode>7290102393039</ItemCode>
      <ItemType>1</ItemType>
      <ItemName>מולר מיקס יוגורט קרמי</ItemName>
      <ManufactureName>החב` המרכזית - טרה</ManufactureName>
      <ManufactureCountry />
      <ManufactureItemDescription />
      <UnitQty>יח`</UnitQty>
      <Quantity>170</Quantity>
      <UnitMeasure>גרם</UnitMeasure>
      <BisWeighted>0</BisWeighted>
      <QtyInPackage>1</QtyInPackage>
      <ItemPrice>5.90</ItemPrice>
      <UnitOfMeasurePrice>3.47</UnitOfMeasurePrice>
      <AllowDiscount>0</AllowDiscount>
      <itemStatus>1</itemStatus>
      <LastUpdateDate />
      <LastUpdateTime />
    </Product>
    <Product>
      <PriceUpdateDate>2014/01/01 16:40</PriceUpdateDate>
      <ItemCode>7290102393060</ItemCode>
      <ItemType>1</ItemType>
      <ItemName>מולר מיקס יוגורט קרמי</ItemName>
      <ManufactureName>החב` המרכזית - טרה</ManufactureName>
      <ManufactureCountry />
      <ManufactureItemDescription />
      <UnitQty>יח`</UnitQty>
      <Quantity>170</Quantity>
      <UnitMeasure>מ"ל</UnitMeasure>
      <BisWeighted>0</BisWeighted>
      <QtyInPackage>1</QtyInPackage>
      <ItemPrice>5.90</ItemPrice>
      <UnitOfMeasurePrice>3.47</UnitOfMeasurePrice>
      <AllowDiscount>0</AllowDiscount>
      <itemStatus>1</itemStatus>
      <LastUpdateDate />
      <LastUpdateTime />
    </Product>
    <Product>
      <PriceUpdateDate>2018/10/10 11:10</PriceUpdateDate>
      <ItemCode>7290102393169</ItemCode>
      <ItemType>1</ItemType>
      <ItemName>מולר סימפלי פרויט תות שדה</ItemName>
      <ManufactureName>החב` המרכזית - טרה</ManufactureName>
      <ManufactureCountry />
      <ManufactureItemDescription />
      <UnitQty>יח`</UnitQty>
      <Quantity>150</Quantity>
      <UnitMeasure>גרם</UnitMeasure>
      <BisWeighted>0</BisWeighted>
      <QtyInPackage>1</QtyInPackage>
      <ItemPrice>5</ItemPrice>
      <UnitOfMeasurePrice>3.33</UnitOfMeasurePrice>
      <AllowDiscount>0</AllowDiscount>
      <itemStatus>1</itemStatus>
      <LastUpdateDate />
      <LastUpdateTime />
    </Product>
    <Product>
      <PriceUpdateDate>2018/10/10 11:10</PriceUpdateDate>
      <ItemCode>7290102393176</ItemCode>
      <ItemType>1</ItemType>
      <ItemName>מולר סימפלי פרויט אפרסק</ItemName>
      <ManufactureName>החב` המרכזית - טרה</ManufactureName>
      <ManufactureCountry />
      <ManufactureItemDescription />
      <UnitQty>יח`</UnitQty>
      <Quantity>150</Quantity>
      <UnitMeasure>גרם</UnitMeasure>
      <BisWeighted>0</BisWeighted>
      <QtyInPackage>1</QtyInPackage>
      <ItemPrice>5</ItemPrice>
      <UnitOfMeasurePrice>3.33</UnitOfMeasurePrice>
      <AllowDiscount>0</AllowDiscount>
      <itemStatus>1</itemStatus>
      <LastUpdateDate />
      <LastUpdateTime />
    </Product>
    <Product>
      <PriceUpdateDate>2018/10/10 11:10</PriceUpdateDate>
      <ItemCode>7290102393190</ItemCode>
      <ItemType>1</ItemType>
      <ItemName>מולר סימפלי פרויט פירות היער</ItemName>
      <ManufactureName>החב` המרכזית - טרה</ManufactureName>
      <ManufactureCountry />
      <ManufactureItemDescription />
      <UnitQty>יח`</UnitQty>
      <Quantity>150</Quantity>
      <UnitMeasure>גרם</UnitMeasure>
      <BisWeighted>0</BisWeighted>
      <QtyInPackage>1</QtyInPackage>
      <ItemPrice>5</ItemPrice>
      <UnitOfMeasurePrice>3.33</UnitOfMeasurePrice>
      <AllowDiscount>0</AllowDiscount>
      <itemStatus>1</itemStatus>
      <LastUpdateDate />
      <LastUpdateTime />
    </Product>
    <Product>
      <PriceUpdateDate>2019/06/17 12:24</PriceUpdateDate>
      <ItemCode>7290102393268</ItemCode>
      <ItemType>1</ItemType>
      <ItemName>גבינה לבנה 5% 750 גר` פיקוח</ItemName>
      <ManufactureName>החב` המרכזית - טרה</ManufactureName>
      <ManufactureCountry />
      <ManufactureItemDescription />
      <UnitQty>יח`</UnitQty>
      <Quantity>750</Quantity>
      <UnitMeasure>גרם</UnitMeasure>
      <BisWeighted>0</BisWeighted>
      <QtyInPackage>1</QtyInPackage>
      <ItemPrice>14.25</ItemPrice>
      <UnitOfMeasurePrice>1.90</UnitOfMeasurePrice>
      <AllowDiscount>0</AllowDiscount>
      <itemStatus>1</itemStatus>
      <LastUpdateDate />
      <LastUpdateTime />
    </Product>
    <Product>
      <PriceUpdateDate>2014/09/30 11:28</PriceUpdateDate>
      <ItemCode>7290102393299</ItemCode>
      <ItemType>1</ItemType>
      <ItemName>יוגורט עיזים 500 גר` לשתיה</ItemName>
      <ManufactureName>החב` המרכזית - טרה</ManufactureName>
      <ManufactureCountry />
      <ManufactureItemDescription />
      <UnitQty>יח`</UnitQty>
      <Quantity>500</Quantity>
      <UnitMeasure>גרם</UnitMeasure>
      <BisWeighted>0</BisWeighted>
      <QtyInPackage>1</QtyInPackage>
      <ItemPrice>12.70</ItemPrice>
      <UnitOfMeasurePrice>2.54</UnitOfMeasurePrice>
      <AllowDiscount>1</AllowDiscount>
      <itemStatus>1</itemStatus>
      <LastUpdateDate />
      <LastUpdateTime />
    </Product>
    <Product>
      <PriceUpdateDate>2018/10/10 11:10</PriceUpdateDate>
      <ItemCode>7290102393947</ItemCode>
      <ItemType>1</ItemType>
      <ItemName>מולר סימפלי פרויט קיווי</ItemName>
      <ManufactureName>החב` המרכזית - טרה</ManufactureName>
      <ManufactureCountry />
      <ManufactureItemDescription />
      <UnitQty>יח`</UnitQty>
      <Quantity>150</Quantity>
      <UnitMeasure>מ"ל</UnitMeasure>
      <BisWeighted>0</BisWeighted>
      <QtyInPackage>1</QtyInPackage>
      <ItemPrice>5</ItemPrice>
      <UnitOfMeasurePrice>3.33</UnitOfMeasurePrice>
      <AllowDiscount>0</AllowDiscount>
      <itemStatus>1</itemStatus>
      <LastUpdateDate />
      <LastUpdateTime />
    </Product>
    <Product>
      <PriceUpdateDate>2014/01/01 16:40</PriceUpdateDate>
      <ItemCode>7290102394081</ItemCode>
      <ItemType>1</ItemType>
      <ItemName>מולר מיקס קרמי בתוספת קורנפלקס</ItemName>
      <ManufactureName>החב` המרכזית - טרה</ManufactureName>
      <ManufactureCountry />
      <ManufactureItemDescription />
      <UnitQty>יח`</UnitQty>
      <Quantity>150</Quantity>
      <UnitMeasure>מ"ל</UnitMeasure>
      <BisWeighted>0</BisWeighted>
      <QtyInPackage>1</QtyInPackage>
      <ItemPrice>5.90</ItemPrice>
      <UnitOfMeasurePrice>3.93</UnitOfMeasurePrice>
      <AllowDiscount>0</AllowDiscount>
      <itemStatus>1</itemStatus>
      <LastUpdateDate />
      <LastUpdateTime />
    </Product>
    <Product>
      <PriceUpdateDate>2018/10/10 11:10</PriceUpdateDate>
      <ItemCode>7290102394463</ItemCode>
      <ItemType>1</ItemType>
      <ItemName>גבינה צהובה ואקום 28%</ItemName>
      <ManufactureName>החב` המרכזית - טרה</ManufactureName>
      <ManufactureCountry />
      <ManufactureItemDescription />
      <UnitQty>יח`</UnitQty>
      <Quantity>500</Quantity>
      <UnitMeasure>גרם</UnitMeasure>
      <BisWeighted>0</BisWeighted>
      <QtyInPackage>1</QtyInPackage>
      <ItemPrice>28</ItemPrice>
      <UnitOfMeasurePrice>5.60</UnitOfMeasurePrice>
      <AllowDiscount>0</AllowDiscount>
      <itemStatus>1</itemStatus>
      <LastUpdateDate />
      <LastUpdateTime />
    </Product>
    <Product>
      <PriceUpdateDate>2018/10/10 11:10</PriceUpdateDate>
      <ItemCode>7290102394821</ItemCode>
      <ItemType>1</ItemType>
      <ItemName>גבינה צהובה דק דק 28% אדם</ItemName>
      <ManufactureName>החב` המרכזית - טרה</ManufactureName>
      <ManufactureCountry />
      <ManufactureItemDescription />
      <UnitQty>יח`</UnitQty>
      <Quantity>200</Quantity>
      <UnitMeasure>גרם</UnitMeasure>
      <BisWeighted>0</BisWeighted>
      <QtyInPackage>1</QtyInPackage>
      <ItemPrice>16.50</ItemPrice>
      <UnitOfMeasurePrice>8.25</UnitOfMeasurePrice>
      <AllowDiscount>1</AllowDiscount>
      <itemStatus>1</itemStatus>
      <LastUpdateDate />
      <LastUpdateTime />
    </Product>
    <Product>
      <PriceUpdateDate>2019/02/03 12:18</PriceUpdateDate>
      <ItemCode>7290102394845</ItemCode>
      <ItemType>1</ItemType>
      <ItemName>גבינה צהובה דק דק 9%</ItemName>
      <ManufactureName>החב` המרכזית - טרה</ManufactureName>
      <ManufactureCountry />
      <ManufactureItemDescription />
      <UnitQty>יח`</UnitQty>
      <Quantity>200</Quantity>
      <UnitMeasure>גרם</UnitMeasure>
      <BisWeighted>0</BisWeighted>
      <QtyInPackage>1</QtyInPackage>
      <ItemPrice>16.90</ItemPrice>
      <UnitOfMeasurePrice>8.45</UnitOfMeasurePrice>
      <AllowDiscount>0</AllowDiscount>
      <itemStatus>1</itemStatus>
      <LastUpdateDate />
      <LastUpdateTime />
    </Product>
    <Product>
      <PriceUpdateDate>2018/10/10 11:10</PriceUpdateDate>
      <ItemCode>7290102395101</ItemCode>
      <ItemType>1</ItemType>
      <ItemName>ממרח גבינה ושוקולד מוו (200 גרם)</ItemName>
      <ManufactureName>החב` המרכזית - טרה</ManufactureName>
      <ManufactureCountry />
      <ManufactureItemDescription />
      <UnitQty>יח`</UnitQty>
      <Quantity>1</Quantity>
      <UnitMeasure />
      <BisWeighted>0</BisWeighted>
      <QtyInPackage>1</QtyInPackage>
      <ItemPrice>11.30</ItemPrice>
      <UnitOfMeasurePrice>11.30</UnitOfMeasurePrice>
      <AllowDiscount>1</AllowDiscount>
      <itemStatus>1</itemStatus>
      <LastUpdateDate />
      <LastUpdateTime />
    </Product>
    <Product>
      <PriceUpdateDate>2019/02/03 12:18</PriceUpdateDate>
      <ItemCode>7290102395217</ItemCode>
      <ItemType>1</ItemType>
      <ItemName>מאגדת שמיניי ה במתיקות מעודנת 2%</ItemName>
      <ManufactureName>החב` המרכזית - טרה</ManufactureName>
      <ManufactureCountry />
      <ManufactureItemDescription />
      <UnitQty>יח`</UnitQty>
      <Quantity>1</Quantity>
      <UnitMeasure />
      <BisWeighted>0</BisWeighted>
      <QtyInPackage>1</QtyInPackage>
      <ItemPrice>18.30</ItemPrice>
      <UnitOfMeasurePrice>18.30</UnitOfMeasurePrice>
      <AllowDiscount>1</AllowDiscount>
      <itemStatus>1</itemStatus>
      <LastUpdateDate />
      <LastUpdateTime />
    </Product>
    <Product>
      <PriceUpdateDate>2018/10/10 11:10</PriceUpdateDate>
      <ItemCode>7290102395224</ItemCode>
      <ItemType>1</ItemType>
      <ItemName>יוגורט ביו נטורל 1.7% מולר (150x8 גרם)</ItemName>
      <ManufactureName>החב` המרכזית - טרה</ManufactureName>
      <ManufactureCountry />
      <ManufactureItemDescription />
      <UnitQty>יח`</UnitQty>
      <Quantity>1200</Quantity>
      <UnitMeasure>גרם</UnitMeasure>
      <BisWeighted>0</BisWeighted>
      <QtyInPackage>1</QtyInPackage>
      <ItemPrice>17.90</ItemPrice>
      <UnitOfMeasurePrice>1.49</UnitOfMeasurePrice>
      <AllowDiscount>0</AllowDiscount>
      <itemStatus>1</itemStatus>
      <LastUpdateDate />
      <LastUpdateTime />
    </Product>
    <Product>
      <PriceUpdateDate>2018/10/10 11:10</PriceUpdateDate>
      <ItemCode>7290102395231</ItemCode>
      <ItemType>1</ItemType>
      <ItemName>יוגורט ביו נטורל 2.8% מולר (150x8 גרם)</ItemName>
      <ManufactureName>החב` המרכזית - טרה</ManufactureName>
      <ManufactureCountry />
      <ManufactureItemDescription />
      <UnitQty>יח`</UnitQty>
      <Quantity>1</Quantity>
      <UnitMeasure />
      <BisWeighted>0</BisWeighted>
      <QtyInPackage>1</QtyInPackage>
      <ItemPrice>17.90</ItemPrice>
      <UnitOfMeasurePrice>17.90</UnitOfMeasurePrice>
      <AllowDiscount>0</AllowDiscount>
      <itemStatus>1</itemStatus>
      <LastUpdateDate />
      <LastUpdateTime />
    </Product>
    <Product>
      <PriceUpdateDate>2018/10/10 11:10</PriceUpdateDate>
      <ItemCode>7290102395262</ItemCode>
      <ItemType>1</ItemType>
      <ItemName>מאגדת שמינייה מולר סיפלי תות</ItemName>
      <ManufactureName>החב` המרכזית - טרה</ManufactureName>
      <ManufactureCountry />
      <ManufactureItemDescription />
      <UnitQty>יח`</UnitQty>
      <Quantity>1</Quantity>
      <UnitMeasure />
      <BisWeighted>0</BisWeighted>
      <QtyInPackage>1</QtyInPackage>
      <ItemPrice>29.90</ItemPrice>
      <UnitOfMeasurePrice>29.90</UnitOfMeasurePrice>
      <AllowDiscount>0</AllowDiscount>
      <itemStatus>1</itemStatus>
      <LastUpdateDate />
      <LastUpdateTime />
    </Product>
    <Product>
      <PriceUpdateDate>2018/10/10 11:10</PriceUpdateDate>
      <ItemCode>7290102395378</ItemCode>
      <ItemType>1</ItemType>
      <ItemName>גבינה צהובה קלאסית 28% נעם (360 גרם)</ItemName>
      <ManufactureName>החב` המרכזית - טרה</ManufactureName>
      <ManufactureCountry />
      <ManufactureItemDescription />
      <UnitQty>יח`</UnitQty>
      <Quantity>360</Quantity>
      <UnitMeasure>גרם</UnitMeasure>
      <BisWeighted>0</BisWeighted>
      <QtyInPackage>1</QtyInPackage>
      <ItemPrice>19.90</ItemPrice>
      <UnitOfMeasurePrice>5.53</UnitOfMeasurePrice>
      <AllowDiscount>0</AllowDiscount>
      <itemStatus>1</itemStatus>
      <LastUpdateDate />
      <LastUpdateTime />
    </Product>
    <Product>
      <PriceUpdateDate>2018/10/10 11:10</PriceUpdateDate>
      <ItemCode>7290102395439</ItemCode>
      <ItemType>1</ItemType>
      <ItemName>מאגדת שמינייה מולר סיפלי פרוט</ItemName>
      <ManufactureName>החב` המרכזית - טרה</ManufactureName>
      <ManufactureCountry />
      <ManufactureItemDescription />
      <UnitQty>יח`</UnitQty>
      <Quantity>1</Quantity>
      <UnitMeasure />
      <BisWeighted>0</BisWeighted>
      <QtyInPackage>1</QtyInPackage>
      <ItemPrice>29.90</ItemPrice>
      <UnitOfMeasurePrice>29.90</UnitOfMeasurePrice>
      <AllowDiscount>0</AllowDiscount>
      <itemStatus>1</itemStatus>
      <LastUpdateDate />
      <LastUpdateTime />
    </Product>
    <Product>
      <PriceUpdateDate>2018/10/10 11:10</PriceUpdateDate>
      <ItemCode>7290102395446</ItemCode>
      <ItemType>1</ItemType>
      <ItemName>מעדן בטעם וניל עם קצפת מוו (123 גרם)</ItemName>
      <ManufactureName>החב` המרכזית - טרה</ManufactureName>
      <ManufactureCountry />
      <ManufactureItemDescription />
      <UnitQty>יח`</UnitQty>
      <Quantity>1</Quantity>
      <UnitMeasure />
      <BisWeighted>0</BisWeighted>
      <QtyInPackage>1</QtyInPackage>
      <ItemPrice>2.80</ItemPrice>
      <UnitOfMeasurePrice>2.80</UnitOfMeasurePrice>
      <AllowDiscount>0</AllowDiscount>
      <itemStatus>1</itemStatus>
      <LastUpdateDate />
      <LastUpdateTime />
    </Product>
    <Product>
      <PriceUpdateDate>2018/10/10 11:10</PriceUpdateDate>
      <ItemCode>7290102395477</ItemCode>
      <ItemType>1</ItemType>
      <ItemName>מעדן בטעם שוקולד קצפת מוו (123 גרם)</ItemName>
      <ManufactureName>החב` המרכזית - טרה</ManufactureName>
      <ManufactureCountry />
      <ManufactureItemDescription />
      <UnitQty>יח`</UnitQty>
      <Quantity>1</Quantity>
      <UnitMeasure />
      <BisWeighted>0</BisWeighted>
      <QtyInPackage>1</QtyInPackage>
      <ItemPrice>2.80</ItemPrice>
      <UnitOfMeasurePrice>2.80</UnitOfMeasurePrice>
      <AllowDiscount>0</AllowDiscount>
      <itemStatus>1</itemStatus>
      <LastUpdateDate />
      <LastUpdateTime />
    </Product>
    <Product>
      <PriceUpdateDate>2018/10/10 11:10</PriceUpdateDate>
      <ItemCode>7290102396399</ItemCode>
      <ItemType>1</ItemType>
      <ItemName>מעדן בטעם שוקולד מוו (100x8 גרם)</ItemName>
      <ManufactureName>החב` המרכזית - טרה</ManufactureName>
      <ManufactureCountry />
      <ManufactureItemDescription />
      <UnitQty>יח`</UnitQty>
      <Quantity>800</Quantity>
      <UnitMeasure>גרם</UnitMeasure>
      <BisWeighted>0</BisWeighted>
      <QtyInPackage>1</QtyInPackage>
      <ItemPrice>13.50</ItemPrice>
      <UnitOfMeasurePrice>1.69</UnitOfMeasurePrice>
      <AllowDiscount>1</AllowDiscount>
      <itemStatus>1</itemStatus>
      <LastUpdateDate />
      <LastUpdateTime />
    </Product>
    <Product>
      <PriceUpdateDate>2018/10/10 11:10</PriceUpdateDate>
      <ItemCode>7290102396405</ItemCode>
      <ItemType>1</ItemType>
      <ItemName>מעדן בטעם וניל מוו (100x8 גרם)</ItemName>
      <ManufactureName>החב` המרכזית - טרה</ManufactureName>
      <ManufactureCountry />
      <ManufactureItemDescription />
      <UnitQty>יח`</UnitQty>
      <Quantity>800</Quantity>
      <UnitMeasure>גרם</UnitMeasure>
      <BisWeighted>0</BisWeighted>
      <QtyInPackage>1</QtyInPackage>
      <ItemPrice>13.50</ItemPrice>
      <UnitOfMeasurePrice>1.69</UnitOfMeasurePrice>
      <AllowDiscount>1</AllowDiscount>
      <itemStatus>1</itemStatus>
      <LastUpdateDate />
      <LastUpdateTime />
    </Product>
    <Product>
      <PriceUpdateDate>2018/10/10 11:10</PriceUpdateDate>
      <ItemCode>7290102396436</ItemCode>
      <ItemType>1</ItemType>
      <ItemName>מעדן בטעם שוקולד 1.5% שומן מוו (125 גרם)</ItemName>
      <ManufactureName>החב` המרכזית - טרה</ManufactureName>
      <ManufactureCountry />
      <ManufactureItemDescription />
      <UnitQty>יח`</UnitQty>
      <Quantity>125</Quantity>
      <UnitMeasure>גרם</UnitMeasure>
      <BisWeighted>0</BisWeighted>
      <QtyInPackage>1</QtyInPackage>
      <ItemPrice>2.70</ItemPrice>
      <UnitOfMeasurePrice>2.16</UnitOfMeasurePrice>
      <AllowDiscount>0</AllowDiscount>
      <itemStatus>1</itemStatus>
      <LastUpdateDate />
      <LastUpdateTime />
    </Product>
    <Product>
      <PriceUpdateDate>2018/10/10 11:10</PriceUpdateDate>
      <ItemCode>7290102396443</ItemCode>
      <ItemType>1</ItemType>
      <ItemName>מעדן בטעם וניל 1.5% שומן מוו (125 גרם)</ItemName>
      <ManufactureName>החב` המרכזית - טרה</ManufactureName>
      <ManufactureCountry />
      <ManufactureItemDescription />
      <UnitQty>יח`</UnitQty>
      <Quantity>125</Quantity>
      <UnitMeasure>גרם</UnitMeasure>
      <BisWeighted>0</BisWeighted>
      <QtyInPackage>1</QtyInPackage>
      <ItemPrice>2.70</ItemPrice>
      <UnitOfMeasurePrice>2.16</UnitOfMeasurePrice>
      <AllowDiscount>0</AllowDiscount>
      <itemStatus>1</itemStatus>
      <LastUpdateDate />
      <LastUpdateTime />
    </Product>
    <Product>
      <PriceUpdateDate>2018/10/10 11:10</PriceUpdateDate>
      <ItemCode>7290102396498</ItemCode>
      <ItemType>1</ItemType>
      <ItemName>יוגורט תות 3% שומן מוו (125 גרם)</ItemName>
      <ManufactureName>החב` המרכזית - טרה</ManufactureName>
      <ManufactureCountry />
      <ManufactureItemDescription />
      <UnitQty>יח`</UnitQty>
      <Quantity>1</Quantity>
      <UnitMeasure />
      <BisWeighted>0</BisWeighted>
      <QtyInPackage>1</QtyInPackage>
      <ItemPrice>2.80</ItemPrice>
      <UnitOfMeasurePrice>2.80</UnitOfMeasurePrice>
      <AllowDiscount>0</AllowDiscount>
      <itemStatus>1</itemStatus>
      <LastUpdateDate />
      <LastUpdateTime />
    </Product>
    <Product>
      <PriceUpdateDate>2018/10/10 11:10</PriceUpdateDate>
      <ItemCode>7290102396580</ItemCode>
      <ItemType>1</ItemType>
      <ItemName>מעדן מוו שוקולד ומוס שוקולד</ItemName>
      <ManufactureName>החב` המרכזית - טרה</ManufactureName>
      <ManufactureCountry />
      <ManufactureItemDescription />
      <UnitQty>יח`</UnitQty>
      <Quantity>123</Quantity>
      <UnitMeasure>גרם</UnitMeasure>
      <BisWeighted>0</BisWeighted>
      <QtyInPackage>1</QtyInPackage>
      <ItemPrice>2.80</ItemPrice>
      <UnitOfMeasurePrice>2.28</UnitOfMeasurePrice>
      <AllowDiscount>0</AllowDiscount>
      <itemStatus>1</itemStatus>
      <LastUpdateDate />
      <LastUpdateTime />
    </Product>
    <Product>
      <PriceUpdateDate>2018/10/10 11:10</PriceUpdateDate>
      <ItemCode>7290102396597</ItemCode>
      <ItemType>1</ItemType>
      <ItemName>מעדן מוו וניל ומוס שוקולד</ItemName>
      <ManufactureName>החב` המרכזית - טרה</ManufactureName>
      <ManufactureCountry />
      <ManufactureItemDescription />
      <UnitQty>יח`</UnitQty>
      <Quantity>123</Quantity>
      <UnitMeasure>גרם</UnitMeasure>
      <BisWeighted>0</BisWeighted>
      <QtyInPackage>1</QtyInPackage>
      <ItemPrice>2.80</ItemPrice>
      <UnitOfMeasurePrice>2.28</UnitOfMeasurePrice>
      <AllowDiscount>0</AllowDiscount>
      <itemStatus>1</itemStatus>
      <LastUpdateDate />
      <LastUpdateTime />
    </Product>
    <Product>
      <PriceUpdateDate>2018/10/10 11:10</PriceUpdateDate>
      <ItemCode>7290102396665</ItemCode>
      <ItemType>1</ItemType>
      <ItemName>גבינה צהובה דקה דקה 15% נעם (200 גרם)</ItemName>
      <ManufactureName>החב` המרכזית - טרה</ManufactureName>
      <ManufactureCountry />
      <ManufactureItemDescription />
      <UnitQty>יח`</UnitQty>
      <Quantity>200</Quantity>
      <UnitMeasure>גרם</UnitMeasure>
      <BisWeighted>0</BisWeighted>
      <QtyInPackage>1</QtyInPackage>
      <ItemPrice>16.90</ItemPrice>
      <UnitOfMeasurePrice>8.45</UnitOfMeasurePrice>
      <AllowDiscount>1</AllowDiscount>
      <itemStatus>1</itemStatus>
      <LastUpdateDate />
      <LastUpdateTime />
    </Product>
    <Product>
      <PriceUpdateDate>2018/10/10 11:10</PriceUpdateDate>
      <ItemCode>7290102396672</ItemCode>
      <ItemType>1</ItemType>
      <ItemName>גבינה צהובה נעם דק דק 9% פתח סגור 360 ג</ItemName>
      <ManufactureName>החב` המרכזית - טרה</ManufactureName>
      <ManufactureCountry />
      <ManufactureItemDescription />
      <UnitQty>יח`</UnitQty>
      <Quantity>360</Quantity>
      <UnitMeasure>גרם</UnitMeasure>
      <BisWeighted>0</BisWeighted>
      <QtyInPackage>1</QtyInPackage>
      <ItemPrice>25.90</ItemPrice>
      <UnitOfMeasurePrice>7.19</UnitOfMeasurePrice>
      <AllowDiscount>0</AllowDiscount>
      <itemStatus>1</itemStatus>
      <LastUpdateDate />
      <LastUpdateTime />
    </Product>
    <Product>
      <PriceUpdateDate>2018/10/10 11:10</PriceUpdateDate>
      <ItemCode>7290102396719</ItemCode>
      <ItemType>1</ItemType>
      <ItemName>יוגורט 0% תות סימפלי מולר (150 גרם)</ItemName>
      <ManufactureName>החב` המרכזית - טרה</ManufactureName>
      <ManufactureCountry />
      <ManufactureItemDescription />
      <UnitQty>יח`</UnitQty>
      <Quantity>150</Quantity>
      <UnitMeasure>גרם</UnitMeasure>
      <BisWeighted>0</BisWeighted>
      <QtyInPackage>1</QtyInPackage>
      <ItemPrice>5</ItemPrice>
      <UnitOfMeasurePrice>3.33</UnitOfMeasurePrice>
      <AllowDiscount>0</AllowDiscount>
      <itemStatus>1</itemStatus>
      <LastUpdateDate />
      <LastUpdateTime />
    </Product>
    <Product>
      <PriceUpdateDate>2018/10/10 11:10</PriceUpdateDate>
      <ItemCode>7290102396740</ItemCode>
      <ItemType>1</ItemType>
      <ItemName>מאגדת שמינייה מולר סיפלי 0%</ItemName>
      <ManufactureName>החב` המרכזית - טרה</ManufactureName>
      <ManufactureCountry />
      <ManufactureItemDescription />
      <UnitQty>יח`</UnitQty>
      <Quantity>1</Quantity>
      <UnitMeasure />
      <BisWeighted>0</BisWeighted>
      <QtyInPackage>1</QtyInPackage>
      <ItemPrice>29.90</ItemPrice>
      <UnitOfMeasurePrice>29.90</UnitOfMeasurePrice>
      <AllowDiscount>0</AllowDiscount>
      <itemStatus>1</itemStatus>
      <LastUpdateDate />
      <LastUpdateTime />
    </Product>
    <Product>
      <PriceUpdateDate>2018/10/10 11:10</PriceUpdateDate>
      <ItemCode>7290102396979</ItemCode>
      <ItemType>1</ItemType>
      <ItemName>יוגורט 0% אננס סימפלי מולר (150 גרם)</ItemName>
      <ManufactureName>החב` המרכזית - טרה</ManufactureName>
      <ManufactureCountry />
      <ManufactureItemDescription />
      <UnitQty>יח`</UnitQty>
      <Quantity>150</Quantity>
      <UnitMeasure>גרם</UnitMeasure>
      <BisWeighted>0</BisWeighted>
      <QtyInPackage>1</QtyInPackage>
      <ItemPrice>5</ItemPrice>
      <UnitOfMeasurePrice>3.33</UnitOfMeasurePrice>
      <AllowDiscount>0</AllowDiscount>
      <itemStatus>1</itemStatus>
      <LastUpdateDate />
      <LastUpdateTime />
    </Product>
    <Product>
      <PriceUpdateDate>2018/10/10 11:10</PriceUpdateDate>
      <ItemCode>7290102397204</ItemCode>
      <ItemType>1</ItemType>
      <ItemName>גבינה צהובה נעם דק דק פתח סגור 200 גר</ItemName>
      <ManufactureName>החב` המרכזית - טרה</ManufactureName>
      <ManufactureCountry />
      <ManufactureItemDescription />
      <UnitQty>יח`</UnitQty>
      <Quantity>200</Quantity>
      <UnitMeasure>גרם</UnitMeasure>
      <BisWeighted>0</BisWeighted>
      <QtyInPackage>1</QtyInPackage>
      <ItemPrice>16.90</ItemPrice>
      <UnitOfMeasurePrice>8.45</UnitOfMeasurePrice>
      <AllowDiscount>1</AllowDiscount>
      <itemStatus>1</itemStatus>
      <LastUpdateDate />
      <LastUpdateTime />
    </Product>
    <Product>
      <PriceUpdateDate>2017/04/09 07:59</PriceUpdateDate>
      <ItemCode>7290102397464</ItemCode>
      <ItemType>1</ItemType>
      <ItemName>מולר נטורל+ פקאן גרעינים וחמוציות 150</ItemName>
      <ManufactureName>החב` המרכזית - טרה</ManufactureName>
      <ManufactureCountry />
      <ManufactureItemDescription />
      <UnitQty>יח`</UnitQty>
      <Quantity>150</Quantity>
      <UnitMeasure>גרם</UnitMeasure>
      <BisWeighted>0</BisWeighted>
      <QtyInPackage>1</QtyInPackage>
      <ItemPrice>5.90</ItemPrice>
      <UnitOfMeasurePrice>3.93</UnitOfMeasurePrice>
      <AllowDiscount>0</AllowDiscount>
      <itemStatus>1</itemStatus>
      <LastUpdateDate />
      <LastUpdateTime />
    </Product>
    <Product>
      <PriceUpdateDate>2016/07/15 08:00</PriceUpdateDate>
      <ItemCode>7290102397600</ItemCode>
      <ItemType>1</ItemType>
      <ItemName>מולר מיקס שקדים ובוטנים בקרמל 170 גרם</ItemName>
      <ManufactureName>החב` המרכזית - טרה</ManufactureName>
      <ManufactureCountry />
      <ManufactureItemDescription />
      <UnitQty>יח`</UnitQty>
      <Quantity>170</Quantity>
      <UnitMeasure>גרם</UnitMeasure>
      <BisWeighted>0</BisWeighted>
      <QtyInPackage>1</QtyInPackage>
      <ItemPrice>5.90</ItemPrice>
      <UnitOfMeasurePrice>3.47</UnitOfMeasurePrice>
      <AllowDiscount>0</AllowDiscount>
      <itemStatus>1</itemStatus>
      <LastUpdateDate />
      <LastUpdateTime />
    </Product>
    <Product>
      <PriceUpdateDate>2016/07/15 08:00</PriceUpdateDate>
      <ItemCode>7290102397617</ItemCode>
      <ItemType>1</ItemType>
      <ItemName>מולר מיקס קליק 170 גרם</ItemName>
      <ManufactureName>החב` המרכזית - טרה</ManufactureName>
      <ManufactureCountry />
      <ManufactureItemDescription />
      <UnitQty>יח`</UnitQty>
      <Quantity>170</Quantity>
      <UnitMeasure>גרם</UnitMeasure>
      <BisWeighted>0</BisWeighted>
      <QtyInPackage>1</QtyInPackage>
      <ItemPrice>5.90</ItemPrice>
      <UnitOfMeasurePrice>3.47</UnitOfMeasurePrice>
      <AllowDiscount>0</AllowDiscount>
      <itemStatus>1</itemStatus>
      <LastUpdateDate />
      <LastUpdateTime />
    </Product>
    <Product>
      <PriceUpdateDate>2017/06/13 08:06</PriceUpdateDate>
      <ItemCode>7290102397679</ItemCode>
      <ItemType>1</ItemType>
      <ItemName> קוטג`וחצי 5% 375 גר</ItemName>
      <ManufactureName>החב` המרכזית - טרה</ManufactureName>
      <ManufactureCountry />
      <ManufactureItemDescription />
      <UnitQty>יח`</UnitQty>
      <Quantity>375</Quantity>
      <UnitMeasure>גרם</UnitMeasure>
      <BisWeighted>0</BisWeighted>
      <QtyInPackage>1</QtyInPackage>
      <ItemPrice>7.90</ItemPrice>
      <UnitOfMeasurePrice>2.11</UnitOfMeasurePrice>
      <AllowDiscount>0</AllowDiscount>
      <itemStatus>1</itemStatus>
      <LastUpdateDate />
      <LastUpdateTime />
    </Product>
    <Product>
      <PriceUpdateDate>2019/06/17 12:24</PriceUpdateDate>
      <ItemCode>7290102398058</ItemCode>
      <ItemType>1</ItemType>
      <ItemName>חלב שקית 3% 1 ליטר מהדרין וסט</ItemName>
      <ManufactureName>החב` המרכזית - טרה</ManufactureName>
      <ManufactureCountry />
      <ManufactureItemDescription />
      <UnitQty>יח`</UnitQty>
      <Quantity>1</Quantity>
      <UnitMeasure>1 ליטר</UnitMeasure>
      <BisWeighted>0</BisWeighted>
      <QtyInPackage>1</QtyInPackage>
      <ItemPrice>5.17</ItemPrice>
      <UnitOfMeasurePrice>5.17</UnitOfMeasurePrice>
      <AllowDiscount>0</AllowDiscount>
      <itemStatus>1</itemStatus>
      <LastUpdateDate />
      <LastUpdateTime />
    </Product>
    <Product>
      <PriceUpdateDate>2019/06/17 12:24</PriceUpdateDate>
      <ItemCode>7290102398065</ItemCode>
      <ItemType>1</ItemType>
      <ItemName>חלב קרטון 2 ליטר 3% מהדרין וסט</ItemName>
      <ManufactureName>החב` המרכזית - טרה</ManufactureName>
      <ManufactureCountry />
      <ManufactureItemDescription />
      <UnitQty>יח`</UnitQty>
      <Quantity>2</Quantity>
      <UnitMeasure>1 ליטר</UnitMeasure>
      <BisWeighted>0</BisWeighted>
      <QtyInPackage>1</QtyInPackage>
      <ItemPrice>11.88</ItemPrice>
      <UnitOfMeasurePrice>5.94</UnitOfMeasurePrice>
      <AllowDiscount>0</AllowDiscount>
      <itemStatus>1</itemStatus>
      <LastUpdateDate />
      <LastUpdateTime />
    </Product>
    <Product>
      <PriceUpdateDate>2019/06/17 12:24</PriceUpdateDate>
      <ItemCode>7290102398072</ItemCode>
      <ItemType>1</ItemType>
      <ItemName>חלב הומוגני 3% 1 ליטר מהדרין וסט</ItemName>
      <ManufactureName>החב` המרכזית - טרה</ManufactureName>
      <ManufactureCountry />
      <ManufactureItemDescription />
      <UnitQty>יח`</UnitQty>
      <Quantity>1</Quantity>
      <UnitMeasure>1 ליטר</UnitMeasure>
      <BisWeighted>0</BisWeighted>
      <QtyInPackage>1</QtyInPackage>
      <ItemPrice>5.94</ItemPrice>
      <UnitOfMeasurePrice>5.94</UnitOfMeasurePrice>
      <AllowDiscount>0</AllowDiscount>
      <itemStatus>1</itemStatus>
      <LastUpdateDate />
      <LastUpdateTime />
    </Product>
    <Product>
      <PriceUpdateDate>2018/05/15 11:07</PriceUpdateDate>
      <ItemCode>7290102398188</ItemCode>
      <ItemType>1</ItemType>
      <ItemName>מולר רייס בטעם תות 170 גר`</ItemName>
      <ManufactureName>החב` המרכזית - טרה</ManufactureName>
      <ManufactureCountry />
      <ManufactureItemDescription />
      <UnitQty>יח`</UnitQty>
      <Quantity>170</Quantity>
      <UnitMeasure>גרם</UnitMeasure>
      <BisWeighted>0</BisWeighted>
      <QtyInPackage>1</QtyInPackage>
      <ItemPrice>4.90</ItemPrice>
      <UnitOfMeasurePrice>2.88</UnitOfMeasurePrice>
      <AllowDiscount>1</AllowDiscount>
      <itemStatus>1</itemStatus>
      <LastUpdateDate />
      <LastUpdateTime />
    </Product>
    <Product>
      <PriceUpdateDate>2018/01/12 10:48</PriceUpdateDate>
      <ItemCode>7290102398287</ItemCode>
      <ItemType>1</ItemType>
      <ItemName>יוגורט ביו פרופ 0.9% תות מולר (150 גרם)</ItemName>
      <ManufactureName>החב` המרכזית - טרה</ManufactureName>
      <ManufactureCountry />
      <ManufactureItemDescription />
      <UnitQty>יח`</UnitQty>
      <Quantity>150</Quantity>
      <UnitMeasure>מ"ל</UnitMeasure>
      <BisWeighted>0</BisWeighted>
      <QtyInPackage>1</QtyInPackage>
      <ItemPrice>5</ItemPrice>
      <UnitOfMeasurePrice>3.33</UnitOfMeasurePrice>
      <AllowDiscount>0</AllowDiscount>
      <itemStatus>1</itemStatus>
      <LastUpdateDate />
      <LastUpdateTime />
    </Product>
    <Product>
      <PriceUpdateDate>2018/05/15 11:07</PriceUpdateDate>
      <ItemCode>7290102398348</ItemCode>
      <ItemType>1</ItemType>
      <ItemName>מולר מיקס תות בתופסת כריות 170 גר`</ItemName>
      <ManufactureName>החב` המרכזית - טרה</ManufactureName>
      <ManufactureCountry />
      <ManufactureItemDescription />
      <UnitQty>יח`</UnitQty>
      <Quantity>170</Quantity>
      <UnitMeasure>גרם</UnitMeasure>
      <BisWeighted>0</BisWeighted>
      <QtyInPackage>1</QtyInPackage>
      <ItemPrice>4.90</ItemPrice>
      <UnitOfMeasurePrice>2.88</UnitOfMeasurePrice>
      <AllowDiscount>0</AllowDiscount>
      <itemStatus>1</itemStatus>
      <LastUpdateDate />
      <LastUpdateTime />
    </Product>
    <Product>
      <PriceUpdateDate>2018/05/15 11:07</PriceUpdateDate>
      <ItemCode>7290102398393</ItemCode>
      <ItemType>1</ItemType>
      <ItemName>מולר רייס בטעם תפוח קינמון 170 גר`</ItemName>
      <ManufactureName>החב` המרכזית - טרה</ManufactureName>
      <ManufactureCountry />
      <ManufactureItemDescription />
      <UnitQty>יח`</UnitQty>
      <Quantity>170</Quantity>
      <UnitMeasure>גרם</UnitMeasure>
      <BisWeighted>0</BisWeighted>
      <QtyInPackage>1</QtyInPackage>
      <ItemPrice>4.90</ItemPrice>
      <UnitOfMeasurePrice>2.88</UnitOfMeasurePrice>
      <AllowDiscount>1</AllowDiscount>
      <itemStatus>1</itemStatus>
      <LastUpdateDate />
      <LastUpdateTime />
    </Product>
    <Product>
      <PriceUpdateDate>2020/02/05 21:38</PriceUpdateDate>
      <ItemCode>7290102398553</ItemCode>
      <ItemType>1</ItemType>
      <ItemName>משקה שוקו בקבוק 1.5 ליטר בבקבוק</ItemName>
      <ManufactureName>החב` המרכזית - טרה</ManufactureName>
      <ManufactureCountry />
      <ManufactureItemDescription />
      <UnitQty>יח`</UnitQty>
      <Quantity>1</Quantity>
      <UnitMeasure />
      <BisWeighted>0</BisWeighted>
      <QtyInPackage>1</QtyInPackage>
      <ItemPrice>15.90</ItemPrice>
      <UnitOfMeasurePrice>15.90</UnitOfMeasurePrice>
      <AllowDiscount>1</AllowDiscount>
      <itemStatus>1</itemStatus>
      <LastUpdateDate />
      <LastUpdateTime />
    </Product>
    <Product>
      <PriceUpdateDate>2018/07/19 20:09</PriceUpdateDate>
      <ItemCode>7290102398560</ItemCode>
      <ItemType>1</ItemType>
      <ItemName>משקה שוקו מועשר בבקבוק 1 ליטר טרה</ItemName>
      <ManufactureName>החב` המרכזית - טרה</ManufactureName>
      <ManufactureCountry />
      <ManufactureItemDescription />
      <UnitQty>יח`</UnitQty>
      <Quantity>1</Quantity>
      <UnitMeasure />
      <BisWeighted>0</BisWeighted>
      <QtyInPackage>1</QtyInPackage>
      <ItemPrice>11.50</ItemPrice>
      <UnitOfMeasurePrice>11.50</UnitOfMeasurePrice>
      <AllowDiscount>0</AllowDiscount>
      <itemStatus>1</itemStatus>
      <LastUpdateDate />
      <LastUpdateTime />
    </Product>
    <Product>
      <PriceUpdateDate>2018/07/19 20:09</PriceUpdateDate>
      <ItemCode>7290102398577</ItemCode>
      <ItemType>1</ItemType>
      <ItemName>שוקו מעושר בבקבוק 250 מל טרה</ItemName>
      <ManufactureName>החב` המרכזית - טרה</ManufactureName>
      <ManufactureCountry />
      <ManufactureItemDescription />
      <UnitQty>יח`</UnitQty>
      <Quantity>1</Quantity>
      <UnitMeasure />
      <BisWeighted>0</BisWeighted>
      <QtyInPackage>1</QtyInPackage>
      <ItemPrice>4.90</ItemPrice>
      <UnitOfMeasurePrice>4.90</UnitOfMeasurePrice>
      <AllowDiscount>0</AllowDiscount>
      <itemStatus>1</itemStatus>
      <LastUpdateDate />
      <LastUpdateTime />
    </Product>
    <Product>
      <PriceUpdateDate>2018/07/19 20:09</PriceUpdateDate>
      <ItemCode>7290102398614</ItemCode>
      <ItemType>1</ItemType>
      <ItemName>משקה חלב בטעם בננה 1 ליטר טרה</ItemName>
      <ManufactureName>החב` המרכזית - טרה</ManufactureName>
      <ManufactureCountry />
      <ManufactureItemDescription />
      <UnitQty>יח`</UnitQty>
      <Quantity>1</Quantity>
      <UnitMeasure />
      <BisWeighted>0</BisWeighted>
      <QtyInPackage>1</QtyInPackage>
      <ItemPrice>11.50</ItemPrice>
      <UnitOfMeasurePrice>11.50</UnitOfMeasurePrice>
      <AllowDiscount>1</AllowDiscount>
      <itemStatus>1</itemStatus>
      <LastUpdateDate />
      <LastUpdateTime />
    </Product>
    <Product>
      <PriceUpdateDate>2018/07/19 20:09</PriceUpdateDate>
      <ItemCode>7290102398638</ItemCode>
      <ItemType>1</ItemType>
      <ItemName>משקה חלב בטעם מוקה 1 ליטר טרה</ItemName>
      <ManufactureName>החב` המרכזית - טרה</ManufactureName>
      <ManufactureCountry />
      <ManufactureItemDescription />
      <UnitQty>יח`</UnitQty>
      <Quantity>1</Quantity>
      <UnitMeasure />
      <BisWeighted>0</BisWeighted>
      <QtyInPackage>1</QtyInPackage>
      <ItemPrice>11.50</ItemPrice>
      <UnitOfMeasurePrice>11.50</UnitOfMeasurePrice>
      <AllowDiscount>1</AllowDiscount>
      <itemStatus>1</itemStatus>
      <LastUpdateDate />
      <LastUpdateTime />
    </Product>
    <Product>
      <PriceUpdateDate>2019/06/12 19:46</PriceUpdateDate>
      <ItemCode>7290102398652</ItemCode>
      <ItemType>1</ItemType>
      <ItemName>משקה חלב בטעם שוקולד אגוזים 1 ליטר טרה</ItemName>
      <ManufactureName>החב` המרכזית - טרה</ManufactureName>
      <ManufactureCountry />
      <ManufactureItemDescription />
      <UnitQty>יח`</UnitQty>
      <Quantity>1</Quantity>
      <UnitMeasure />
      <BisWeighted>0</BisWeighted>
      <QtyInPackage>1</QtyInPackage>
      <ItemPrice>11.50</ItemPrice>
      <UnitOfMeasurePrice>11.50</UnitOfMeasurePrice>
      <AllowDiscount>1</AllowDiscount>
      <itemStatus>1</itemStatus>
      <LastUpdateDate />
      <LastUpdateTime />
    </Product>
    <Product>
      <PriceUpdateDate>2019/11/05 11:39</PriceUpdateDate>
      <ItemCode>7290102398799</ItemCode>
      <ItemType>1</ItemType>
      <ItemName>משקה סויה במתיקות מופחת 1 ליטר משק צוריא</ItemName>
      <ManufactureName>החב` המרכזית - טרה</ManufactureName>
      <ManufactureCountry />
      <ManufactureItemDescription />
      <UnitQty>יח`</UnitQty>
      <Quantity>1000</Quantity>
      <UnitMeasure>1 ליטר</UnitMeasure>
      <BisWeighted>0</BisWeighted>
      <QtyInPackage>1</QtyInPackage>
      <ItemPrice>9.90</ItemPrice>
      <UnitOfMeasurePrice>0.01</UnitOfMeasurePrice>
      <AllowDiscount>1</AllowDiscount>
      <itemStatus>1</itemStatus>
      <LastUpdateDate />
      <LastUpdateTime />
    </Product>
    <Product>
      <PriceUpdateDate>2019/11/05 11:39</PriceUpdateDate>
      <ItemCode>7290102398805</ItemCode>
      <ItemType>1</ItemType>
      <ItemName>משקה סויה בטעם וניל 1 ליטר משק צוריאל</ItemName>
      <ManufactureName>החב` המרכזית - טרה</ManufactureName>
      <ManufactureCountry />
      <ManufactureItemDescription />
      <UnitQty>יח`</UnitQty>
      <Quantity>1000</Quantity>
      <UnitMeasure>1 ליטר</UnitMeasure>
      <BisWeighted>0</BisWeighted>
      <QtyInPackage>1</QtyInPackage>
      <ItemPrice>9.90</ItemPrice>
      <UnitOfMeasurePrice>0.01</UnitOfMeasurePrice>
      <AllowDiscount>1</AllowDiscount>
      <itemStatus>1</itemStatus>
      <LastUpdateDate />
      <LastUpdateTime />
    </Product>
    <Product>
      <PriceUpdateDate>2019/11/05 11:39</PriceUpdateDate>
      <ItemCode>7290102398812</ItemCode>
      <ItemType>1</ItemType>
      <ItemName>משקה סויה לייט 1 ליטר משק צוריאל</ItemName>
      <ManufactureName>החב` המרכזית - טרה</ManufactureName>
      <ManufactureCountry />
      <ManufactureItemDescription />
      <UnitQty>יח`</UnitQty>
      <Quantity>1000</Quantity>
      <UnitMeasure>1 ליטר</UnitMeasure>
      <BisWeighted>0</BisWeighted>
      <QtyInPackage>1</QtyInPackage>
      <ItemPrice>9.90</ItemPrice>
      <UnitOfMeasurePrice>0.01</UnitOfMeasurePrice>
      <AllowDiscount>1</AllowDiscount>
      <itemStatus>1</itemStatus>
      <LastUpdateDate />
      <LastUpdateTime />
    </Product>
    <Product>
      <PriceUpdateDate>2019/11/05 11:39</PriceUpdateDate>
      <ItemCode>7290102398836</ItemCode>
      <ItemType>1</ItemType>
      <ItemName>משקה שקדים קלאסי 1 ליטר משק צוריאל</ItemName>
      <ManufactureName>החב` המרכזית - טרה</ManufactureName>
      <ManufactureCountry />
      <ManufactureItemDescription />
      <UnitQty>יח`</UnitQty>
      <Quantity>1</Quantity>
      <UnitMeasure />
      <BisWeighted>0</BisWeighted>
      <QtyInPackage>1</QtyInPackage>
      <ItemPrice>11.90</ItemPrice>
      <UnitOfMeasurePrice>11.90</UnitOfMeasurePrice>
      <AllowDiscount>1</AllowDiscount>
      <itemStatus>1</itemStatus>
      <LastUpdateDate />
      <LastUpdateTime />
    </Product>
    <Product>
      <PriceUpdateDate>2019/02/10 08:54</PriceUpdateDate>
      <ItemCode>7290102398898</ItemCode>
      <ItemType>1</ItemType>
      <ItemName>מולר יוגורט BIO מועשר חלבון ( 200 גר)</ItemName>
      <ManufactureName>החב` המרכזית - טרה</ManufactureName>
      <ManufactureCountry />
      <ManufactureItemDescription />
      <UnitQty>יח`</UnitQty>
      <Quantity>200</Quantity>
      <UnitMeasure>מ"ל</UnitMeasure>
      <BisWeighted>0</BisWeighted>
      <QtyInPackage>1</QtyInPackage>
      <ItemPrice>5.90</ItemPrice>
      <UnitOfMeasurePrice>2.95</UnitOfMeasurePrice>
      <AllowDiscount>1</AllowDiscount>
      <itemStatus>1</itemStatus>
      <LastUpdateDate />
      <LastUpdateTime />
    </Product>
    <Product>
      <PriceUpdateDate>2019/02/10 08:54</PriceUpdateDate>
      <ItemCode>7290102398904</ItemCode>
      <ItemType>1</ItemType>
      <ItemName>מולר Active מועשר בחלבון עם תות ( 150 גר</ItemName>
      <ManufactureName>החב` המרכזית - טרה</ManufactureName>
      <ManufactureCountry />
      <ManufactureItemDescription />
      <UnitQty>יח`</UnitQty>
      <Quantity>150</Quantity>
      <UnitMeasure>מ"ל</UnitMeasure>
      <BisWeighted>0</BisWeighted>
      <QtyInPackage>1</QtyInPackage>
      <ItemPrice>5.90</ItemPrice>
      <UnitOfMeasurePrice>3.93</UnitOfMeasurePrice>
      <AllowDiscount>1</AllowDiscount>
      <itemStatus>1</itemStatus>
      <LastUpdateDate />
      <LastUpdateTime />
    </Product>
    <Product>
      <PriceUpdateDate>2019/06/07 11:21</PriceUpdateDate>
      <ItemCode>7290102399130</ItemCode>
      <ItemType>1</ItemType>
      <ItemName>משקה מעושר בחלבון בננה מלון תמר(268 מל)</ItemName>
      <ManufactureName>החב` המרכזית - טרה</ManufactureName>
      <ManufactureCountry />
      <ManufactureItemDescription />
      <UnitQty>יח`</UnitQty>
      <Quantity>268</Quantity>
      <UnitMeasure>מ"ל</UnitMeasure>
      <BisWeighted>0</BisWeighted>
      <QtyInPackage>1</QtyInPackage>
      <ItemPrice>6.90</ItemPrice>
      <UnitOfMeasurePrice>2.57</UnitOfMeasurePrice>
      <AllowDiscount>1</AllowDiscount>
      <itemStatus>1</itemStatus>
      <LastUpdateDate />
      <LastUpdateTime />
    </Product>
    <Product>
      <PriceUpdateDate>2019/05/16 10:10</PriceUpdateDate>
      <ItemCode>7290102399147</ItemCode>
      <ItemType>1</ItemType>
      <ItemName>מולר Active מועשר בחלבון עם אננס ( 200 ג</ItemName>
      <ManufactureName>החב` המרכזית - טרה</ManufactureName>
      <ManufactureCountry />
      <ManufactureItemDescription />
      <UnitQty>יח`</UnitQty>
      <Quantity>200</Quantity>
      <UnitMeasure>מ"ל</UnitMeasure>
      <BisWeighted>0</BisWeighted>
      <QtyInPackage>1</QtyInPackage>
      <ItemPrice>5.90</ItemPrice>
      <UnitOfMeasurePrice>2.95</UnitOfMeasurePrice>
      <AllowDiscount>1</AllowDiscount>
      <itemStatus>1</itemStatus>
      <LastUpdateDate />
      <LastUpdateTime />
    </Product>
    <Product>
      <PriceUpdateDate>2019/09/25 09:05</PriceUpdateDate>
      <ItemCode>7290102399703</ItemCode>
      <ItemType>1</ItemType>
      <ItemName>מאגדת שמינייה מולר סיפלי מנגו ואננס 1.5%</ItemName>
      <ManufactureName>החב` המרכזית - טרה</ManufactureName>
      <ManufactureCountry />
      <ManufactureItemDescription />
      <UnitQty>יח`</UnitQty>
      <Quantity>1</Quantity>
      <UnitMeasure />
      <BisWeighted>0</BisWeighted>
      <QtyInPackage>1</QtyInPackage>
      <ItemPrice>29.90</ItemPrice>
      <UnitOfMeasurePrice>29.90</UnitOfMeasurePrice>
      <AllowDiscount>0</AllowDiscount>
      <itemStatus>1</itemStatus>
      <LastUpdateDate />
      <LastUpdateTime />
    </Product>
    <Product>
      <PriceUpdateDate>2019/05/02 16:26</PriceUpdateDate>
      <ItemCode>7290102440832</ItemCode>
      <ItemType>1</ItemType>
      <ItemName>סט שיפודי נירוסטה</ItemName>
      <ManufactureName>אוהב ציון בעמ (מבצעים)</ManufactureName>
      <ManufactureCountry />
      <ManufactureItemDescription />
      <UnitQty>יח`</UnitQty>
      <Quantity>1</Quantity>
      <UnitMeasure />
      <BisWeighted>0</BisWeighted>
      <QtyInPackage>1</QtyInPackage>
      <ItemPrice>14.90</ItemPrice>
      <UnitOfMeasurePrice>14.90</UnitOfMeasurePrice>
      <AllowDiscount>0</AllowDiscount>
      <itemStatus>1</itemStatus>
      <LastUpdateDate />
      <LastUpdateTime />
    </Product>
    <Product>
      <PriceUpdateDate>2015/12/17 11:05</PriceUpdateDate>
      <ItemCode>7290102840175</ItemCode>
      <ItemType>1</ItemType>
      <ItemName>אינסטנט פודינג בטעם וניל מיה (85 גרם)</ItemName>
      <ManufactureName>מיה תעשיות מזון מ.ת.מ. בעמ</ManufactureName>
      <ManufactureCountry />
      <ManufactureItemDescription />
      <UnitQty>יח`</UnitQty>
      <Quantity>85</Quantity>
      <UnitMeasure>גרם</UnitMeasure>
      <BisWeighted>0</BisWeighted>
      <QtyInPackage>1</QtyInPackage>
      <ItemPrice>3.90</ItemPrice>
      <UnitOfMeasurePrice>4.59</UnitOfMeasurePrice>
      <AllowDiscount>1</AllowDiscount>
      <itemStatus>1</itemStatus>
      <LastUpdateDate />
      <LastUpdateTime />
    </Product>
    <Product>
      <PriceUpdateDate>2015/12/17 11:05</PriceUpdateDate>
      <ItemCode>7290102840182</ItemCode>
      <ItemType>1</ItemType>
      <ItemName>פודינג בטעם שוקולד 85 גר` מיה</ItemName>
      <ManufactureName>מיה תעשיות מזון מ.ת.מ. בעמ</ManufactureName>
      <ManufactureCountry />
      <ManufactureItemDescription />
      <UnitQty>יח`</UnitQty>
      <Quantity>85</Quantity>
      <UnitMeasure>גרם</UnitMeasure>
      <BisWeighted>0</BisWeighted>
      <QtyInPackage>1</QtyInPackage>
      <ItemPrice>3.90</ItemPrice>
      <UnitOfMeasurePrice>4.59</UnitOfMeasurePrice>
      <AllowDiscount>1</AllowDiscount>
      <itemStatus>1</itemStatus>
      <LastUpdateDate />
      <LastUpdateTime />
    </Product>
    <Product>
      <PriceUpdateDate>2015/12/17 11:05</PriceUpdateDate>
      <ItemCode>7290102840199</ItemCode>
      <ItemType>1</ItemType>
      <ItemName>ג`לי בטעם משמש 90 גר` מיה</ItemName>
      <ManufactureName>מיה תעשיות מזון מ.ת.מ. בעמ</ManufactureName>
      <ManufactureCountry />
      <ManufactureItemDescription />
      <UnitQty>יח`</UnitQty>
      <Quantity>90</Quantity>
      <UnitMeasure>גרם</UnitMeasure>
      <BisWeighted>0</BisWeighted>
      <QtyInPackage>1</QtyInPackage>
      <ItemPrice>3.90</ItemPrice>
      <UnitOfMeasurePrice>4.33</UnitOfMeasurePrice>
      <AllowDiscount>1</AllowDiscount>
      <itemStatus>1</itemStatus>
      <LastUpdateDate />
      <LastUpdateTime />
    </Product>
    <Product>
      <PriceUpdateDate>2016/01/24 16:43</PriceUpdateDate>
      <ItemCode>7290103126797</ItemCode>
      <ItemType>1</ItemType>
      <ItemName>קולגייט סנסיטיב פרו ריליף 75 מל</ItemName>
      <ManufactureName>ש.שסטוביץ בעמ</ManufactureName>
      <ManufactureCountry />
      <ManufactureItemDescription />
      <UnitQty>יח`</UnitQty>
      <Quantity>110</Quantity>
      <UnitMeasure>גרם</UnitMeasure>
      <BisWeighted>0</BisWeighted>
      <QtyInPackage>1</QtyInPackage>
      <ItemPrice>20</ItemPrice>
      <UnitOfMeasurePrice>18.18</UnitOfMeasurePrice>
      <AllowDiscount>1</AllowDiscount>
      <itemStatus>1</itemStatus>
      <LastUpdateDate />
      <LastUpdateTime />
    </Product>
    <Product>
      <PriceUpdateDate>2018/02/11 11:50</PriceUpdateDate>
      <ItemCode>7290103128739</ItemCode>
      <ItemType>1</ItemType>
      <ItemName>צמרונים לתינוק בלונס) (50</ItemName>
      <ManufactureName>ש.שסטוביץ בעמ</ManufactureName>
      <ManufactureCountry />
      <ManufactureItemDescription />
      <UnitQty>יח`</UnitQty>
      <Quantity>1</Quantity>
      <UnitMeasure>יח`</UnitMeasure>
      <BisWeighted>0</BisWeighted>
      <QtyInPackage>1</QtyInPackage>
      <ItemPrice>5.90</ItemPrice>
      <UnitOfMeasurePrice>5.90</UnitOfMeasurePrice>
      <AllowDiscount>0</AllowDiscount>
      <itemStatus>1</itemStatus>
      <LastUpdateDate />
      <LastUpdateTime />
    </Product>
    <Product>
      <PriceUpdateDate>2014/12/31 08:22</PriceUpdateDate>
      <ItemCode>7290103150136</ItemCode>
      <ItemType>1</ItemType>
      <ItemName>צלחת מרכזית חד פעמית לפיד) (50</ItemName>
      <ManufactureName>פאלאס תעשיות נטו (2014) בעמ</ManufactureName>
      <ManufactureCountry />
      <ManufactureItemDescription />
      <UnitQty>יח`</UnitQty>
      <Quantity>1</Quantity>
      <UnitMeasure />
      <BisWeighted>0</BisWeighted>
      <QtyInPackage>1</QtyInPackage>
      <ItemPrice>14.90</ItemPrice>
      <UnitOfMeasurePrice>14.90</UnitOfMeasurePrice>
      <AllowDiscount>0</AllowDiscount>
      <itemStatus>1</itemStatus>
      <LastUpdateDate />
      <LastUpdateTime />
    </Product>
    <Product>
      <PriceUpdateDate>2017/11/12 07:23</PriceUpdateDate>
      <ItemCode>7290103150952</ItemCode>
      <ItemType>1</ItemType>
      <ItemName>מפות שולחן עבה במיוחד 135/300 לפיד) (6</ItemName>
      <ManufactureName>פאלאס תעשיות נטו (2014) בעמ</ManufactureName>
      <ManufactureCountry />
      <ManufactureItemDescription />
      <UnitQty>יח`</UnitQty>
      <Quantity>1</Quantity>
      <UnitMeasure />
      <BisWeighted>0</BisWeighted>
      <QtyInPackage>1</QtyInPackage>
      <ItemPrice>11.90</ItemPrice>
      <UnitOfMeasurePrice>11.90</UnitOfMeasurePrice>
      <AllowDiscount>0</AllowDiscount>
      <itemStatus>1</itemStatus>
      <LastUpdateDate />
      <LastUpdateTime />
    </Product>
    <Product>
      <PriceUpdateDate>2017/11/12 07:23</PriceUpdateDate>
      <ItemCode>7290103150969</ItemCode>
      <ItemType>1</ItemType>
      <ItemName>מפות שולחן עבה במיוחד 135/240 לפיד) (8</ItemName>
      <ManufactureName>פאלאס תעשיות נטו (2014) בעמ</ManufactureName>
      <ManufactureCountry />
      <ManufactureItemDescription />
      <UnitQty>יח`</UnitQty>
      <Quantity>1</Quantity>
      <UnitMeasure />
      <BisWeighted>0</BisWeighted>
      <QtyInPackage>1</QtyInPackage>
      <ItemPrice>11.90</ItemPrice>
      <UnitOfMeasurePrice>11.90</UnitOfMeasurePrice>
      <AllowDiscount>0</AllowDiscount>
      <itemStatus>1</itemStatus>
      <LastUpdateDate />
      <LastUpdateTime />
    </Product>
    <Product>
      <PriceUpdateDate>2019/08/04 12:57</PriceUpdateDate>
      <ItemCode>7290103151423</ItemCode>
      <ItemType>1</ItemType>
      <ItemName>שקית אשפה קרם+ידית 75/90 לפיד 40 יח</ItemName>
      <ManufactureName>פאלאס תעשיות נטו (2014) בעמ</ManufactureName>
      <ManufactureCountry />
      <ManufactureItemDescription />
      <UnitQty>יח`</UnitQty>
      <Quantity>1</Quantity>
      <UnitMeasure />
      <BisWeighted>0</BisWeighted>
      <QtyInPackage>1</QtyInPackage>
      <ItemPrice>12.90</ItemPrice>
      <UnitOfMeasurePrice>12.90</UnitOfMeasurePrice>
      <AllowDiscount>1</AllowDiscount>
      <itemStatus>1</itemStatus>
      <LastUpdateDate />
      <LastUpdateTime />
    </Product>
    <Product>
      <PriceUpdateDate>2015/01/04 09:33</PriceUpdateDate>
      <ItemCode>7290103151485</ItemCode>
      <ItemType>1</ItemType>
      <ItemName>גביעי איחסון 1/2 ליטר לפיד) (15</ItemName>
      <ManufactureName>פאלאס תעשיות נטו (2014) בעמ</ManufactureName>
      <ManufactureCountry />
      <ManufactureItemDescription />
      <UnitQty>יח`</UnitQty>
      <Quantity>1</Quantity>
      <UnitMeasure />
      <BisWeighted>0</BisWeighted>
      <QtyInPackage>1</QtyInPackage>
      <ItemPrice>9.90</ItemPrice>
      <UnitOfMeasurePrice>9.90</UnitOfMeasurePrice>
      <AllowDiscount>0</AllowDiscount>
      <itemStatus>1</itemStatus>
      <LastUpdateDate />
      <LastUpdateTime />
    </Product>
    <Product>
      <PriceUpdateDate>2015/01/04 09:33</PriceUpdateDate>
      <ItemCode>7290103151508</ItemCode>
      <ItemType>1</ItemType>
      <ItemName>מיכל אחסון 1 ליטר לפיד (5)</ItemName>
      <ManufactureName>פאלאס תעשיות נטו (2014) בעמ</ManufactureName>
      <ManufactureCountry />
      <ManufactureItemDescription />
      <UnitQty>יח`</UnitQty>
      <Quantity>1</Quantity>
      <UnitMeasure />
      <BisWeighted>0</BisWeighted>
      <QtyInPackage>1</QtyInPackage>
      <ItemPrice>9.90</ItemPrice>
      <UnitOfMeasurePrice>9.90</UnitOfMeasurePrice>
      <AllowDiscount>0</AllowDiscount>
      <itemStatus>1</itemStatus>
      <LastUpdateDate />
      <LastUpdateTime />
    </Product>
    <Product>
      <PriceUpdateDate>2016/03/07 08:13</PriceUpdateDate>
      <ItemCode>7290103153656</ItemCode>
      <ItemType>1</ItemType>
      <ItemName>מפה 45 מטר סופר עבה פאלאס</ItemName>
      <ManufactureName>פאלאס תעשיות נטו (2014) בעמ</ManufactureName>
      <ManufactureCountry />
      <ManufactureItemDescription />
      <UnitQty>יח`</UnitQty>
      <Quantity>1</Quantity>
      <UnitMeasure />
      <BisWeighted>0</BisWeighted>
      <QtyInPackage>1</QtyInPackage>
      <ItemPrice>34.90</ItemPrice>
      <UnitOfMeasurePrice>34.90</UnitOfMeasurePrice>
      <AllowDiscount>0</AllowDiscount>
      <itemStatus>1</itemStatus>
      <LastUpdateDate />
      <LastUpdateTime />
    </Product>
    <Product>
      <PriceUpdateDate>2015/04/20 09:03</PriceUpdateDate>
      <ItemCode>7290103153779</ItemCode>
      <ItemType>1</ItemType>
      <ItemName>מכסה לתבנית R31 גדול 10יח`</ItemName>
      <ManufactureName>פאלאס תעשיות נטו (2014) בעמ</ManufactureName>
      <ManufactureCountry />
      <ManufactureItemDescription />
      <UnitQty>יח`</UnitQty>
      <Quantity>1</Quantity>
      <UnitMeasure />
      <BisWeighted>0</BisWeighted>
      <QtyInPackage>1</QtyInPackage>
      <ItemPrice>6.90</ItemPrice>
      <UnitOfMeasurePrice>6.90</UnitOfMeasurePrice>
      <AllowDiscount>0</AllowDiscount>
      <itemStatus>1</itemStatus>
      <LastUpdateDate />
      <LastUpdateTime />
    </Product>
    <Product>
      <PriceUpdateDate>2015/04/20 09:03</PriceUpdateDate>
      <ItemCode>7290103153786</ItemCode>
      <ItemType>1</ItemType>
      <ItemName>מכסה לתבנית R2 בינוני 15 יח`</ItemName>
      <ManufactureName>פאלאס תעשיות נטו (2014) בעמ</ManufactureName>
      <ManufactureCountry />
      <ManufactureItemDescription />
      <UnitQty>יח`</UnitQty>
      <Quantity>1</Quantity>
      <UnitMeasure />
      <BisWeighted>0</BisWeighted>
      <QtyInPackage>1</QtyInPackage>
      <ItemPrice>6.90</ItemPrice>
      <UnitOfMeasurePrice>6.90</UnitOfMeasurePrice>
      <AllowDiscount>0</AllowDiscount>
      <itemStatus>1</itemStatus>
      <LastUpdateDate />
      <LastUpdateTime />
    </Product>
    <Product>
      <PriceUpdateDate>2015/04/20 09:03</PriceUpdateDate>
      <ItemCode>7290103153793</ItemCode>
      <ItemType>1</ItemType>
      <ItemName>מכסה לתבנית R29 קטן 20יח`</ItemName>
      <ManufactureName>פאלאס תעשיות נטו (2014) בעמ</ManufactureName>
      <ManufactureCountry />
      <ManufactureItemDescription />
      <UnitQty>יח`</UnitQty>
      <Quantity>1</Quantity>
      <UnitMeasure />
      <BisWeighted>0</BisWeighted>
      <QtyInPackage>1</QtyInPackage>
      <ItemPrice>6.90</ItemPrice>
      <UnitOfMeasurePrice>6.90</UnitOfMeasurePrice>
      <AllowDiscount>0</AllowDiscount>
      <itemStatus>1</itemStatus>
      <LastUpdateDate />
      <LastUpdateTime />
    </Product>
    <Product>
      <PriceUpdateDate>2015/04/20 09:03</PriceUpdateDate>
      <ItemCode>7290103155582</ItemCode>
      <ItemType>1</ItemType>
      <ItemName>מכסה לתבנית R64 עמוק15 יח`</ItemName>
      <ManufactureName>פאלאס תעשיות נטו (2014) בעמ</ManufactureName>
      <ManufactureCountry />
      <ManufactureItemDescription />
      <UnitQty>יח`</UnitQty>
      <Quantity>1</Quantity>
      <UnitMeasure />
      <BisWeighted>0</BisWeighted>
      <QtyInPackage>1</QtyInPackage>
      <ItemPrice>6.90</ItemPrice>
      <UnitOfMeasurePrice>6.90</UnitOfMeasurePrice>
      <AllowDiscount>0</AllowDiscount>
      <itemStatus>1</itemStatus>
      <LastUpdateDate />
      <LastUpdateTime />
    </Product>
    <Product>
      <PriceUpdateDate>2016/06/08 10:33</PriceUpdateDate>
      <ItemCode>7290103156312</ItemCode>
      <ItemType>1</ItemType>
      <ItemName>כף צבעונית לפיד (100)</ItemName>
      <ManufactureName>פאלאס תעשיות נטו (2014) בעמ</ManufactureName>
      <ManufactureCountry />
      <ManufactureItemDescription />
      <UnitQty>יח`</UnitQty>
      <Quantity>1</Quantity>
      <UnitMeasure />
      <BisWeighted>0</BisWeighted>
      <QtyInPackage>1</QtyInPackage>
      <ItemPrice>9.90</ItemPrice>
      <UnitOfMeasurePrice>9.90</UnitOfMeasurePrice>
      <AllowDiscount>1</AllowDiscount>
      <itemStatus>1</itemStatus>
      <LastUpdateDate />
      <LastUpdateTime />
    </Product>
    <Product>
      <PriceUpdateDate>2016/06/08 10:33</PriceUpdateDate>
      <ItemCode>7290103156329</ItemCode>
      <ItemType>1</ItemType>
      <ItemName>כפית צבעונית לפיד (100)</ItemName>
      <ManufactureName>פאלאס תעשיות נטו (2014) בעמ</ManufactureName>
      <ManufactureCountry />
      <ManufactureItemDescription />
      <UnitQty>יח`</UnitQty>
      <Quantity>1</Quantity>
      <UnitMeasure />
      <BisWeighted>0</BisWeighted>
      <QtyInPackage>1</QtyInPackage>
      <ItemPrice>9.90</ItemPrice>
      <UnitOfMeasurePrice>9.90</UnitOfMeasurePrice>
      <AllowDiscount>1</AllowDiscount>
      <itemStatus>1</itemStatus>
      <LastUpdateDate />
      <LastUpdateTime />
    </Product>
    <Product>
      <PriceUpdateDate>2016/06/08 10:33</PriceUpdateDate>
      <ItemCode>7290103156336</ItemCode>
      <ItemType>1</ItemType>
      <ItemName>מזלג צבעוני לפיד (100)</ItemName>
      <ManufactureName>פאלאס תעשיות נטו (2014) בעמ</ManufactureName>
      <ManufactureCountry />
      <ManufactureItemDescription />
      <UnitQty>יח`</UnitQty>
      <Quantity>1</Quantity>
      <UnitMeasure />
      <BisWeighted>0</BisWeighted>
      <QtyInPackage>1</QtyInPackage>
      <ItemPrice>9.90</ItemPrice>
      <UnitOfMeasurePrice>9.90</UnitOfMeasurePrice>
      <AllowDiscount>1</AllowDiscount>
      <itemStatus>1</itemStatus>
      <LastUpdateDate />
      <LastUpdateTime />
    </Product>
    <Product>
      <PriceUpdateDate>2016/06/08 10:33</PriceUpdateDate>
      <ItemCode>7290103156343</ItemCode>
      <ItemType>1</ItemType>
      <ItemName>סכין צבעוני לפיד (100)</ItemName>
      <ManufactureName>פאלאס תעשיות נטו (2014) בעמ</ManufactureName>
      <ManufactureCountry />
      <ManufactureItemDescription />
      <UnitQty>יח`</UnitQty>
      <Quantity>1</Quantity>
      <UnitMeasure />
      <BisWeighted>0</BisWeighted>
      <QtyInPackage>1</QtyInPackage>
      <ItemPrice>9.90</ItemPrice>
      <UnitOfMeasurePrice>9.90</UnitOfMeasurePrice>
      <AllowDiscount>1</AllowDiscount>
      <itemStatus>1</itemStatus>
      <LastUpdateDate />
      <LastUpdateTime />
    </Product>
    <Product>
      <PriceUpdateDate>2016/02/22 10:31</PriceUpdateDate>
      <ItemCode>7290103156466</ItemCode>
      <ItemType>1</ItemType>
      <ItemName>כפות חד פעמיות לפיד (100)</ItemName>
      <ManufactureName>פאלאס תעשיות נטו (2014) בעמ</ManufactureName>
      <ManufactureCountry />
      <ManufactureItemDescription />
      <UnitQty>יח`</UnitQty>
      <Quantity>1</Quantity>
      <UnitMeasure />
      <BisWeighted>0</BisWeighted>
      <QtyInPackage>1</QtyInPackage>
      <ItemPrice>5.90</ItemPrice>
      <UnitOfMeasurePrice>5.90</UnitOfMeasurePrice>
      <AllowDiscount>1</AllowDiscount>
      <itemStatus>1</itemStatus>
      <LastUpdateDate />
      <LastUpdateTime />
    </Product>
    <Product>
      <PriceUpdateDate>2016/02/22 10:31</PriceUpdateDate>
      <ItemCode>7290103156473</ItemCode>
      <ItemType>1</ItemType>
      <ItemName>כפיות לפיד) (100</ItemName>
      <ManufactureName>פאלאס תעשיות נטו (2014) בעמ</ManufactureName>
      <ManufactureCountry />
      <ManufactureItemDescription />
      <UnitQty>יח`</UnitQty>
      <Quantity>1</Quantity>
      <UnitMeasure />
      <BisWeighted>0</BisWeighted>
      <QtyInPackage>1</QtyInPackage>
      <ItemPrice>5.90</ItemPrice>
      <UnitOfMeasurePrice>5.90</UnitOfMeasurePrice>
      <AllowDiscount>1</AllowDiscount>
      <itemStatus>1</itemStatus>
      <LastUpdateDate />
      <LastUpdateTime />
    </Product>
    <Product>
      <PriceUpdateDate>2016/02/22 10:31</PriceUpdateDate>
      <ItemCode>7290103156480</ItemCode>
      <ItemType>1</ItemType>
      <ItemName>מזלג חד פעמי לפיד (100)</ItemName>
      <ManufactureName>פאלאס תעשיות נטו (2014) בעמ</ManufactureName>
      <ManufactureCountry />
      <ManufactureItemDescription />
      <UnitQty>יח`</UnitQty>
      <Quantity>1</Quantity>
      <UnitMeasure />
      <BisWeighted>0</BisWeighted>
      <QtyInPackage>1</QtyInPackage>
      <ItemPrice>5.90</ItemPrice>
      <UnitOfMeasurePrice>5.90</UnitOfMeasurePrice>
      <AllowDiscount>1</AllowDiscount>
      <itemStatus>1</itemStatus>
      <LastUpdateDate />
      <LastUpdateTime />
    </Product>
    <Product>
      <PriceUpdateDate>2016/02/22 10:31</PriceUpdateDate>
      <ItemCode>7290103156497</ItemCode>
      <ItemType>1</ItemType>
      <ItemName>סכין חד פעמי לפיד (100)</ItemName>
      <ManufactureName>פאלאס תעשיות נטו (2014) בעמ</ManufactureName>
      <ManufactureCountry />
      <ManufactureItemDescription />
      <UnitQty>יח`</UnitQty>
      <Quantity>1</Quantity>
      <UnitMeasure />
      <BisWeighted>0</BisWeighted>
      <QtyInPackage>1</QtyInPackage>
      <ItemPrice>5.90</ItemPrice>
      <UnitOfMeasurePrice>5.90</UnitOfMeasurePrice>
      <AllowDiscount>1</AllowDiscount>
      <itemStatus>1</itemStatus>
      <LastUpdateDate />
      <LastUpdateTime />
    </Product>
    <Product>
      <PriceUpdateDate>2015/04/27 10:36</PriceUpdateDate>
      <ItemCode>7290103156930</ItemCode>
      <ItemType>1</ItemType>
      <ItemName>כוס יהלום לפיד (40)</ItemName>
      <ManufactureName>פאלאס תעשיות נטו (2014) בעמ</ManufactureName>
      <ManufactureCountry />
      <ManufactureItemDescription />
      <UnitQty>יח`</UnitQty>
      <Quantity>1</Quantity>
      <UnitMeasure />
      <BisWeighted>0</BisWeighted>
      <QtyInPackage>1</QtyInPackage>
      <ItemPrice>9.90</ItemPrice>
      <UnitOfMeasurePrice>9.90</UnitOfMeasurePrice>
      <AllowDiscount>1</AllowDiscount>
      <itemStatus>1</itemStatus>
      <LastUpdateDate />
      <LastUpdateTime />
    </Product>
    <Product>
      <PriceUpdateDate>2016/03/07 08:13</PriceUpdateDate>
      <ItemCode>7290103157104</ItemCode>
      <ItemType>1</ItemType>
      <ItemName>רביעייה מפות אלבד לבן</ItemName>
      <ManufactureName>פאלאס תעשיות נטו (2014) בעמ</ManufactureName>
      <ManufactureCountry />
      <ManufactureItemDescription />
      <UnitQty>יח`</UnitQty>
      <Quantity>1</Quantity>
      <UnitMeasure />
      <BisWeighted>0</BisWeighted>
      <QtyInPackage>1</QtyInPackage>
      <ItemPrice>11.90</ItemPrice>
      <UnitOfMeasurePrice>11.90</UnitOfMeasurePrice>
      <AllowDiscount>0</AllowDiscount>
      <itemStatus>1</itemStatus>
      <LastUpdateDate />
      <LastUpdateTime />
    </Product>
    <Product>
      <PriceUpdateDate>2015/12/30 12:24</PriceUpdateDate>
      <ItemCode>7290103157678</ItemCode>
      <ItemType>1</ItemType>
      <ItemName>צלחות גדולות 1 קילו -פאלאס</ItemName>
      <ManufactureName>פאלאס תעשיות נטו (2014) בעמ</ManufactureName>
      <ManufactureCountry />
      <ManufactureItemDescription />
      <UnitQty>יח`</UnitQty>
      <Quantity>1</Quantity>
      <UnitMeasure />
      <BisWeighted>0</BisWeighted>
      <QtyInPackage>1</QtyInPackage>
      <ItemPrice>19.90</ItemPrice>
      <UnitOfMeasurePrice>19.90</UnitOfMeasurePrice>
      <AllowDiscount>1</AllowDiscount>
      <itemStatus>1</itemStatus>
      <LastUpdateDate />
      <LastUpdateTime />
    </Product>
    <Product>
      <PriceUpdateDate>2016/09/02 08:13</PriceUpdateDate>
      <ItemCode>7290103243296</ItemCode>
      <ItemType>1</ItemType>
      <ItemName>עוגה שוקו צ`יפס 450 גר</ItemName>
      <ManufactureName>בני פאוזי שמשום (2009) בעמ</ManufactureName>
      <ManufactureCountry />
      <ManufactureItemDescription />
      <UnitQty>יח`</UnitQty>
      <Quantity>450</Quantity>
      <UnitMeasure>גרם</UnitMeasure>
      <BisWeighted>0</BisWeighted>
      <QtyInPackage>1</QtyInPackage>
      <ItemPrice>5.90</ItemPrice>
      <UnitOfMeasurePrice>1.31</UnitOfMeasurePrice>
      <AllowDiscount>1</AllowDiscount>
      <itemStatus>1</itemStatus>
      <LastUpdateDate />
      <LastUpdateTime />
    </Product>
    <Product>
      <PriceUpdateDate>2016/09/02 08:13</PriceUpdateDate>
      <ItemCode>7290103243302</ItemCode>
      <ItemType>1</ItemType>
      <ItemName>עוגה בטעם שוקולד 450 גר</ItemName>
      <ManufactureName>בני פאוזי שמשום (2009) בעמ</ManufactureName>
      <ManufactureCountry />
      <ManufactureItemDescription />
      <UnitQty>יח`</UnitQty>
      <Quantity>450</Quantity>
      <UnitMeasure>גרם</UnitMeasure>
      <BisWeighted>0</BisWeighted>
      <QtyInPackage>1</QtyInPackage>
      <ItemPrice>5.90</ItemPrice>
      <UnitOfMeasurePrice>1.31</UnitOfMeasurePrice>
      <AllowDiscount>1</AllowDiscount>
      <itemStatus>1</itemStatus>
      <LastUpdateDate />
      <LastUpdateTime />
    </Product>
    <Product>
      <PriceUpdateDate>2016/09/02 08:13</PriceUpdateDate>
      <ItemCode>7290103243319</ItemCode>
      <ItemType>1</ItemType>
      <ItemName>עוגה אנגלית 450 גר</ItemName>
      <ManufactureName>בני פאוזי שמשום (2009) בעמ</ManufactureName>
      <ManufactureCountry />
      <ManufactureItemDescription />
      <UnitQty>יח`</UnitQty>
      <Quantity>450</Quantity>
      <UnitMeasure>גרם</UnitMeasure>
      <BisWeighted>0</BisWeighted>
      <QtyInPackage>1</QtyInPackage>
      <ItemPrice>5.90</ItemPrice>
      <UnitOfMeasurePrice>1.31</UnitOfMeasurePrice>
      <AllowDiscount>1</AllowDiscount>
      <itemStatus>1</itemStatus>
      <LastUpdateDate />
      <LastUpdateTime />
    </Product>
    <Product>
      <PriceUpdateDate>2016/09/02 08:13</PriceUpdateDate>
      <ItemCode>7290103243326</ItemCode>
      <ItemType>1</ItemType>
      <ItemName>עוגת שיש 450 גר</ItemName>
      <ManufactureName>בני פאוזי שמשום (2009) בעמ</ManufactureName>
      <ManufactureCountry />
      <ManufactureItemDescription />
      <UnitQty>יח`</UnitQty>
      <Quantity>450</Quantity>
      <UnitMeasure>גרם</UnitMeasure>
      <BisWeighted>0</BisWeighted>
      <QtyInPackage>1</QtyInPackage>
      <ItemPrice>5.90</ItemPrice>
      <UnitOfMeasurePrice>1.31</UnitOfMeasurePrice>
      <AllowDiscount>1</AllowDiscount>
      <itemStatus>1</itemStatus>
      <LastUpdateDate />
      <LastUpdateTime />
    </Product>
    <Product>
      <PriceUpdateDate>2016/02/28 08:20</PriceUpdateDate>
      <ItemCode>7290103401382</ItemCode>
      <ItemType>1</ItemType>
      <ItemName>קפה PLATINUM אפריקאי 200 גר</ItemName>
      <ManufactureName>שטראוס גרופ בעמ</ManufactureName>
      <ManufactureCountry />
      <ManufactureItemDescription />
      <UnitQty>יח`</UnitQty>
      <Quantity>200</Quantity>
      <UnitMeasure>גרם</UnitMeasure>
      <BisWeighted>0</BisWeighted>
      <QtyInPackage>1</QtyInPackage>
      <ItemPrice>25.90</ItemPrice>
      <UnitOfMeasurePrice>12.95</UnitOfMeasurePrice>
      <AllowDiscount>0</AllowDiscount>
      <itemStatus>1</itemStatus>
      <LastUpdateDate />
      <LastUpdateTime />
    </Product>
    <Product>
      <PriceUpdateDate>2019/10/23 09:41</PriceUpdateDate>
      <ItemCode>7290103401429</ItemCode>
      <ItemType>1</ItemType>
      <ItemName>קפה PLATINUM ברזילאי 200 גר</ItemName>
      <ManufactureName>שטראוס גרופ בעמ</ManufactureName>
      <ManufactureCountry />
      <ManufactureItemDescription />
      <UnitQty>יח`</UnitQty>
      <Quantity>200</Quantity>
      <UnitMeasure>גרם</UnitMeasure>
      <BisWeighted>0</BisWeighted>
      <QtyInPackage>1</QtyInPackage>
      <ItemPrice>21.90</ItemPrice>
      <UnitOfMeasurePrice>10.95</UnitOfMeasurePrice>
      <AllowDiscount>0</AllowDiscount>
      <itemStatus>1</itemStatus>
      <LastUpdateDate />
      <LastUpdateTime />
    </Product>
    <Product>
      <PriceUpdateDate>2015/12/01 09:24</PriceUpdateDate>
      <ItemCode>7290103402815</ItemCode>
      <ItemType>1</ItemType>
      <ItemName>אצבעות שוקולד עם קרם חלב עלית (96 גרם)</ItemName>
      <ManufactureName>שטראוס גרופ בעמ</ManufactureName>
      <ManufactureCountry />
      <ManufactureItemDescription />
      <UnitQty>יח`</UnitQty>
      <Quantity>96</Quantity>
      <UnitMeasure>גרם</UnitMeasure>
      <BisWeighted>0</BisWeighted>
      <QtyInPackage>1</QtyInPackage>
      <ItemPrice>7.90</ItemPrice>
      <UnitOfMeasurePrice>8.23</UnitOfMeasurePrice>
      <AllowDiscount>0</AllowDiscount>
      <itemStatus>1</itemStatus>
      <LastUpdateDate />
      <LastUpdateTime />
    </Product>
    <Product>
      <PriceUpdateDate>2014/01/02 08:41</PriceUpdateDate>
      <ItemCode>7290103404758</ItemCode>
      <ItemType>1</ItemType>
      <ItemName>כרוב אדום במיונז אחלה (120 גרם)</ItemName>
      <ManufactureName>שטראוס גרופ בעמ/מצונן</ManufactureName>
      <ManufactureCountry />
      <ManufactureItemDescription />
      <UnitQty>יח`</UnitQty>
      <Quantity>120</Quantity>
      <UnitMeasure>גרם</UnitMeasure>
      <BisWeighted>0</BisWeighted>
      <QtyInPackage>1</QtyInPackage>
      <ItemPrice>5</ItemPrice>
      <UnitOfMeasurePrice>4.17</UnitOfMeasurePrice>
      <AllowDiscount>0</AllowDiscount>
      <itemStatus>1</itemStatus>
      <LastUpdateDate />
      <LastUpdateTime />
    </Product>
    <Product>
      <PriceUpdateDate>2015/12/01 09:24</PriceUpdateDate>
      <ItemCode>7290103407223</ItemCode>
      <ItemType>1</ItemType>
      <ItemName>שמיניית אצבעות שוקולד מגדים סוכריות קופצ</ItemName>
      <ManufactureName>שטראוס גרופ בעמ</ManufactureName>
      <ManufactureCountry />
      <ManufactureItemDescription />
      <UnitQty>יח`</UnitQty>
      <Quantity>96</Quantity>
      <UnitMeasure>גרם</UnitMeasure>
      <BisWeighted>0</BisWeighted>
      <QtyInPackage>1</QtyInPackage>
      <ItemPrice>7.90</ItemPrice>
      <UnitOfMeasurePrice>8.23</UnitOfMeasurePrice>
      <AllowDiscount>0</AllowDiscount>
      <itemStatus>1</itemStatus>
      <LastUpdateDate />
      <LastUpdateTime />
    </Product>
    <Product>
      <PriceUpdateDate>2015/03/04 09:12</PriceUpdateDate>
      <ItemCode>7290103407506</ItemCode>
      <ItemType>1</ItemType>
      <ItemName>מקופלת XL חלבי 33 גר</ItemName>
      <ManufactureName>שטראוס גרופ בעמ</ManufactureName>
      <ManufactureCountry />
      <ManufactureItemDescription />
      <UnitQty>יח`</UnitQty>
      <Quantity>33</Quantity>
      <UnitMeasure>גרם</UnitMeasure>
      <BisWeighted>0</BisWeighted>
      <QtyInPackage>1</QtyInPackage>
      <ItemPrice>3.90</ItemPrice>
      <UnitOfMeasurePrice>11.82</UnitOfMeasurePrice>
      <AllowDiscount>1</AllowDiscount>
      <itemStatus>1</itemStatus>
      <LastUpdateDate />
      <LastUpdateTime />
    </Product>
    <Product>
      <PriceUpdateDate>2016/04/19 08:00</PriceUpdateDate>
      <ItemCode>7290103408206</ItemCode>
      <ItemType>1</ItemType>
      <ItemName>עלי חסה ערבית שטופים 250 גר טעם הטבע</ItemName>
      <ManufactureName>שטראוס גרופ בעמ/מצונן</ManufactureName>
      <ManufactureCountry />
      <ManufactureItemDescription />
      <UnitQty>יח`</UnitQty>
      <Quantity>250</Quantity>
      <UnitMeasure>גרם</UnitMeasure>
      <BisWeighted>0</BisWeighted>
      <QtyInPackage>1</QtyInPackage>
      <ItemPrice>9.90</ItemPrice>
      <UnitOfMeasurePrice>3.96</UnitOfMeasurePrice>
      <AllowDiscount>1</AllowDiscount>
      <itemStatus>1</itemStatus>
      <LastUpdateDate />
      <LastUpdateTime />
    </Product>
    <Product>
      <PriceUpdateDate>2020/03/16 07:05</PriceUpdateDate>
      <ItemCode>7290103702656</ItemCode>
      <ItemType>1</ItemType>
      <ItemName>מגבות מטבח לובלי שישייה</ItemName>
      <ManufactureName>שניב תעשיות נייר בעמ</ManufactureName>
      <ManufactureCountry />
      <ManufactureItemDescription />
      <UnitQty>יח`</UnitQty>
      <Quantity>1</Quantity>
      <UnitMeasure />
      <BisWeighted>0</BisWeighted>
      <QtyInPackage>1</QtyInPackage>
      <ItemPrice>9.90</ItemPrice>
      <UnitOfMeasurePrice>9.90</UnitOfMeasurePrice>
      <AllowDiscount>0</AllowDiscount>
      <itemStatus>1</itemStatus>
      <LastUpdateDate />
      <LastUpdateTime />
    </Product>
    <Product>
      <PriceUpdateDate>2020/03/16 07:05</PriceUpdateDate>
      <ItemCode>7290103702663</ItemCode>
      <ItemType>1</ItemType>
      <ItemName>מגבות מטבח לובלי שמנייה</ItemName>
      <ManufactureName>שניב תעשיות נייר בעמ</ManufactureName>
      <ManufactureCountry />
      <ManufactureItemDescription />
      <UnitQty>יח`</UnitQty>
      <Quantity>1</Quantity>
      <UnitMeasure />
      <BisWeighted>0</BisWeighted>
      <QtyInPackage>1</QtyInPackage>
      <ItemPrice>12.90</ItemPrice>
      <UnitOfMeasurePrice>12.90</UnitOfMeasurePrice>
      <AllowDiscount>1</AllowDiscount>
      <itemStatus>1</itemStatus>
      <LastUpdateDate />
      <LastUpdateTime />
    </Product>
    <Product>
      <PriceUpdateDate>2019/08/15 08:38</PriceUpdateDate>
      <ItemCode>7290103702779</ItemCode>
      <ItemType>1</ItemType>
      <ItemName>מפיות טאצ` 150 יח</ItemName>
      <ManufactureName>שניב תעשיות נייר בעמ</ManufactureName>
      <ManufactureCountry />
      <ManufactureItemDescription />
      <UnitQty>יח`</UnitQty>
      <Quantity>1</Quantity>
      <UnitMeasure />
      <BisWeighted>0</BisWeighted>
      <QtyInPackage>1</QtyInPackage>
      <ItemPrice>6.90</ItemPrice>
      <UnitOfMeasurePrice>6.90</UnitOfMeasurePrice>
      <AllowDiscount>0</AllowDiscount>
      <itemStatus>1</itemStatus>
      <LastUpdateDate />
      <LastUpdateTime />
    </Product>
    <Product>
      <PriceUpdateDate>2019/08/08 08:27</PriceUpdateDate>
      <ItemCode>7290103742003</ItemCode>
      <ItemType>1</ItemType>
      <ItemName>מגבות טאצ שישייה</ItemName>
      <ManufactureName>שניב תעשיות נייר בעמ</ManufactureName>
      <ManufactureCountry />
      <ManufactureItemDescription />
      <UnitQty>יח`</UnitQty>
      <Quantity>1</Quantity>
      <UnitMeasure />
      <BisWeighted>0</BisWeighted>
      <QtyInPackage>1</QtyInPackage>
      <ItemPrice>9.90</ItemPrice>
      <UnitOfMeasurePrice>9.90</UnitOfMeasurePrice>
      <AllowDiscount>0</AllowDiscount>
      <itemStatus>1</itemStatus>
      <LastUpdateDate />
      <LastUpdateTime />
    </Product>
    <Product>
      <PriceUpdateDate>2019/08/08 08:27</PriceUpdateDate>
      <ItemCode>7290103746001</ItemCode>
      <ItemType>1</ItemType>
      <ItemName>ממחטות טאצ` חמישייה צבעוני 500 דף</ItemName>
      <ManufactureName>שניב תעשיות נייר בעמ</ManufactureName>
      <ManufactureCountry />
      <ManufactureItemDescription />
      <UnitQty>יח`</UnitQty>
      <Quantity>1</Quantity>
      <UnitMeasure />
      <BisWeighted>0</BisWeighted>
      <QtyInPackage>1</QtyInPackage>
      <ItemPrice>11.90</ItemPrice>
      <UnitOfMeasurePrice>11.90</UnitOfMeasurePrice>
      <AllowDiscount>1</AllowDiscount>
      <itemStatus>1</itemStatus>
      <LastUpdateDate />
      <LastUpdateTime />
    </Product>
    <Product>
      <PriceUpdateDate>2015/04/12 11:41</PriceUpdateDate>
      <ItemCode>7290104061219</ItemCode>
      <ItemType>1</ItemType>
      <ItemName>רבע לשבע אגוזים 120 גר`</ItemName>
      <ManufactureName>שטראוס גרופ בעמ</ManufactureName>
      <ManufactureCountry />
      <ManufactureItemDescription />
      <UnitQty>יח`</UnitQty>
      <Quantity>120</Quantity>
      <UnitMeasure>גרם</UnitMeasure>
      <BisWeighted>0</BisWeighted>
      <QtyInPackage>1</QtyInPackage>
      <ItemPrice>12.90</ItemPrice>
      <UnitOfMeasurePrice>10.75</UnitOfMeasurePrice>
      <AllowDiscount>1</AllowDiscount>
      <itemStatus>1</itemStatus>
      <LastUpdateDate />
      <LastUpdateTime />
    </Product>
    <Product>
      <PriceUpdateDate>2015/12/02 11:05</PriceUpdateDate>
      <ItemCode>7290104061417</ItemCode>
      <ItemType>1</ItemType>
      <ItemName>חומוס עם טחינה אחלה (400 גרם)</ItemName>
      <ManufactureName>שטראוס גרופ בעמ/מצונן</ManufactureName>
      <ManufactureCountry />
      <ManufactureItemDescription />
      <UnitQty>יח`</UnitQty>
      <Quantity>400</Quantity>
      <UnitMeasure>גרם</UnitMeasure>
      <BisWeighted>0</BisWeighted>
      <QtyInPackage>1</QtyInPackage>
      <ItemPrice>11.50</ItemPrice>
      <UnitOfMeasurePrice>2.88</UnitOfMeasurePrice>
      <AllowDiscount>0</AllowDiscount>
      <itemStatus>1</itemStatus>
      <LastUpdateDate />
      <LastUpdateTime />
    </Product>
    <Product>
      <PriceUpdateDate>2015/12/02 11:05</PriceUpdateDate>
      <ItemCode>7290104061424</ItemCode>
      <ItemType>1</ItemType>
      <ItemName>חומוס וזעתר אחלה (400 גרם)</ItemName>
      <ManufactureName>שטראוס גרופ בעמ/מצונן</ManufactureName>
      <ManufactureCountry />
      <ManufactureItemDescription />
      <UnitQty>יח`</UnitQty>
      <Quantity>400</Quantity>
      <UnitMeasure>גרם</UnitMeasure>
      <BisWeighted>0</BisWeighted>
      <QtyInPackage>1</QtyInPackage>
      <ItemPrice>11.50</ItemPrice>
      <UnitOfMeasurePrice>2.88</UnitOfMeasurePrice>
      <AllowDiscount>0</AllowDiscount>
      <itemStatus>1</itemStatus>
      <LastUpdateDate />
      <LastUpdateTime />
    </Product>
    <Product>
      <PriceUpdateDate>2015/12/02 11:05</PriceUpdateDate>
      <ItemCode>7290104061431</ItemCode>
      <ItemType>1</ItemType>
      <ItemName>חומוס עם צנובר אחלה (400 גרם)</ItemName>
      <ManufactureName>שטראוס גרופ בעמ/מצונן</ManufactureName>
      <ManufactureCountry />
      <ManufactureItemDescription />
      <UnitQty>יח`</UnitQty>
      <Quantity>400</Quantity>
      <UnitMeasure>גרם</UnitMeasure>
      <BisWeighted>0</BisWeighted>
      <QtyInPackage>1</QtyInPackage>
      <ItemPrice>11.50</ItemPrice>
      <UnitOfMeasurePrice>2.88</UnitOfMeasurePrice>
      <AllowDiscount>0</AllowDiscount>
      <itemStatus>1</itemStatus>
      <LastUpdateDate />
      <LastUpdateTime />
    </Product>
    <Product>
      <PriceUpdateDate>2015/12/02 11:05</PriceUpdateDate>
      <ItemCode>7290104061448</ItemCode>
      <ItemType>1</ItemType>
      <ItemName>חומוס וחריף אחלה (400 גרם)</ItemName>
      <ManufactureName>שטראוס גרופ בעמ/מצונן</ManufactureName>
      <ManufactureCountry />
      <ManufactureItemDescription />
      <UnitQty>יח`</UnitQty>
      <Quantity>400</Quantity>
      <UnitMeasure>גרם</UnitMeasure>
      <BisWeighted>0</BisWeighted>
      <QtyInPackage>1</QtyInPackage>
      <ItemPrice>11.50</ItemPrice>
      <UnitOfMeasurePrice>2.88</UnitOfMeasurePrice>
      <AllowDiscount>0</AllowDiscount>
      <itemStatus>1</itemStatus>
      <LastUpdateDate />
      <LastUpdateTime />
    </Product>
    <Product>
      <PriceUpdateDate>2014/01/01 16:40</PriceUpdateDate>
      <ItemCode>7290104062599</ItemCode>
      <ItemType>1</ItemType>
      <ItemName>מעדן בטעם תות בננה גמדים (100x8 גרם)</ItemName>
      <ManufactureName>שטראוס גרופ בעמ/מצונן</ManufactureName>
      <ManufactureCountry />
      <ManufactureItemDescription />
      <UnitQty>יח`</UnitQty>
      <Quantity>800</Quantity>
      <UnitMeasure>מ"ל</UnitMeasure>
      <BisWeighted>0</BisWeighted>
      <QtyInPackage>1</QtyInPackage>
      <ItemPrice>18.80</ItemPrice>
      <UnitOfMeasurePrice>2.35</UnitOfMeasurePrice>
      <AllowDiscount>0</AllowDiscount>
      <itemStatus>1</itemStatus>
      <LastUpdateDate />
      <LastUpdateTime />
    </Product>
    <Product>
      <PriceUpdateDate>2019/09/08 12:35</PriceUpdateDate>
      <ItemCode>7290104065187</ItemCode>
      <ItemType>1</ItemType>
      <ItemName>קפה נמס מוקה עלית (200 גרם)</ItemName>
      <ManufactureName>שטראוס גרופ בעמ</ManufactureName>
      <ManufactureCountry />
      <ManufactureItemDescription />
      <UnitQty>יח`</UnitQty>
      <Quantity>200</Quantity>
      <UnitMeasure>גרם</UnitMeasure>
      <BisWeighted>0</BisWeighted>
      <QtyInPackage>1</QtyInPackage>
      <ItemPrice>19.90</ItemPrice>
      <UnitOfMeasurePrice>9.95</UnitOfMeasurePrice>
      <AllowDiscount>0</AllowDiscount>
      <itemStatus>1</itemStatus>
      <LastUpdateDate />
      <LastUpdateTime />
    </Product>
    <Product>
      <PriceUpdateDate>2016/04/19 08:00</PriceUpdateDate>
      <ItemCode>7290104065934</ItemCode>
      <ItemType>1</ItemType>
      <ItemName>עלי רוקט שטראוס 150 גר`-טעם הטבע</ItemName>
      <ManufactureName>שטראוס גרופ בעמ/מצונן</ManufactureName>
      <ManufactureCountry />
      <ManufactureItemDescription />
      <UnitQty>יח`</UnitQty>
      <Quantity>150</Quantity>
      <UnitMeasure>גרם</UnitMeasure>
      <BisWeighted>0</BisWeighted>
      <QtyInPackage>1</QtyInPackage>
      <ItemPrice>9.90</ItemPrice>
      <UnitOfMeasurePrice>6.60</UnitOfMeasurePrice>
      <AllowDiscount>1</AllowDiscount>
      <itemStatus>1</itemStatus>
      <LastUpdateDate />
      <LastUpdateTime />
    </Product>
    <Product>
      <PriceUpdateDate>2014/01/01 16:40</PriceUpdateDate>
      <ItemCode>7290104066016</ItemCode>
      <ItemType>1</ItemType>
      <ItemName>מילקי טופ עדשים</ItemName>
      <ManufactureName>שטראוס גרופ בעמ/מצונן</ManufactureName>
      <ManufactureCountry />
      <ManufactureItemDescription />
      <UnitQty>יח`</UnitQty>
      <Quantity>170</Quantity>
      <UnitMeasure>מ"ל</UnitMeasure>
      <BisWeighted>0</BisWeighted>
      <QtyInPackage>1</QtyInPackage>
      <ItemPrice>4.60</ItemPrice>
      <UnitOfMeasurePrice>2.71</UnitOfMeasurePrice>
      <AllowDiscount>1</AllowDiscount>
      <itemStatus>1</itemStatus>
      <LastUpdateDate />
      <LastUpdateTime />
    </Product>
    <Product>
      <PriceUpdateDate>2015/12/02 11:05</PriceUpdateDate>
      <ItemCode>7290104066566</ItemCode>
      <ItemType>1</ItemType>
      <ItemName>טחינה משומשום מלא אחלה (500 גרם)</ItemName>
      <ManufactureName>שטראוס גרופ בעמ/מצונן</ManufactureName>
      <ManufactureCountry />
      <ManufactureItemDescription />
      <UnitQty>יח`</UnitQty>
      <Quantity>500</Quantity>
      <UnitMeasure>גרם</UnitMeasure>
      <BisWeighted>0</BisWeighted>
      <QtyInPackage>1</QtyInPackage>
      <ItemPrice>14.90</ItemPrice>
      <UnitOfMeasurePrice>2.98</UnitOfMeasurePrice>
      <AllowDiscount>0</AllowDiscount>
      <itemStatus>1</itemStatus>
      <LastUpdateDate />
      <LastUpdateTime />
    </Product>
    <Product>
      <PriceUpdateDate>2015/09/29 17:05</PriceUpdateDate>
      <ItemCode>7290104067198</ItemCode>
      <ItemType>1</ItemType>
      <ItemName>ספלנדיד תפוז בדצ</ItemName>
      <ManufactureName>שטראוס גרופ בעמ</ManufactureName>
      <ManufactureCountry />
      <ManufactureItemDescription />
      <UnitQty>יח`</UnitQty>
      <Quantity>100</Quantity>
      <UnitMeasure>גרם</UnitMeasure>
      <BisWeighted>0</BisWeighted>
      <QtyInPackage>1</QtyInPackage>
      <ItemPrice>10.90</ItemPrice>
      <UnitOfMeasurePrice>10.90</UnitOfMeasurePrice>
      <AllowDiscount>0</AllowDiscount>
      <itemStatus>1</itemStatus>
      <LastUpdateDate />
      <LastUpdateTime />
    </Product>
    <Product>
      <PriceUpdateDate>2013/10/28 18:03</PriceUpdateDate>
      <ItemCode>7290104500572</ItemCode>
      <ItemType>1</ItemType>
      <ItemName>אפרופו 50 גר` איטליאנו</ItemName>
      <ManufactureName>קבוצת אסם סחר שות. מוגבלת</ManufactureName>
      <ManufactureCountry />
      <ManufactureItemDescription />
      <UnitQty>יח`</UnitQty>
      <Quantity>50</Quantity>
      <UnitMeasure>גרם</UnitMeasure>
      <BisWeighted>0</BisWeighted>
      <QtyInPackage>1</QtyInPackage>
      <ItemPrice>5</ItemPrice>
      <UnitOfMeasurePrice>10</UnitOfMeasurePrice>
      <AllowDiscount>1</AllowDiscount>
      <itemStatus>1</itemStatus>
      <LastUpdateDate />
      <LastUpdateTime />
    </Product>
    <Product>
      <PriceUpdateDate>2013/11/14 11:28</PriceUpdateDate>
      <ItemCode>7290104501661</ItemCode>
      <ItemType>1</ItemType>
      <ItemName>פודינג בטעם וניל צרפתי 80  גר`אסם</ItemName>
      <ManufactureName>קבוצת אסם סחר שות. מוגבלת</ManufactureName>
      <ManufactureCountry />
      <ManufactureItemDescription />
      <UnitQty>יח`</UnitQty>
      <Quantity>80</Quantity>
      <UnitMeasure>גרם</UnitMeasure>
      <BisWeighted>0</BisWeighted>
      <QtyInPackage>1</QtyInPackage>
      <ItemPrice>5.90</ItemPrice>
      <UnitOfMeasurePrice>7.38</UnitOfMeasurePrice>
      <AllowDiscount>0</AllowDiscount>
      <itemStatus>1</itemStatus>
      <LastUpdateDate />
      <LastUpdateTime />
    </Product>
    <Product>
      <PriceUpdateDate>2014/04/28 13:13</PriceUpdateDate>
      <ItemCode>7290104504228</ItemCode>
      <ItemType>1</ItemType>
      <ItemName>דובונים חטיף תפוחי אדמה אסם (20x5 גרם)</ItemName>
      <ManufactureName>קבוצת אסם סחר שות. מוגבלת</ManufactureName>
      <ManufactureCountry />
      <ManufactureItemDescription />
      <UnitQty>יח`</UnitQty>
      <Quantity>100</Quantity>
      <UnitMeasure>גרם</UnitMeasure>
      <BisWeighted>0</BisWeighted>
      <QtyInPackage>1</QtyInPackage>
      <ItemPrice>13.90</ItemPrice>
      <UnitOfMeasurePrice>13.90</UnitOfMeasurePrice>
      <AllowDiscount>1</AllowDiscount>
      <itemStatus>1</itemStatus>
      <LastUpdateDate />
      <LastUpdateTime />
    </Product>
    <Product>
      <PriceUpdateDate>2014/08/10 11:20</PriceUpdateDate>
      <ItemCode>7290104508202</ItemCode>
      <ItemType>1</ItemType>
      <ItemName>גביעי גלידה אמריקאים אסם) (24</ItemName>
      <ManufactureName>קבוצת אסם סחר שות. מוגבלת</ManufactureName>
      <ManufactureCountry />
      <ManufactureItemDescription />
      <UnitQty>יח`</UnitQty>
      <Quantity>120</Quantity>
      <UnitMeasure>גרם</UnitMeasure>
      <BisWeighted>0</BisWeighted>
      <QtyInPackage>1</QtyInPackage>
      <ItemPrice>13.90</ItemPrice>
      <UnitOfMeasurePrice>11.58</UnitOfMeasurePrice>
      <AllowDiscount>0</AllowDiscount>
      <itemStatus>1</itemStatus>
      <LastUpdateDate />
      <LastUpdateTime />
    </Product>
    <Product>
      <PriceUpdateDate>2015/12/01 14:02</PriceUpdateDate>
      <ItemCode>7290104508943</ItemCode>
      <ItemType>1</ItemType>
      <ItemName>במבה אסם (200 גרם)</ItemName>
      <ManufactureName>קבוצת אסם סחר שות. מוגבלת</ManufactureName>
      <ManufactureCountry />
      <ManufactureItemDescription />
      <UnitQty>יח`</UnitQty>
      <Quantity>200</Quantity>
      <UnitMeasure>גרם</UnitMeasure>
      <BisWeighted>0</BisWeighted>
      <QtyInPackage>1</QtyInPackage>
      <ItemPrice>9.90</ItemPrice>
      <UnitOfMeasurePrice>4.95</UnitOfMeasurePrice>
      <AllowDiscount>0</AllowDiscount>
      <itemStatus>1</itemStatus>
      <LastUpdateDate />
      <LastUpdateTime />
    </Product>
    <Product>
      <PriceUpdateDate>2014/12/29 11:04</PriceUpdateDate>
      <ItemCode>7290104720499</ItemCode>
      <ItemType>1</ItemType>
      <ItemName>מארז 8 דני וניל</ItemName>
      <ManufactureName>שטראוס גרופ בעמ/מצונן</ManufactureName>
      <ManufactureCountry />
      <ManufactureItemDescription />
      <UnitQty>יח`</UnitQty>
      <Quantity>1</Quantity>
      <UnitMeasure>1 ליטר</UnitMeasure>
      <BisWeighted>0</BisWeighted>
      <QtyInPackage>1</QtyInPackage>
      <ItemPrice>16.40</ItemPrice>
      <UnitOfMeasurePrice>16.40</UnitOfMeasurePrice>
      <AllowDiscount>0</AllowDiscount>
      <itemStatus>1</itemStatus>
      <LastUpdateDate />
      <LastUpdateTime />
    </Product>
    <Product>
      <PriceUpdateDate>2015/12/02 11:05</PriceUpdateDate>
      <ItemCode>7290104721533</ItemCode>
      <ItemType>1</ItemType>
      <ItemName>רצועות פלפלים קלויים אחלה (400 גרם)</ItemName>
      <ManufactureName>שטראוס גרופ בעמ/מצונן</ManufactureName>
      <ManufactureCountry />
      <ManufactureItemDescription />
      <UnitQty>יח`</UnitQty>
      <Quantity>400</Quantity>
      <UnitMeasure>גרם</UnitMeasure>
      <BisWeighted>0</BisWeighted>
      <QtyInPackage>1</QtyInPackage>
      <ItemPrice>16.50</ItemPrice>
      <UnitOfMeasurePrice>4.13</UnitOfMeasurePrice>
      <AllowDiscount>0</AllowDiscount>
      <itemStatus>1</itemStatus>
      <LastUpdateDate />
      <LastUpdateTime />
    </Product>
    <Product>
      <PriceUpdateDate>2015/04/29 11:13</PriceUpdateDate>
      <ItemCode>7290104721762</ItemCode>
      <ItemType>1</ItemType>
      <ItemName>קפה טורקי עלית (85x3 גרם)</ItemName>
      <ManufactureName>שטראוס גרופ בעמ</ManufactureName>
      <ManufactureCountry />
      <ManufactureItemDescription />
      <UnitQty>יח`</UnitQty>
      <Quantity>255</Quantity>
      <UnitMeasure>גרם</UnitMeasure>
      <BisWeighted>0</BisWeighted>
      <QtyInPackage>1</QtyInPackage>
      <ItemPrice>19.90</ItemPrice>
      <UnitOfMeasurePrice>7.80</UnitOfMeasurePrice>
      <AllowDiscount>0</AllowDiscount>
      <itemStatus>1</itemStatus>
      <LastUpdateDate />
      <LastUpdateTime />
    </Product>
    <Product>
      <PriceUpdateDate>2018/05/13 11:11</PriceUpdateDate>
      <ItemCode>7290104722219</ItemCode>
      <ItemType>1</ItemType>
      <ItemName>עוגת שוקולד עם קרם שוקולד</ItemName>
      <ManufactureName>שטראוס גרופ בעמ</ManufactureName>
      <ManufactureCountry />
      <ManufactureItemDescription />
      <UnitQty>יח`</UnitQty>
      <Quantity>330</Quantity>
      <UnitMeasure>גרם</UnitMeasure>
      <BisWeighted>0</BisWeighted>
      <QtyInPackage>1</QtyInPackage>
      <ItemPrice>17.90</ItemPrice>
      <UnitOfMeasurePrice>5.42</UnitOfMeasurePrice>
      <AllowDiscount>1</AllowDiscount>
      <itemStatus>1</itemStatus>
      <LastUpdateDate />
      <LastUpdateTime />
    </Product>
    <Product>
      <PriceUpdateDate>2013/12/18 08:39</PriceUpdateDate>
      <ItemCode>7290104722530</ItemCode>
      <ItemType>1</ItemType>
      <ItemName>תפוצ`יפס 200 גר` שמנת בצל</ItemName>
      <ManufactureName>שטראוס פריטו ליי בעמ</ManufactureName>
      <ManufactureCountry />
      <ManufactureItemDescription />
      <UnitQty>יח`</UnitQty>
      <Quantity>200</Quantity>
      <UnitMeasure>גרם</UnitMeasure>
      <BisWeighted>0</BisWeighted>
      <QtyInPackage>1</QtyInPackage>
      <ItemPrice>10.90</ItemPrice>
      <UnitOfMeasurePrice>5.45</UnitOfMeasurePrice>
      <AllowDiscount>1</AllowDiscount>
      <itemStatus>1</itemStatus>
      <LastUpdateDate />
      <LastUpdateTime />
    </Product>
    <Product>
      <PriceUpdateDate>2015/04/12 11:41</PriceUpdateDate>
      <ItemCode>7290104726262</ItemCode>
      <ItemType>1</ItemType>
      <ItemName>מארז 4 דני לשתייה</ItemName>
      <ManufactureName>שטראוס גרופ בעמ/מצונן</ManufactureName>
      <ManufactureCountry />
      <ManufactureItemDescription />
      <UnitQty>יח`</UnitQty>
      <Quantity>500</Quantity>
      <UnitMeasure>גרם</UnitMeasure>
      <BisWeighted>0</BisWeighted>
      <QtyInPackage>1</QtyInPackage>
      <ItemPrice>11</ItemPrice>
      <UnitOfMeasurePrice>2.20</UnitOfMeasurePrice>
      <AllowDiscount>0</AllowDiscount>
      <itemStatus>1</itemStatus>
      <LastUpdateDate />
      <LastUpdateTime />
    </Product>
    <Product>
      <PriceUpdateDate>2016/08/10 11:13</PriceUpdateDate>
      <ItemCode>7290104726712</ItemCode>
      <ItemType>1</ItemType>
      <ItemName>מילקי שמיניה</ItemName>
      <ManufactureName>שטראוס גרופ בעמ/מצונן</ManufactureName>
      <ManufactureCountry />
      <ManufactureItemDescription />
      <UnitQty>יח`</UnitQty>
      <Quantity>868</Quantity>
      <UnitMeasure>מ"ל</UnitMeasure>
      <BisWeighted>0</BisWeighted>
      <QtyInPackage>1</QtyInPackage>
      <ItemPrice>19.90</ItemPrice>
      <UnitOfMeasurePrice>2.29</UnitOfMeasurePrice>
      <AllowDiscount>0</AllowDiscount>
      <itemStatus>1</itemStatus>
      <LastUpdateDate />
      <LastUpdateTime />
    </Product>
    <Product>
      <PriceUpdateDate>2015/10/09 09:33</PriceUpdateDate>
      <ItemCode>7290104727726</ItemCode>
      <ItemType>1</ItemType>
      <ItemName>שוקולד מריר עלית (100x5 גרם)</ItemName>
      <ManufactureName>שטראוס גרופ בעמ</ManufactureName>
      <ManufactureCountry />
      <ManufactureItemDescription />
      <UnitQty>יח`</UnitQty>
      <Quantity>500</Quantity>
      <UnitMeasure>גרם</UnitMeasure>
      <BisWeighted>0</BisWeighted>
      <QtyInPackage>1</QtyInPackage>
      <ItemPrice>22.90</ItemPrice>
      <UnitOfMeasurePrice>4.58</UnitOfMeasurePrice>
      <AllowDiscount>0</AllowDiscount>
      <itemStatus>1</itemStatus>
      <LastUpdateDate />
      <LastUpdateTime />
    </Product>
    <Product>
      <PriceUpdateDate>2015/12/02 11:10</PriceUpdateDate>
      <ItemCode>7290104728242</ItemCode>
      <ItemType>1</ItemType>
      <ItemName>צ`יקו להכנת משקה צ`יקוריה עלית (130 גרם)</ItemName>
      <ManufactureName>שטראוס גרופ בעמ</ManufactureName>
      <ManufactureCountry />
      <ManufactureItemDescription />
      <UnitQty>יח`</UnitQty>
      <Quantity>130</Quantity>
      <UnitMeasure>גרם</UnitMeasure>
      <BisWeighted>0</BisWeighted>
      <QtyInPackage>1</QtyInPackage>
      <ItemPrice>24.90</ItemPrice>
      <UnitOfMeasurePrice>19.15</UnitOfMeasurePrice>
      <AllowDiscount>0</AllowDiscount>
      <itemStatus>1</itemStatus>
      <LastUpdateDate />
      <LastUpdateTime />
    </Product>
    <Product>
      <PriceUpdateDate>2015/10/09 09:33</PriceUpdateDate>
      <ItemCode>7290104729492</ItemCode>
      <ItemType>1</ItemType>
      <ItemName>שוקולד פרה חלב עלית (100x5 גרם)</ItemName>
      <ManufactureName>שטראוס גרופ בעמ</ManufactureName>
      <ManufactureCountry />
      <ManufactureItemDescription />
      <UnitQty>יח`</UnitQty>
      <Quantity>500</Quantity>
      <UnitMeasure>גרם</UnitMeasure>
      <BisWeighted>0</BisWeighted>
      <QtyInPackage>1</QtyInPackage>
      <ItemPrice>22.90</ItemPrice>
      <UnitOfMeasurePrice>4.58</UnitOfMeasurePrice>
      <AllowDiscount>0</AllowDiscount>
      <itemStatus>1</itemStatus>
      <LastUpdateDate />
      <LastUpdateTime />
    </Product>
    <Product>
      <PriceUpdateDate>2019/08/29 10:53</PriceUpdateDate>
      <ItemCode>7290104850868</ItemCode>
      <ItemType>1</ItemType>
      <ItemName>צלחות ענק קרם) (25 פאלאס</ItemName>
      <ManufactureName>פאלאס תעשיות נטו (2014) בעמ</ManufactureName>
      <ManufactureCountry />
      <ManufactureItemDescription />
      <UnitQty>יח`</UnitQty>
      <Quantity>1</Quantity>
      <UnitMeasure />
      <BisWeighted>0</BisWeighted>
      <QtyInPackage>1</QtyInPackage>
      <ItemPrice>14.90</ItemPrice>
      <UnitOfMeasurePrice>14.90</UnitOfMeasurePrice>
      <AllowDiscount>1</AllowDiscount>
      <itemStatus>1</itemStatus>
      <LastUpdateDate />
      <LastUpdateTime />
    </Product>
    <Product>
      <PriceUpdateDate>2019/08/29 10:53</PriceUpdateDate>
      <ItemCode>7290104850981</ItemCode>
      <ItemType>1</ItemType>
      <ItemName>צלחת גדולה קרם 25 יח פאלאס</ItemName>
      <ManufactureName>פאלאס תעשיות נטו (2014) בעמ</ManufactureName>
      <ManufactureCountry />
      <ManufactureItemDescription />
      <UnitQty>יח`</UnitQty>
      <Quantity>1</Quantity>
      <UnitMeasure />
      <BisWeighted>0</BisWeighted>
      <QtyInPackage>1</QtyInPackage>
      <ItemPrice>8.90</ItemPrice>
      <UnitOfMeasurePrice>8.90</UnitOfMeasurePrice>
      <AllowDiscount>1</AllowDiscount>
      <itemStatus>1</itemStatus>
      <LastUpdateDate />
      <LastUpdateTime />
    </Product>
    <Product>
      <PriceUpdateDate>2019/08/29 10:53</PriceUpdateDate>
      <ItemCode>7290104851223</ItemCode>
      <ItemType>1</ItemType>
      <ItemName>צלחת מרק קרם 25 יח פאלאס</ItemName>
      <ManufactureName>פאלאס תעשיות נטו (2014) בעמ</ManufactureName>
      <ManufactureCountry />
      <ManufactureItemDescription />
      <UnitQty>יח`</UnitQty>
      <Quantity>1</Quantity>
      <UnitMeasure />
      <BisWeighted>0</BisWeighted>
      <QtyInPackage>1</QtyInPackage>
      <ItemPrice>6.90</ItemPrice>
      <UnitOfMeasurePrice>6.90</UnitOfMeasurePrice>
      <AllowDiscount>1</AllowDiscount>
      <itemStatus>1</itemStatus>
      <LastUpdateDate />
      <LastUpdateTime />
    </Product>
    <Product>
      <PriceUpdateDate>2019/08/29 10:53</PriceUpdateDate>
      <ItemCode>7290104851339</ItemCode>
      <ItemType>1</ItemType>
      <ItemName>צלחת קטנה קרם 25 יח פאלאס</ItemName>
      <ManufactureName>פאלאס תעשיות נטו (2014) בעמ</ManufactureName>
      <ManufactureCountry />
      <ManufactureItemDescription />
      <UnitQty>יח`</UnitQty>
      <Quantity>1</Quantity>
      <UnitMeasure />
      <BisWeighted>0</BisWeighted>
      <QtyInPackage>1</QtyInPackage>
      <ItemPrice>5.90</ItemPrice>
      <UnitOfMeasurePrice>5.90</UnitOfMeasurePrice>
      <AllowDiscount>0</AllowDiscount>
      <itemStatus>1</itemStatus>
      <LastUpdateDate />
      <LastUpdateTime />
    </Product>
    <Product>
      <PriceUpdateDate>2019/08/29 10:53</PriceUpdateDate>
      <ItemCode>7290104851612</ItemCode>
      <ItemType>1</ItemType>
      <ItemName>צלחת לפתן קרם 25 יח פאלאס</ItemName>
      <ManufactureName>פאלאס תעשיות נטו (2014) בעמ</ManufactureName>
      <ManufactureCountry />
      <ManufactureItemDescription />
      <UnitQty>יח`</UnitQty>
      <Quantity>1</Quantity>
      <UnitMeasure />
      <BisWeighted>0</BisWeighted>
      <QtyInPackage>1</QtyInPackage>
      <ItemPrice>4.90</ItemPrice>
      <UnitOfMeasurePrice>4.90</UnitOfMeasurePrice>
      <AllowDiscount>0</AllowDiscount>
      <itemStatus>1</itemStatus>
      <LastUpdateDate />
      <LastUpdateTime />
    </Product>
    <Product>
      <PriceUpdateDate>2019/08/29 10:53</PriceUpdateDate>
      <ItemCode>7290104851674</ItemCode>
      <ItemType>1</ItemType>
      <ItemName>קערית אובלית קרם 25 יח פאלאס</ItemName>
      <ManufactureName>פאלאס תעשיות נטו (2014) בעמ</ManufactureName>
      <ManufactureCountry />
      <ManufactureItemDescription />
      <UnitQty>יח`</UnitQty>
      <Quantity>1</Quantity>
      <UnitMeasure />
      <BisWeighted>0</BisWeighted>
      <QtyInPackage>1</QtyInPackage>
      <ItemPrice>4.90</ItemPrice>
      <UnitOfMeasurePrice>4.90</UnitOfMeasurePrice>
      <AllowDiscount>1</AllowDiscount>
      <itemStatus>1</itemStatus>
      <LastUpdateDate />
      <LastUpdateTime />
    </Product>
    <Product>
      <PriceUpdateDate>2017/02/07 12:52</PriceUpdateDate>
      <ItemCode>7290104852176</ItemCode>
      <ItemType>1</ItemType>
      <ItemName>נר נשמה בפחית פאלאס</ItemName>
      <ManufactureName>פאלאס תעשיות נטו (2014) בעמ</ManufactureName>
      <ManufactureCountry />
      <ManufactureItemDescription />
      <UnitQty>יח`</UnitQty>
      <Quantity>1</Quantity>
      <UnitMeasure />
      <BisWeighted>0</BisWeighted>
      <QtyInPackage>1</QtyInPackage>
      <ItemPrice>1.90</ItemPrice>
      <UnitOfMeasurePrice>1.90</UnitOfMeasurePrice>
      <AllowDiscount>0</AllowDiscount>
      <itemStatus>1</itemStatus>
      <LastUpdateDate />
      <LastUpdateTime />
    </Product>
    <Product>
      <PriceUpdateDate>2017/02/08 08:59</PriceUpdateDate>
      <ItemCode>7290104852435</ItemCode>
      <ItemType>1</ItemType>
      <ItemName>נרות שבת 8 יח 140 גר</ItemName>
      <ManufactureName>פאלאס תעשיות נטו (2014) בעמ</ManufactureName>
      <ManufactureCountry />
      <ManufactureItemDescription />
      <UnitQty>יח`</UnitQty>
      <Quantity>140</Quantity>
      <UnitMeasure>גרם</UnitMeasure>
      <BisWeighted>0</BisWeighted>
      <QtyInPackage>1</QtyInPackage>
      <ItemPrice>3.90</ItemPrice>
      <UnitOfMeasurePrice>2.79</UnitOfMeasurePrice>
      <AllowDiscount>0</AllowDiscount>
      <itemStatus>1</itemStatus>
      <LastUpdateDate />
      <LastUpdateTime />
    </Product>
    <Product>
      <PriceUpdateDate>2017/02/08 08:59</PriceUpdateDate>
      <ItemCode>7290104852466</ItemCode>
      <ItemType>1</ItemType>
      <ItemName>נרות שבת 16 יח 140 גר</ItemName>
      <ManufactureName>פאלאס תעשיות נטו (2014) בעמ</ManufactureName>
      <ManufactureCountry />
      <ManufactureItemDescription />
      <UnitQty>יח`</UnitQty>
      <Quantity>140</Quantity>
      <UnitMeasure>גרם</UnitMeasure>
      <BisWeighted>0</BisWeighted>
      <QtyInPackage>1</QtyInPackage>
      <ItemPrice>3.90</ItemPrice>
      <UnitOfMeasurePrice>2.79</UnitOfMeasurePrice>
      <AllowDiscount>0</AllowDiscount>
      <itemStatus>1</itemStatus>
      <LastUpdateDate />
      <LastUpdateTime />
    </Product>
    <Product>
      <PriceUpdateDate>2017/02/08 08:59</PriceUpdateDate>
      <ItemCode>7290104852473</ItemCode>
      <ItemType>1</ItemType>
      <ItemName>נרות שבת 20 יח 140 יח</ItemName>
      <ManufactureName>פאלאס תעשיות נטו (2014) בעמ</ManufactureName>
      <ManufactureCountry />
      <ManufactureItemDescription />
      <UnitQty>יח`</UnitQty>
      <Quantity>140</Quantity>
      <UnitMeasure>גרם</UnitMeasure>
      <BisWeighted>0</BisWeighted>
      <QtyInPackage>1</QtyInPackage>
      <ItemPrice>3.90</ItemPrice>
      <UnitOfMeasurePrice>2.79</UnitOfMeasurePrice>
      <AllowDiscount>0</AllowDiscount>
      <itemStatus>1</itemStatus>
      <LastUpdateDate />
      <LastUpdateTime />
    </Product>
    <Product>
      <PriceUpdateDate>2018/08/29 14:54</PriceUpdateDate>
      <ItemCode>7290104852503</ItemCode>
      <ItemType>1</ItemType>
      <ItemName>מגבון טואלט שלישייה פאלס</ItemName>
      <ManufactureName>פאלאס תעשיות נטו (2014) בעמ</ManufactureName>
      <ManufactureCountry />
      <ManufactureItemDescription />
      <UnitQty>יח`</UnitQty>
      <Quantity>1</Quantity>
      <UnitMeasure />
      <BisWeighted>0</BisWeighted>
      <QtyInPackage>1</QtyInPackage>
      <ItemPrice>9.90</ItemPrice>
      <UnitOfMeasurePrice>9.90</UnitOfMeasurePrice>
      <AllowDiscount>0</AllowDiscount>
      <itemStatus>1</itemStatus>
      <LastUpdateDate />
      <LastUpdateTime />
    </Product>
    <Product>
      <PriceUpdateDate>2017/04/09 07:59</PriceUpdateDate>
      <ItemCode>7290104855122</ItemCode>
      <ItemType>1</ItemType>
      <ItemName>כוסות נייר b8 פאלאס (50)</ItemName>
      <ManufactureName>פאלאס תעשיות נטו (2014) בעמ</ManufactureName>
      <ManufactureCountry />
      <ManufactureItemDescription />
      <UnitQty>יח`</UnitQty>
      <Quantity>50</Quantity>
      <UnitMeasure>יח`</UnitMeasure>
      <BisWeighted>0</BisWeighted>
      <QtyInPackage>1</QtyInPackage>
      <ItemPrice>7.90</ItemPrice>
      <UnitOfMeasurePrice>0.16</UnitOfMeasurePrice>
      <AllowDiscount>1</AllowDiscount>
      <itemStatus>1</itemStatus>
      <LastUpdateDate />
      <LastUpdateTime />
    </Product>
    <Product>
      <PriceUpdateDate>2019/02/12 11:41</PriceUpdateDate>
      <ItemCode>7290104857034</ItemCode>
      <ItemType>1</ItemType>
      <ItemName>מפיות אירוח נקודות 80 יח לפיד</ItemName>
      <ManufactureName>פאלאס תעשיות נטו (2014) בעמ</ManufactureName>
      <ManufactureCountry />
      <ManufactureItemDescription />
      <UnitQty>יח`</UnitQty>
      <Quantity>1</Quantity>
      <UnitMeasure />
      <BisWeighted>0</BisWeighted>
      <QtyInPackage>1</QtyInPackage>
      <ItemPrice>5.90</ItemPrice>
      <UnitOfMeasurePrice>5.90</UnitOfMeasurePrice>
      <AllowDiscount>1</AllowDiscount>
      <itemStatus>1</itemStatus>
      <LastUpdateDate />
      <LastUpdateTime />
    </Product>
    <Product>
      <PriceUpdateDate>2016/06/01 09:19</PriceUpdateDate>
      <ItemCode>7290104857041</ItemCode>
      <ItemType>1</ItemType>
      <ItemName>כוסות חד פעמיות לשתיה קרה פאלאס (100)</ItemName>
      <ManufactureName>פאלאס תעשיות נטו (2014) בעמ</ManufactureName>
      <ManufactureCountry />
      <ManufactureItemDescription />
      <UnitQty>יח`</UnitQty>
      <Quantity>1</Quantity>
      <UnitMeasure />
      <BisWeighted>0</BisWeighted>
      <QtyInPackage>1</QtyInPackage>
      <ItemPrice>3.90</ItemPrice>
      <UnitOfMeasurePrice>3.90</UnitOfMeasurePrice>
      <AllowDiscount>1</AllowDiscount>
      <itemStatus>1</itemStatus>
      <LastUpdateDate />
      <LastUpdateTime />
    </Product>
    <Product>
      <PriceUpdateDate>2018/04/22 12:37</PriceUpdateDate>
      <ItemCode>7290104857416</ItemCode>
      <ItemType>1</ItemType>
      <ItemName>כוסות נייר B8 פאלס (50)</ItemName>
      <ManufactureName>פאלאס תעשיות נטו (2014) בעמ</ManufactureName>
      <ManufactureCountry />
      <ManufactureItemDescription />
      <UnitQty>יח`</UnitQty>
      <Quantity>1</Quantity>
      <UnitMeasure />
      <BisWeighted>0</BisWeighted>
      <QtyInPackage>1</QtyInPackage>
      <ItemPrice>7.90</ItemPrice>
      <UnitOfMeasurePrice>7.90</UnitOfMeasurePrice>
      <AllowDiscount>1</AllowDiscount>
      <itemStatus>1</itemStatus>
      <LastUpdateDate />
      <LastUpdateTime />
    </Product>
    <Product>
      <PriceUpdateDate>2017/03/30 08:34</PriceUpdateDate>
      <ItemCode>7290104858536</ItemCode>
      <ItemType>1</ItemType>
      <ItemName>קינוחים מעוצבים לפיד</ItemName>
      <ManufactureName>פאלאס תעשיות נטו (2014) בעמ</ManufactureName>
      <ManufactureCountry />
      <ManufactureItemDescription />
      <UnitQty>יח`</UnitQty>
      <Quantity>1</Quantity>
      <UnitMeasure />
      <BisWeighted>0</BisWeighted>
      <QtyInPackage>1</QtyInPackage>
      <ItemPrice>12.90</ItemPrice>
      <UnitOfMeasurePrice>12.90</UnitOfMeasurePrice>
      <AllowDiscount>0</AllowDiscount>
      <itemStatus>1</itemStatus>
      <LastUpdateDate />
      <LastUpdateTime />
    </Product>
    <Product>
      <PriceUpdateDate>2019/05/07 16:30</PriceUpdateDate>
      <ItemCode>7290104858598</ItemCode>
      <ItemType>1</ItemType>
      <ItemName>מפיות לבנות 100 יח לפיד</ItemName>
      <ManufactureName>פאלאס תעשיות נטו (2014) בעמ</ManufactureName>
      <ManufactureCountry />
      <ManufactureItemDescription />
      <UnitQty>יח`</UnitQty>
      <Quantity>1</Quantity>
      <UnitMeasure />
      <BisWeighted>0</BisWeighted>
      <QtyInPackage>1</QtyInPackage>
      <ItemPrice>3.90</ItemPrice>
      <UnitOfMeasurePrice>3.90</UnitOfMeasurePrice>
      <AllowDiscount>1</AllowDiscount>
      <itemStatus>1</itemStatus>
      <LastUpdateDate />
      <LastUpdateTime />
    </Product>
    <Product>
      <PriceUpdateDate>2019/02/17 11:38</PriceUpdateDate>
      <ItemCode>7290104858604</ItemCode>
      <ItemType>1</ItemType>
      <ItemName>מזלג פלטינום 50 יח פאלאס</ItemName>
      <ManufactureName>פאלאס תעשיות נטו (2014) בעמ</ManufactureName>
      <ManufactureCountry />
      <ManufactureItemDescription />
      <UnitQty>יח`</UnitQty>
      <Quantity>1</Quantity>
      <UnitMeasure />
      <BisWeighted>0</BisWeighted>
      <QtyInPackage>1</QtyInPackage>
      <ItemPrice>6.90</ItemPrice>
      <UnitOfMeasurePrice>6.90</UnitOfMeasurePrice>
      <AllowDiscount>1</AllowDiscount>
      <itemStatus>1</itemStatus>
      <LastUpdateDate />
      <LastUpdateTime />
    </Product>
    <Product>
      <PriceUpdateDate>2019/02/17 11:38</PriceUpdateDate>
      <ItemCode>7290104858611</ItemCode>
      <ItemType>1</ItemType>
      <ItemName>סכין פלטינום 50 יח פאלאס</ItemName>
      <ManufactureName>פאלאס תעשיות נטו (2014) בעמ</ManufactureName>
      <ManufactureCountry />
      <ManufactureItemDescription />
      <UnitQty>יח`</UnitQty>
      <Quantity>1</Quantity>
      <UnitMeasure />
      <BisWeighted>0</BisWeighted>
      <QtyInPackage>1</QtyInPackage>
      <ItemPrice>6.90</ItemPrice>
      <UnitOfMeasurePrice>6.90</UnitOfMeasurePrice>
      <AllowDiscount>1</AllowDiscount>
      <itemStatus>1</itemStatus>
      <LastUpdateDate />
      <LastUpdateTime />
    </Product>
    <Product>
      <PriceUpdateDate>2019/02/17 11:38</PriceUpdateDate>
      <ItemCode>7290104858628</ItemCode>
      <ItemType>1</ItemType>
      <ItemName>כפית פלטינום 50 יח פאלאס</ItemName>
      <ManufactureName>פאלאס תעשיות נטו (2014) בעמ</ManufactureName>
      <ManufactureCountry />
      <ManufactureItemDescription />
      <UnitQty>יח`</UnitQty>
      <Quantity>1</Quantity>
      <UnitMeasure />
      <BisWeighted>0</BisWeighted>
      <QtyInPackage>1</QtyInPackage>
      <ItemPrice>6.90</ItemPrice>
      <UnitOfMeasurePrice>6.90</UnitOfMeasurePrice>
      <AllowDiscount>1</AllowDiscount>
      <itemStatus>1</itemStatus>
      <LastUpdateDate />
      <LastUpdateTime />
    </Product>
    <Product>
      <PriceUpdateDate>2019/02/17 11:38</PriceUpdateDate>
      <ItemCode>7290104858635</ItemCode>
      <ItemType>1</ItemType>
      <ItemName>כף פלטינום 50 יח פאלאס</ItemName>
      <ManufactureName>פאלאס תעשיות נטו (2014) בעמ</ManufactureName>
      <ManufactureCountry />
      <ManufactureItemDescription />
      <UnitQty>יח`</UnitQty>
      <Quantity>1</Quantity>
      <UnitMeasure />
      <BisWeighted>0</BisWeighted>
      <QtyInPackage>1</QtyInPackage>
      <ItemPrice>6.90</ItemPrice>
      <UnitOfMeasurePrice>6.90</UnitOfMeasurePrice>
      <AllowDiscount>1</AllowDiscount>
      <itemStatus>1</itemStatus>
      <LastUpdateDate />
      <LastUpdateTime />
    </Product>
    <Product>
      <PriceUpdateDate>2017/11/29 13:55</PriceUpdateDate>
      <ItemCode>7290104859564</ItemCode>
      <ItemType>1</ItemType>
      <ItemName>מפיות מעוטרות מודפסות תלת שכבתי</ItemName>
      <ManufactureName>פאלאס תעשיות נטו (2014) בעמ</ManufactureName>
      <ManufactureCountry />
      <ManufactureItemDescription />
      <UnitQty>יח`</UnitQty>
      <Quantity>1</Quantity>
      <UnitMeasure />
      <BisWeighted>0</BisWeighted>
      <QtyInPackage>1</QtyInPackage>
      <ItemPrice>5.90</ItemPrice>
      <UnitOfMeasurePrice>5.90</UnitOfMeasurePrice>
      <AllowDiscount>1</AllowDiscount>
      <itemStatus>1</itemStatus>
      <LastUpdateDate />
      <LastUpdateTime />
    </Product>
    <Product>
      <PriceUpdateDate>2018/01/10 11:24</PriceUpdateDate>
      <ItemCode>7290104960352</ItemCode>
      <ItemType>1</ItemType>
      <ItemName>תחליב רחצה נקה 7 וניל שקד</ItemName>
      <ManufactureName>החברה הדרומית לשיווק בעמ</ManufactureName>
      <ManufactureCountry />
      <ManufactureItemDescription />
      <UnitQty>יח`</UnitQty>
      <Quantity>750</Quantity>
      <UnitMeasure>מ"ל</UnitMeasure>
      <BisWeighted>0</BisWeighted>
      <QtyInPackage>1</QtyInPackage>
      <ItemPrice>11.90</ItemPrice>
      <UnitOfMeasurePrice>1.59</UnitOfMeasurePrice>
      <AllowDiscount>1</AllowDiscount>
      <itemStatus>1</itemStatus>
      <LastUpdateDate />
      <LastUpdateTime />
    </Product>
    <Product>
      <PriceUpdateDate>2020/05/01 06:20</PriceUpdateDate>
      <ItemCode>7290104961489</ItemCode>
      <ItemType>1</ItemType>
      <ItemName>ספריי תחליב לילדים 300/50</ItemName>
      <ManufactureName>החברה הדרומית לשיווק בעמ</ManufactureName>
      <ManufactureCountry />
      <ManufactureItemDescription />
      <UnitQty>יח`</UnitQty>
      <Quantity>1</Quantity>
      <UnitMeasure />
      <BisWeighted>0</BisWeighted>
      <QtyInPackage>1</QtyInPackage>
      <ItemPrice>49.90</ItemPrice>
      <UnitOfMeasurePrice>49.90</UnitOfMeasurePrice>
      <AllowDiscount>0</AllowDiscount>
      <itemStatus>1</itemStatus>
      <LastUpdateDate />
      <LastUpdateTime />
    </Product>
    <Product>
      <PriceUpdateDate>2019/08/01 11:24</PriceUpdateDate>
      <ItemCode>7290104961526</ItemCode>
      <ItemType>1</ItemType>
      <ItemName>טיטניום ספרי גוף קלאסי 150 מל</ItemName>
      <ManufactureName>החברה הדרומית לשיווק בעמ</ManufactureName>
      <ManufactureCountry />
      <ManufactureItemDescription />
      <UnitQty>יח`</UnitQty>
      <Quantity>150</Quantity>
      <UnitMeasure>מ"ל</UnitMeasure>
      <BisWeighted>0</BisWeighted>
      <QtyInPackage>1</QtyInPackage>
      <ItemPrice>9.90</ItemPrice>
      <UnitOfMeasurePrice>6.60</UnitOfMeasurePrice>
      <AllowDiscount>1</AllowDiscount>
      <itemStatus>1</itemStatus>
      <LastUpdateDate />
      <LastUpdateTime />
    </Product>
    <Product>
      <PriceUpdateDate>2018/01/10 11:24</PriceUpdateDate>
      <ItemCode>7290104962110</ItemCode>
      <ItemType>1</ItemType>
      <ItemName>דאו ספריי קרליין נושם +</ItemName>
      <ManufactureName>החברה הדרומית לשיווק בעמ</ManufactureName>
      <ManufactureCountry />
      <ManufactureItemDescription />
      <UnitQty>יח`</UnitQty>
      <Quantity>150</Quantity>
      <UnitMeasure>מ"ל</UnitMeasure>
      <BisWeighted>0</BisWeighted>
      <QtyInPackage>1</QtyInPackage>
      <ItemPrice>12.90</ItemPrice>
      <UnitOfMeasurePrice>8.60</UnitOfMeasurePrice>
      <AllowDiscount>1</AllowDiscount>
      <itemStatus>1</itemStatus>
      <LastUpdateDate />
      <LastUpdateTime />
    </Product>
    <Product>
      <PriceUpdateDate>2018/01/10 11:24</PriceUpdateDate>
      <ItemCode>7290104963001</ItemCode>
      <ItemType>1</ItemType>
      <ItemName>סופטקר מגבונים רביעייה</ItemName>
      <ManufactureName>החברה הדרומית לשיווק בעמ</ManufactureName>
      <ManufactureCountry />
      <ManufactureItemDescription />
      <UnitQty>יח`</UnitQty>
      <Quantity>1</Quantity>
      <UnitMeasure />
      <BisWeighted>0</BisWeighted>
      <QtyInPackage>1</QtyInPackage>
      <ItemPrice>17.90</ItemPrice>
      <UnitOfMeasurePrice>17.90</UnitOfMeasurePrice>
      <AllowDiscount>0</AllowDiscount>
      <itemStatus>1</itemStatus>
      <LastUpdateDate />
      <LastUpdateTime />
    </Product>
    <Product>
      <PriceUpdateDate>2016/05/18 08:13</PriceUpdateDate>
      <ItemCode>7290104963018</ItemCode>
      <ItemType>1</ItemType>
      <ItemName>סופטקר מגבונים רביעייה</ItemName>
      <ManufactureName>החברה הדרומית לשיווק בעמ</ManufactureName>
      <ManufactureCountry />
      <ManufactureItemDescription />
      <UnitQty>יח`</UnitQty>
      <Quantity>1</Quantity>
      <UnitMeasure />
      <BisWeighted>0</BisWeighted>
      <QtyInPackage>1</QtyInPackage>
      <ItemPrice>19.90</ItemPrice>
      <UnitOfMeasurePrice>19.90</UnitOfMeasurePrice>
      <AllowDiscount>0</AllowDiscount>
      <itemStatus>1</itemStatus>
      <LastUpdateDate />
      <LastUpdateTime />
    </Product>
    <Product>
      <PriceUpdateDate>2020/05/01 06:20</PriceUpdateDate>
      <ItemCode>7290104963971</ItemCode>
      <ItemType>1</ItemType>
      <ItemName>סקינגארד סקין ספריי שקוף 300/50</ItemName>
      <ManufactureName>החברה הדרומית לשיווק בעמ</ManufactureName>
      <ManufactureCountry />
      <ManufactureItemDescription />
      <UnitQty>יח`</UnitQty>
      <Quantity>300</Quantity>
      <UnitMeasure>מ"ל</UnitMeasure>
      <BisWeighted>0</BisWeighted>
      <QtyInPackage>1</QtyInPackage>
      <ItemPrice>54.90</ItemPrice>
      <UnitOfMeasurePrice>18.30</UnitOfMeasurePrice>
      <AllowDiscount>0</AllowDiscount>
      <itemStatus>1</itemStatus>
      <LastUpdateDate />
      <LastUpdateTime />
    </Product>
    <Product>
      <PriceUpdateDate>2020/05/01 06:20</PriceUpdateDate>
      <ItemCode>7290104963988</ItemCode>
      <ItemType>1</ItemType>
      <ItemName>סקינגארד רולאון 70/50 מל</ItemName>
      <ManufactureName>החברה הדרומית לשיווק בעמ</ManufactureName>
      <ManufactureCountry />
      <ManufactureItemDescription />
      <UnitQty>יח`</UnitQty>
      <Quantity>1</Quantity>
      <UnitMeasure />
      <BisWeighted>0</BisWeighted>
      <QtyInPackage>1</QtyInPackage>
      <ItemPrice>29.90</ItemPrice>
      <UnitOfMeasurePrice>29.90</UnitOfMeasurePrice>
      <AllowDiscount>0</AllowDiscount>
      <itemStatus>1</itemStatus>
      <LastUpdateDate />
      <LastUpdateTime />
    </Product>
    <Product>
      <PriceUpdateDate>2020/05/01 06:20</PriceUpdateDate>
      <ItemCode>7290104964039</ItemCode>
      <ItemType>1</ItemType>
      <ItemName>תח הגנה 250-50 ילדים s.g</ItemName>
      <ManufactureName>החברה הדרומית לשיווק בעמ</ManufactureName>
      <ManufactureCountry />
      <ManufactureItemDescription />
      <UnitQty>יח`</UnitQty>
      <Quantity>1</Quantity>
      <UnitMeasure />
      <BisWeighted>0</BisWeighted>
      <QtyInPackage>1</QtyInPackage>
      <ItemPrice>41.90</ItemPrice>
      <UnitOfMeasurePrice>41.90</UnitOfMeasurePrice>
      <AllowDiscount>0</AllowDiscount>
      <itemStatus>1</itemStatus>
      <LastUpdateDate />
      <LastUpdateTime />
    </Product>
    <Product>
      <PriceUpdateDate>2020/04/30 16:13</PriceUpdateDate>
      <ItemCode>7290104964718</ItemCode>
      <ItemType>1</ItemType>
      <ItemName>סקינגארד סקין משפחתי 300/50 ווט</ItemName>
      <ManufactureName>החברה הדרומית לשיווק בעמ</ManufactureName>
      <ManufactureCountry />
      <ManufactureItemDescription />
      <UnitQty>יח`</UnitQty>
      <Quantity>300</Quantity>
      <UnitMeasure>מ"ל</UnitMeasure>
      <BisWeighted>0</BisWeighted>
      <QtyInPackage>1</QtyInPackage>
      <ItemPrice>54.90</ItemPrice>
      <UnitOfMeasurePrice>18.30</UnitOfMeasurePrice>
      <AllowDiscount>0</AllowDiscount>
      <itemStatus>1</itemStatus>
      <LastUpdateDate />
      <LastUpdateTime />
    </Product>
    <Product>
      <PriceUpdateDate>2016/02/12 09:30</PriceUpdateDate>
      <ItemCode>7290105362339</ItemCode>
      <ItemType>1</ItemType>
      <ItemName>שמנת לבישול 15% יטבתה (250 מל)</ItemName>
      <ManufactureName>שטראוס גרופ בעמ/מצונן</ManufactureName>
      <ManufactureCountry />
      <ManufactureItemDescription />
      <UnitQty>יח`</UnitQty>
      <Quantity>250</Quantity>
      <UnitMeasure>מ"ל</UnitMeasure>
      <BisWeighted>0</BisWeighted>
      <QtyInPackage>1</QtyInPackage>
      <ItemPrice>8</ItemPrice>
      <UnitOfMeasurePrice>3.20</UnitOfMeasurePrice>
      <AllowDiscount>0</AllowDiscount>
      <itemStatus>1</itemStatus>
      <LastUpdateDate />
      <LastUpdateTime />
    </Product>
    <Product>
      <PriceUpdateDate>2013/06/09 12:06</PriceUpdateDate>
      <ItemCode>7290105363602</ItemCode>
      <ItemType>1</ItemType>
      <ItemName>מקלות כיף כף קלאסי עלית (40 גרם)</ItemName>
      <ManufactureName>שטראוס גרופ בעמ</ManufactureName>
      <ManufactureCountry />
      <ManufactureItemDescription />
      <UnitQty>יח`</UnitQty>
      <Quantity>40</Quantity>
      <UnitMeasure>גרם</UnitMeasure>
      <BisWeighted>0</BisWeighted>
      <QtyInPackage>1</QtyInPackage>
      <ItemPrice>5</ItemPrice>
      <UnitOfMeasurePrice>12.50</UnitOfMeasurePrice>
      <AllowDiscount>0</AllowDiscount>
      <itemStatus>1</itemStatus>
      <LastUpdateDate />
      <LastUpdateTime />
    </Product>
    <Product>
      <PriceUpdateDate>2013/06/09 12:06</PriceUpdateDate>
      <ItemCode>7290105364289</ItemCode>
      <ItemType>1</ItemType>
      <ItemName>כיף כף מקלות פצפוצים</ItemName>
      <ManufactureName>שטראוס גרופ בעמ</ManufactureName>
      <ManufactureCountry />
      <ManufactureItemDescription />
      <UnitQty>יח`</UnitQty>
      <Quantity>40</Quantity>
      <UnitMeasure>גרם</UnitMeasure>
      <BisWeighted>0</BisWeighted>
      <QtyInPackage>1</QtyInPackage>
      <ItemPrice>5</ItemPrice>
      <UnitOfMeasurePrice>12.50</UnitOfMeasurePrice>
      <AllowDiscount>0</AllowDiscount>
      <itemStatus>1</itemStatus>
      <LastUpdateDate />
      <LastUpdateTime />
    </Product>
    <Product>
      <PriceUpdateDate>2013/06/09 12:06</PriceUpdateDate>
      <ItemCode>7290105364302</ItemCode>
      <ItemType>1</ItemType>
      <ItemName>מקלות כיף כף אגוזים עלית (42 גרם)</ItemName>
      <ManufactureName>שטראוס גרופ בעמ</ManufactureName>
      <ManufactureCountry />
      <ManufactureItemDescription />
      <UnitQty>יח`</UnitQty>
      <Quantity>42</Quantity>
      <UnitMeasure>גרם</UnitMeasure>
      <BisWeighted>0</BisWeighted>
      <QtyInPackage>1</QtyInPackage>
      <ItemPrice>5</ItemPrice>
      <UnitOfMeasurePrice>11.90</UnitOfMeasurePrice>
      <AllowDiscount>0</AllowDiscount>
      <itemStatus>1</itemStatus>
      <LastUpdateDate />
      <LastUpdateTime />
    </Product>
    <Product>
      <PriceUpdateDate>2013/06/26 09:30</PriceUpdateDate>
      <ItemCode>7290105364784</ItemCode>
      <ItemType>1</ItemType>
      <ItemName>חטיף פרה  קראנצ`שוקולד לבן ביסקוויט</ItemName>
      <ManufactureName>שטראוס גרופ בעמ</ManufactureName>
      <ManufactureCountry />
      <ManufactureItemDescription />
      <UnitQty>יח`</UnitQty>
      <Quantity>100</Quantity>
      <UnitMeasure>גרם</UnitMeasure>
      <BisWeighted>0</BisWeighted>
      <QtyInPackage>1</QtyInPackage>
      <ItemPrice>6</ItemPrice>
      <UnitOfMeasurePrice>6</UnitOfMeasurePrice>
      <AllowDiscount>0</AllowDiscount>
      <itemStatus>1</itemStatus>
      <LastUpdateDate />
      <LastUpdateTime />
    </Product>
    <Product>
      <PriceUpdateDate>2015/12/02 11:10</PriceUpdateDate>
      <ItemCode>7290105364883</ItemCode>
      <ItemType>1</ItemType>
      <ItemName>ביסקוויט עד חצות לבן 200 גר`</ItemName>
      <ManufactureName>שטראוס גרופ בעמ</ManufactureName>
      <ManufactureCountry />
      <ManufactureItemDescription />
      <UnitQty>יח`</UnitQty>
      <Quantity>200</Quantity>
      <UnitMeasure>גרם</UnitMeasure>
      <BisWeighted>0</BisWeighted>
      <QtyInPackage>1</QtyInPackage>
      <ItemPrice>13.90</ItemPrice>
      <UnitOfMeasurePrice>6.95</UnitOfMeasurePrice>
      <AllowDiscount>1</AllowDiscount>
      <itemStatus>1</itemStatus>
      <LastUpdateDate />
      <LastUpdateTime />
    </Product>
    <Product>
      <PriceUpdateDate>2015/12/02 11:05</PriceUpdateDate>
      <ItemCode>7290105366023</ItemCode>
      <ItemType>1</ItemType>
      <ItemName>חצילים בטעם כבד אחלה (400 גרם)</ItemName>
      <ManufactureName>שטראוס גרופ בעמ/מצונן</ManufactureName>
      <ManufactureCountry />
      <ManufactureItemDescription />
      <UnitQty>יח`</UnitQty>
      <Quantity>400</Quantity>
      <UnitMeasure>גרם</UnitMeasure>
      <BisWeighted>0</BisWeighted>
      <QtyInPackage>1</QtyInPackage>
      <ItemPrice>15.50</ItemPrice>
      <UnitOfMeasurePrice>3.88</UnitOfMeasurePrice>
      <AllowDiscount>0</AllowDiscount>
      <itemStatus>1</itemStatus>
      <LastUpdateDate />
      <LastUpdateTime />
    </Product>
    <Product>
      <PriceUpdateDate>2015/12/02 11:05</PriceUpdateDate>
      <ItemCode>7290105366047</ItemCode>
      <ItemType>1</ItemType>
      <ItemName>טחינה לבנה אחלה (400 גרם)</ItemName>
      <ManufactureName>שטראוס גרופ בעמ/מצונן</ManufactureName>
      <ManufactureCountry />
      <ManufactureItemDescription />
      <UnitQty>יח`</UnitQty>
      <Quantity>400</Quantity>
      <UnitMeasure>גרם</UnitMeasure>
      <BisWeighted>0</BisWeighted>
      <QtyInPackage>1</QtyInPackage>
      <ItemPrice>15.50</ItemPrice>
      <UnitOfMeasurePrice>3.88</UnitOfMeasurePrice>
      <AllowDiscount>0</AllowDiscount>
      <itemStatus>1</itemStatus>
      <LastUpdateDate />
      <LastUpdateTime />
    </Product>
    <Product>
      <PriceUpdateDate>2015/01/29 11:02</PriceUpdateDate>
      <ItemCode>7290105366993</ItemCode>
      <ItemType>1</ItemType>
      <ItemName>סימפוניה פלפל שיפקה חריף</ItemName>
      <ManufactureName>שטראוס גרופ בעמ/מצונן</ManufactureName>
      <ManufactureCountry />
      <ManufactureItemDescription />
      <UnitQty>יח`</UnitQty>
      <Quantity>200</Quantity>
      <UnitMeasure>גרם</UnitMeasure>
      <BisWeighted>0</BisWeighted>
      <QtyInPackage>1</QtyInPackage>
      <ItemPrice>11.40</ItemPrice>
      <UnitOfMeasurePrice>5.70</UnitOfMeasurePrice>
      <AllowDiscount>0</AllowDiscount>
      <itemStatus>1</itemStatus>
      <LastUpdateDate />
      <LastUpdateTime />
    </Product>
    <Product>
      <PriceUpdateDate>2015/12/02 11:05</PriceUpdateDate>
      <ItemCode>7290105368225</ItemCode>
      <ItemType>1</ItemType>
      <ItemName>חומוס עם פלפל שיפקה אחלה (400 גרם)</ItemName>
      <ManufactureName>שטראוס גרופ בעמ/מצונן</ManufactureName>
      <ManufactureCountry />
      <ManufactureItemDescription />
      <UnitQty>יח`</UnitQty>
      <Quantity>400</Quantity>
      <UnitMeasure>גרם</UnitMeasure>
      <BisWeighted>0</BisWeighted>
      <QtyInPackage>1</QtyInPackage>
      <ItemPrice>11.50</ItemPrice>
      <UnitOfMeasurePrice>2.88</UnitOfMeasurePrice>
      <AllowDiscount>0</AllowDiscount>
      <itemStatus>1</itemStatus>
      <LastUpdateDate />
      <LastUpdateTime />
    </Product>
    <Product>
      <PriceUpdateDate>2019/02/03 12:43</PriceUpdateDate>
      <ItemCode>7290105368294</ItemCode>
      <ItemType>1</ItemType>
      <ItemName>שום ישראלי קלוף 120  גר`ירקות שטראוס</ItemName>
      <ManufactureName>שטראוס גרופ בעמ/מצונן</ManufactureName>
      <ManufactureCountry />
      <ManufactureItemDescription />
      <UnitQty>יח`</UnitQty>
      <Quantity>120</Quantity>
      <UnitMeasure>גרם</UnitMeasure>
      <BisWeighted>0</BisWeighted>
      <QtyInPackage>1</QtyInPackage>
      <ItemPrice>12.90</ItemPrice>
      <UnitOfMeasurePrice>10.75</UnitOfMeasurePrice>
      <AllowDiscount>1</AllowDiscount>
      <itemStatus>1</itemStatus>
      <LastUpdateDate />
      <LastUpdateTime />
    </Product>
    <Product>
      <PriceUpdateDate>2015/07/09 10:41</PriceUpdateDate>
      <ItemCode>7290105368331</ItemCode>
      <ItemType>1</ItemType>
      <ItemName>מילקי תות פיקוח</ItemName>
      <ManufactureName>שטראוס גרופ בעמ/מצונן</ManufactureName>
      <ManufactureCountry />
      <ManufactureItemDescription />
      <UnitQty>יח`</UnitQty>
      <Quantity>130</Quantity>
      <UnitMeasure>מ"ל</UnitMeasure>
      <BisWeighted>0</BisWeighted>
      <QtyInPackage>1</QtyInPackage>
      <ItemPrice>2.70</ItemPrice>
      <UnitOfMeasurePrice>2.08</UnitOfMeasurePrice>
      <AllowDiscount>0</AllowDiscount>
      <itemStatus>1</itemStatus>
      <LastUpdateDate />
      <LastUpdateTime />
    </Product>
    <Product>
      <PriceUpdateDate>2014/01/01 16:40</PriceUpdateDate>
      <ItemCode>7290105368928</ItemCode>
      <ItemType>1</ItemType>
      <ItemName>שמנת חמוצה 9% יטבתה (200 מל)</ItemName>
      <ManufactureName>שטראוס גרופ בעמ/מצונן</ManufactureName>
      <ManufactureCountry />
      <ManufactureItemDescription />
      <UnitQty>יח`</UnitQty>
      <Quantity>200</Quantity>
      <UnitMeasure>מ"ל</UnitMeasure>
      <BisWeighted>0</BisWeighted>
      <QtyInPackage>1</QtyInPackage>
      <ItemPrice>3.10</ItemPrice>
      <UnitOfMeasurePrice>1.55</UnitOfMeasurePrice>
      <AllowDiscount>0</AllowDiscount>
      <itemStatus>1</itemStatus>
      <LastUpdateDate />
      <LastUpdateTime />
    </Product>
    <Product>
      <PriceUpdateDate>2014/01/01 16:40</PriceUpdateDate>
      <ItemCode>7290105368959</ItemCode>
      <ItemType>1</ItemType>
      <ItemName>משקה פונץ בננה 250 מל</ItemName>
      <ManufactureName>שטראוס גרופ בעמ/מצונן</ManufactureName>
      <ManufactureCountry />
      <ManufactureItemDescription />
      <UnitQty>יח`</UnitQty>
      <Quantity>250</Quantity>
      <UnitMeasure>מ"ל</UnitMeasure>
      <BisWeighted>0</BisWeighted>
      <QtyInPackage>1</QtyInPackage>
      <ItemPrice>5.30</ItemPrice>
      <UnitOfMeasurePrice>2.12</UnitOfMeasurePrice>
      <AllowDiscount>0</AllowDiscount>
      <itemStatus>1</itemStatus>
      <LastUpdateDate />
      <LastUpdateTime />
    </Product>
    <Product>
      <PriceUpdateDate>2015/12/01 09:25</PriceUpdateDate>
      <ItemCode>7290105369451</ItemCode>
      <ItemType>1</ItemType>
      <ItemName>צ`יטוס דולפינים עלית (55 גרם)</ItemName>
      <ManufactureName>שטראוס פריטו ליי בעמ</ManufactureName>
      <ManufactureCountry />
      <ManufactureItemDescription />
      <UnitQty>יח`</UnitQty>
      <Quantity>55</Quantity>
      <UnitMeasure>גרם</UnitMeasure>
      <BisWeighted>0</BisWeighted>
      <QtyInPackage>1</QtyInPackage>
      <ItemPrice>3.50</ItemPrice>
      <UnitOfMeasurePrice>6.36</UnitOfMeasurePrice>
      <AllowDiscount>1</AllowDiscount>
      <itemStatus>1</itemStatus>
      <LastUpdateDate />
      <LastUpdateTime />
    </Product>
    <Product>
      <PriceUpdateDate>2015/12/28 11:39</PriceUpdateDate>
      <ItemCode>7290105430458</ItemCode>
      <ItemType>1</ItemType>
      <ItemName>סבון נוזלי חלב שקדים פלמוליב (750 מל)</ItemName>
      <ManufactureName>ש.שסטוביץ בעמ</ManufactureName>
      <ManufactureCountry />
      <ManufactureItemDescription />
      <UnitQty>יח`</UnitQty>
      <Quantity>750</Quantity>
      <UnitMeasure>מ"ל</UnitMeasure>
      <BisWeighted>0</BisWeighted>
      <QtyInPackage>1</QtyInPackage>
      <ItemPrice>19.90</ItemPrice>
      <UnitOfMeasurePrice>2.65</UnitOfMeasurePrice>
      <AllowDiscount>0</AllowDiscount>
      <itemStatus>1</itemStatus>
      <LastUpdateDate />
      <LastUpdateTime />
    </Product>
    <Product>
      <PriceUpdateDate>2015/09/08 11:20</PriceUpdateDate>
      <ItemCode>7290105431868</ItemCode>
      <ItemType>1</ItemType>
      <ItemName>פלמוליב ספא קוקוס גרגרים 500 מל</ItemName>
      <ManufactureName>ש.שסטוביץ בעמ</ManufactureName>
      <ManufactureCountry />
      <ManufactureItemDescription />
      <UnitQty>יח`</UnitQty>
      <Quantity>500</Quantity>
      <UnitMeasure>מ"ל</UnitMeasure>
      <BisWeighted>0</BisWeighted>
      <QtyInPackage>1</QtyInPackage>
      <ItemPrice>19.90</ItemPrice>
      <UnitOfMeasurePrice>3.98</UnitOfMeasurePrice>
      <AllowDiscount>1</AllowDiscount>
      <itemStatus>1</itemStatus>
      <LastUpdateDate />
      <LastUpdateTime />
    </Product>
    <Product>
      <PriceUpdateDate>2015/12/28 11:39</PriceUpdateDate>
      <ItemCode>7290105438539</ItemCode>
      <ItemType>1</ItemType>
      <ItemName>נייר אפיה קוקי) (40</ItemName>
      <ManufactureName>ש.שסטוביץ בעמ</ManufactureName>
      <ManufactureCountry />
      <ManufactureItemDescription />
      <UnitQty>יח`</UnitQty>
      <Quantity>1</Quantity>
      <UnitMeasure />
      <BisWeighted>0</BisWeighted>
      <QtyInPackage>1</QtyInPackage>
      <ItemPrice>9.90</ItemPrice>
      <UnitOfMeasurePrice>9.90</UnitOfMeasurePrice>
      <AllowDiscount>0</AllowDiscount>
      <itemStatus>1</itemStatus>
      <LastUpdateDate />
      <LastUpdateTime />
    </Product>
    <Product>
      <PriceUpdateDate>2016/02/15 14:02</PriceUpdateDate>
      <ItemCode>7290105439499</ItemCode>
      <ItemType>1</ItemType>
      <ItemName>מיונז הולנדי מאסטר שף (483 גר`)</ItemName>
      <ManufactureName>ש.שסטוביץ בעמ</ManufactureName>
      <ManufactureCountry />
      <ManufactureItemDescription />
      <UnitQty>יח`</UnitQty>
      <Quantity>483</Quantity>
      <UnitMeasure>גרם</UnitMeasure>
      <BisWeighted>0</BisWeighted>
      <QtyInPackage>1</QtyInPackage>
      <ItemPrice>9.90</ItemPrice>
      <UnitOfMeasurePrice>2.05</UnitOfMeasurePrice>
      <AllowDiscount>0</AllowDiscount>
      <itemStatus>1</itemStatus>
      <LastUpdateDate />
      <LastUpdateTime />
    </Product>
    <Product>
      <PriceUpdateDate>2016/12/07 08:54</PriceUpdateDate>
      <ItemCode>7290105439505</ItemCode>
      <ItemType>1</ItemType>
      <ItemName>מיונז לייט 479 גר מנה מאסטר שף</ItemName>
      <ManufactureName>ש.שסטוביץ בעמ</ManufactureName>
      <ManufactureCountry />
      <ManufactureItemDescription />
      <UnitQty>יח`</UnitQty>
      <Quantity>479</Quantity>
      <UnitMeasure>גרם</UnitMeasure>
      <BisWeighted>0</BisWeighted>
      <QtyInPackage>1</QtyInPackage>
      <ItemPrice>12.90</ItemPrice>
      <UnitOfMeasurePrice>2.69</UnitOfMeasurePrice>
      <AllowDiscount>1</AllowDiscount>
      <itemStatus>1</itemStatus>
      <LastUpdateDate />
      <LastUpdateTime />
    </Product>
    <Product>
      <PriceUpdateDate>2016/02/15 14:02</PriceUpdateDate>
      <ItemCode>7290105439598</ItemCode>
      <ItemType>1</ItemType>
      <ItemName>חרדל דיז`ון גרגרים מאסטר שף (370 גרם)</ItemName>
      <ManufactureName>ש.שסטוביץ בעמ</ManufactureName>
      <ManufactureCountry />
      <ManufactureItemDescription />
      <UnitQty>יח`</UnitQty>
      <Quantity>370</Quantity>
      <UnitMeasure>גרם</UnitMeasure>
      <BisWeighted>0</BisWeighted>
      <QtyInPackage>1</QtyInPackage>
      <ItemPrice>11.90</ItemPrice>
      <UnitOfMeasurePrice>3.22</UnitOfMeasurePrice>
      <AllowDiscount>1</AllowDiscount>
      <itemStatus>1</itemStatus>
      <LastUpdateDate />
      <LastUpdateTime />
    </Product>
    <Product>
      <PriceUpdateDate>2014/01/23 08:18</PriceUpdateDate>
      <ItemCode>7290105474124</ItemCode>
      <ItemType>1</ItemType>
      <ItemName>בונזו בשר 12  קג`מחולק</ItemName>
      <ManufactureName>דיפלומט היינץ</ManufactureName>
      <ManufactureCountry />
      <ManufactureItemDescription />
      <UnitQty>יח`</UnitQty>
      <Quantity>12</Quantity>
      <UnitMeasure>ק"ג</UnitMeasure>
      <BisWeighted>0</BisWeighted>
      <QtyInPackage>1</QtyInPackage>
      <ItemPrice>129.90</ItemPrice>
      <UnitOfMeasurePrice>10.83</UnitOfMeasurePrice>
      <AllowDiscount>0</AllowDiscount>
      <itemStatus>1</itemStatus>
      <LastUpdateDate />
      <LastUpdateTime />
    </Product>
    <Product>
      <PriceUpdateDate>2019/03/03 14:10</PriceUpdateDate>
      <ItemCode>7290105500151</ItemCode>
      <ItemType>1</ItemType>
      <ItemName>וודקה פינלנדיה 700 מל</ItemName>
      <ManufactureName>מ. אקרמן בעמ</ManufactureName>
      <ManufactureCountry />
      <ManufactureItemDescription />
      <UnitQty>יח`</UnitQty>
      <Quantity>700</Quantity>
      <UnitMeasure>מ"ל</UnitMeasure>
      <BisWeighted>0</BisWeighted>
      <QtyInPackage>1</QtyInPackage>
      <ItemPrice>64.90</ItemPrice>
      <UnitOfMeasurePrice>9.23</UnitOfMeasurePrice>
      <AllowDiscount>1</AllowDiscount>
      <itemStatus>1</itemStatus>
      <LastUpdateDate />
      <LastUpdateTime />
    </Product>
    <Product>
      <PriceUpdateDate>2019/03/03 14:10</PriceUpdateDate>
      <ItemCode>7290105500236</ItemCode>
      <ItemType>1</ItemType>
      <ItemName>וויסקי ג`ק דניאלס 700 מל</ItemName>
      <ManufactureName>מ. אקרמן בעמ</ManufactureName>
      <ManufactureCountry />
      <ManufactureItemDescription />
      <UnitQty>יח`</UnitQty>
      <Quantity>700</Quantity>
      <UnitMeasure>מ"ל</UnitMeasure>
      <BisWeighted>0</BisWeighted>
      <QtyInPackage>1</QtyInPackage>
      <ItemPrice>129.90</ItemPrice>
      <UnitOfMeasurePrice>18.51</UnitOfMeasurePrice>
      <AllowDiscount>1</AllowDiscount>
      <itemStatus>1</itemStatus>
      <LastUpdateDate />
      <LastUpdateTime />
    </Product>
    <Product>
      <PriceUpdateDate>2015/04/14 14:16</PriceUpdateDate>
      <ItemCode>7290105691224</ItemCode>
      <ItemType>1</ItemType>
      <ItemName>חטיף טורטיה שום ובצל אסם (60 גרם)</ItemName>
      <ManufactureName>קבוצת אסם סחר שות. מוגבלת</ManufactureName>
      <ManufactureCountry />
      <ManufactureItemDescription />
      <UnitQty>יח`</UnitQty>
      <Quantity>60</Quantity>
      <UnitMeasure>גרם</UnitMeasure>
      <BisWeighted>0</BisWeighted>
      <QtyInPackage>1</QtyInPackage>
      <ItemPrice>7.90</ItemPrice>
      <UnitOfMeasurePrice>13.17</UnitOfMeasurePrice>
      <AllowDiscount>0</AllowDiscount>
      <itemStatus>1</itemStatus>
      <LastUpdateDate />
      <LastUpdateTime />
    </Product>
    <Product>
      <PriceUpdateDate>2015/04/14 14:16</PriceUpdateDate>
      <ItemCode>7290105691248</ItemCode>
      <ItemType>1</ItemType>
      <ItemName>חטיף טורטיה תירס אסם (60 גרם)</ItemName>
      <ManufactureName>קבוצת אסם סחר שות. מוגבלת</ManufactureName>
      <ManufactureCountry />
      <ManufactureItemDescription />
      <UnitQty>יח`</UnitQty>
      <Quantity>60</Quantity>
      <UnitMeasure>גרם</UnitMeasure>
      <BisWeighted>0</BisWeighted>
      <QtyInPackage>1</QtyInPackage>
      <ItemPrice>7.90</ItemPrice>
      <UnitOfMeasurePrice>13.17</UnitOfMeasurePrice>
      <AllowDiscount>0</AllowDiscount>
      <itemStatus>1</itemStatus>
      <LastUpdateDate />
      <LastUpdateTime />
    </Product>
    <Product>
      <PriceUpdateDate>2014/01/02 08:41</PriceUpdateDate>
      <ItemCode>7290105691323</ItemCode>
      <ItemType>1</ItemType>
      <ItemName>חרוזית בתיבול לימון בית השיטה (560 גרם)</ItemName>
      <ManufactureName>קבוצת אסם סחר שות. מוגבלת</ManufactureName>
      <ManufactureCountry />
      <ManufactureItemDescription />
      <UnitQty>יח`</UnitQty>
      <Quantity>275</Quantity>
      <UnitMeasure>גרם</UnitMeasure>
      <BisWeighted>0</BisWeighted>
      <QtyInPackage>1</QtyInPackage>
      <ItemPrice>10.90</ItemPrice>
      <UnitOfMeasurePrice>3.96</UnitOfMeasurePrice>
      <AllowDiscount>0</AllowDiscount>
      <itemStatus>1</itemStatus>
      <LastUpdateDate />
      <LastUpdateTime />
    </Product>
    <Product>
      <PriceUpdateDate>2014/09/30 11:29</PriceUpdateDate>
      <ItemCode>7290105691699</ItemCode>
      <ItemType>1</ItemType>
      <ItemName>עוגיות ביס בטעם חמאה</ItemName>
      <ManufactureName>קבוצת אסם סחר שות. מוגבלת</ManufactureName>
      <ManufactureCountry />
      <ManufactureItemDescription />
      <UnitQty>יח`</UnitQty>
      <Quantity>300</Quantity>
      <UnitMeasure>גרם</UnitMeasure>
      <BisWeighted>0</BisWeighted>
      <QtyInPackage>1</QtyInPackage>
      <ItemPrice>10.90</ItemPrice>
      <UnitOfMeasurePrice>3.63</UnitOfMeasurePrice>
      <AllowDiscount>0</AllowDiscount>
      <itemStatus>1</itemStatus>
      <LastUpdateDate />
      <LastUpdateTime />
    </Product>
    <Product>
      <PriceUpdateDate>2015/02/26 10:07</PriceUpdateDate>
      <ItemCode>7290105691965</ItemCode>
      <ItemType>1</ItemType>
      <ItemName>רוטב לסלט סויה בסגנון סיני</ItemName>
      <ManufactureName>קבוצת אסם סחר שות. מוגבלת</ManufactureName>
      <ManufactureCountry />
      <ManufactureItemDescription />
      <UnitQty>יח`</UnitQty>
      <Quantity>290</Quantity>
      <UnitMeasure>מ"ל</UnitMeasure>
      <BisWeighted>0</BisWeighted>
      <QtyInPackage>1</QtyInPackage>
      <ItemPrice>12.90</ItemPrice>
      <UnitOfMeasurePrice>4.45</UnitOfMeasurePrice>
      <AllowDiscount>0</AllowDiscount>
      <itemStatus>1</itemStatus>
      <LastUpdateDate />
      <LastUpdateTime />
    </Product>
    <Product>
      <PriceUpdateDate>2016/02/24 08:54</PriceUpdateDate>
      <ItemCode>7290105693341</ItemCode>
      <ItemType>1</ItemType>
      <ItemName>במבה אסם (25x10 גרם)</ItemName>
      <ManufactureName>קבוצת אסם סחר שות. מוגבלת</ManufactureName>
      <ManufactureCountry />
      <ManufactureItemDescription />
      <UnitQty>יח`</UnitQty>
      <Quantity>250</Quantity>
      <UnitMeasure>גרם</UnitMeasure>
      <BisWeighted>0</BisWeighted>
      <QtyInPackage>1</QtyInPackage>
      <ItemPrice>16.90</ItemPrice>
      <UnitOfMeasurePrice>6.76</UnitOfMeasurePrice>
      <AllowDiscount>1</AllowDiscount>
      <itemStatus>1</itemStatus>
      <LastUpdateDate />
      <LastUpdateTime />
    </Product>
    <Product>
      <PriceUpdateDate>2015/07/23 09:05</PriceUpdateDate>
      <ItemCode>7290105693457</ItemCode>
      <ItemType>1</ItemType>
      <ItemName>עוגת הבית דמקה שוקו וניל 320 גר` בחושות</ItemName>
      <ManufactureName>קבוצת אסם סחר שות. מוגבלת</ManufactureName>
      <ManufactureCountry />
      <ManufactureItemDescription />
      <UnitQty>יח`</UnitQty>
      <Quantity>320</Quantity>
      <UnitMeasure>גרם</UnitMeasure>
      <BisWeighted>0</BisWeighted>
      <QtyInPackage>1</QtyInPackage>
      <ItemPrice>11.90</ItemPrice>
      <UnitOfMeasurePrice>3.72</UnitOfMeasurePrice>
      <AllowDiscount>0</AllowDiscount>
      <itemStatus>1</itemStatus>
      <LastUpdateDate />
      <LastUpdateTime />
    </Product>
    <Product>
      <PriceUpdateDate>2018/02/07 15:24</PriceUpdateDate>
      <ItemCode>7290105693952</ItemCode>
      <ItemType>1</ItemType>
      <ItemName>פירורית זהב שומשום אסם (200 גרם)</ItemName>
      <ManufactureName>קבוצת אסם סחר שות. מוגבלת</ManufactureName>
      <ManufactureCountry />
      <ManufactureItemDescription />
      <UnitQty>יח`</UnitQty>
      <Quantity>200</Quantity>
      <UnitMeasure>גרם</UnitMeasure>
      <BisWeighted>0</BisWeighted>
      <QtyInPackage>1</QtyInPackage>
      <ItemPrice>6.90</ItemPrice>
      <UnitOfMeasurePrice>3.45</UnitOfMeasurePrice>
      <AllowDiscount>0</AllowDiscount>
      <itemStatus>1</itemStatus>
      <LastUpdateDate />
      <LastUpdateTime />
    </Product>
    <Product>
      <PriceUpdateDate>2019/03/24 12:39</PriceUpdateDate>
      <ItemCode>7290105694614</ItemCode>
      <ItemType>1</ItemType>
      <ItemName>ספגטי מהיר הכנה אסם (500 גרם)</ItemName>
      <ManufactureName>קבוצת אסם סחר שות. מוגבלת</ManufactureName>
      <ManufactureCountry />
      <ManufactureItemDescription />
      <UnitQty>יח`</UnitQty>
      <Quantity>500</Quantity>
      <UnitMeasure>גרם</UnitMeasure>
      <BisWeighted>0</BisWeighted>
      <QtyInPackage>1</QtyInPackage>
      <ItemPrice>5.90</ItemPrice>
      <UnitOfMeasurePrice>1.18</UnitOfMeasurePrice>
      <AllowDiscount>1</AllowDiscount>
      <itemStatus>1</itemStatus>
      <LastUpdateDate />
      <LastUpdateTime />
    </Product>
    <Product>
      <PriceUpdateDate>2018/02/07 15:24</PriceUpdateDate>
      <ItemCode>7290105694904</ItemCode>
      <ItemType>1</ItemType>
      <ItemName>מרק פטריות רכיבים טבעיים אסם (220 גרם)</ItemName>
      <ManufactureName>קבוצת אסם סחר שות. מוגבלת</ManufactureName>
      <ManufactureCountry />
      <ManufactureItemDescription />
      <UnitQty>יח`</UnitQty>
      <Quantity>220</Quantity>
      <UnitMeasure>גרם</UnitMeasure>
      <BisWeighted>0</BisWeighted>
      <QtyInPackage>1</QtyInPackage>
      <ItemPrice>17.90</ItemPrice>
      <UnitOfMeasurePrice>8.14</UnitOfMeasurePrice>
      <AllowDiscount>0</AllowDiscount>
      <itemStatus>1</itemStatus>
      <LastUpdateDate />
      <LastUpdateTime />
    </Product>
    <Product>
      <PriceUpdateDate>2018/02/07 15:24</PriceUpdateDate>
      <ItemCode>7290105694928</ItemCode>
      <ItemType>1</ItemType>
      <ItemName>מרק בצל רכיבים טבעיים אסם (220 גרם)</ItemName>
      <ManufactureName>קבוצת אסם סחר שות. מוגבלת</ManufactureName>
      <ManufactureCountry />
      <ManufactureItemDescription />
      <UnitQty>יח`</UnitQty>
      <Quantity>220</Quantity>
      <UnitMeasure>גרם</UnitMeasure>
      <BisWeighted>0</BisWeighted>
      <QtyInPackage>1</QtyInPackage>
      <ItemPrice>17.90</ItemPrice>
      <UnitOfMeasurePrice>8.14</UnitOfMeasurePrice>
      <AllowDiscount>0</AllowDiscount>
      <itemStatus>1</itemStatus>
      <LastUpdateDate />
      <LastUpdateTime />
    </Product>
    <Product>
      <PriceUpdateDate>2015/07/23 09:05</PriceUpdateDate>
      <ItemCode>7290105695024</ItemCode>
      <ItemType>1</ItemType>
      <ItemName>פתיתים אפויים 500 גר` אורז עם אטריות אסם</ItemName>
      <ManufactureName>קבוצת אסם סחר שות. מוגבלת</ManufactureName>
      <ManufactureCountry />
      <ManufactureItemDescription />
      <UnitQty>יח`</UnitQty>
      <Quantity>1</Quantity>
      <UnitMeasure />
      <BisWeighted>0</BisWeighted>
      <QtyInPackage>1</QtyInPackage>
      <ItemPrice>6.90</ItemPrice>
      <UnitOfMeasurePrice>6.90</UnitOfMeasurePrice>
      <AllowDiscount>1</AllowDiscount>
      <itemStatus>1</itemStatus>
      <LastUpdateDate />
      <LastUpdateTime />
    </Product>
    <Product>
      <PriceUpdateDate>2015/12/06 11:26</PriceUpdateDate>
      <ItemCode>7290105695321</ItemCode>
      <ItemType>1</ItemType>
      <ItemName>עוגת בראוניז פאדג`</ItemName>
      <ManufactureName>קבוצת אסם סחר שות. מוגבלת</ManufactureName>
      <ManufactureCountry />
      <ManufactureItemDescription />
      <UnitQty>יח`</UnitQty>
      <Quantity>400</Quantity>
      <UnitMeasure>גרם</UnitMeasure>
      <BisWeighted>0</BisWeighted>
      <QtyInPackage>1</QtyInPackage>
      <ItemPrice>18.90</ItemPrice>
      <UnitOfMeasurePrice>4.73</UnitOfMeasurePrice>
      <AllowDiscount>0</AllowDiscount>
      <itemStatus>1</itemStatus>
      <LastUpdateDate />
      <LastUpdateTime />
    </Product>
    <Product>
      <PriceUpdateDate>2015/07/09 10:41</PriceUpdateDate>
      <ItemCode>7290105961181</ItemCode>
      <ItemType>1</ItemType>
      <ItemName>משקה פונץ בננה 1 ליטר מהדרין</ItemName>
      <ManufactureName>שטראוס גרופ בעמ/מצונן</ManufactureName>
      <ManufactureCountry />
      <ManufactureItemDescription />
      <UnitQty>יח`</UnitQty>
      <Quantity>1000</Quantity>
      <UnitMeasure>מ"ל</UnitMeasure>
      <BisWeighted>0</BisWeighted>
      <QtyInPackage>1</QtyInPackage>
      <ItemPrice>11.60</ItemPrice>
      <UnitOfMeasurePrice>1.16</UnitOfMeasurePrice>
      <AllowDiscount>0</AllowDiscount>
      <itemStatus>1</itemStatus>
      <LastUpdateDate />
      <LastUpdateTime />
    </Product>
    <Product>
      <PriceUpdateDate>2015/09/29 17:05</PriceUpdateDate>
      <ItemCode>7290105961525</ItemCode>
      <ItemType>1</ItemType>
      <ItemName>שוקולד מריר 85% ספלנדיד (100 גרם)</ItemName>
      <ManufactureName>שטראוס גרופ בעמ</ManufactureName>
      <ManufactureCountry />
      <ManufactureItemDescription />
      <UnitQty>יח`</UnitQty>
      <Quantity>100</Quantity>
      <UnitMeasure>גרם</UnitMeasure>
      <BisWeighted>0</BisWeighted>
      <QtyInPackage>1</QtyInPackage>
      <ItemPrice>10.90</ItemPrice>
      <UnitOfMeasurePrice>10.90</UnitOfMeasurePrice>
      <AllowDiscount>0</AllowDiscount>
      <itemStatus>1</itemStatus>
      <LastUpdateDate />
      <LastUpdateTime />
    </Product>
    <Product>
      <PriceUpdateDate>2015/12/02 11:05</PriceUpdateDate>
      <ItemCode>7290105962331</ItemCode>
      <ItemType>1</ItemType>
      <ItemName>סחוג חריף מאוד 220 גרם</ItemName>
      <ManufactureName>שטראוס גרופ בעמ/מצונן</ManufactureName>
      <ManufactureCountry />
      <ManufactureItemDescription />
      <UnitQty>יח`</UnitQty>
      <Quantity>220</Quantity>
      <UnitMeasure>גרם</UnitMeasure>
      <BisWeighted>0</BisWeighted>
      <QtyInPackage>1</QtyInPackage>
      <ItemPrice>13.90</ItemPrice>
      <UnitOfMeasurePrice>6.32</UnitOfMeasurePrice>
      <AllowDiscount>0</AllowDiscount>
      <itemStatus>1</itemStatus>
      <LastUpdateDate />
      <LastUpdateTime />
    </Product>
    <Product>
      <PriceUpdateDate>2016/05/03 08:46</PriceUpdateDate>
      <ItemCode>7290105964564</ItemCode>
      <ItemType>1</ItemType>
      <ItemName>חומוס אחלה (400 גרם)</ItemName>
      <ManufactureName>שטראוס גרופ בעמ/מצונן</ManufactureName>
      <ManufactureCountry />
      <ManufactureItemDescription />
      <UnitQty>יח`</UnitQty>
      <Quantity>400</Quantity>
      <UnitMeasure>גרם</UnitMeasure>
      <BisWeighted>0</BisWeighted>
      <QtyInPackage>1</QtyInPackage>
      <ItemPrice>8.90</ItemPrice>
      <UnitOfMeasurePrice>2.23</UnitOfMeasurePrice>
      <AllowDiscount>0</AllowDiscount>
      <itemStatus>1</itemStatus>
      <LastUpdateDate />
      <LastUpdateTime />
    </Product>
    <Product>
      <PriceUpdateDate>2015/04/12 11:41</PriceUpdateDate>
      <ItemCode>7290105964748</ItemCode>
      <ItemType>1</ItemType>
      <ItemName>בונבוניירה מריר ספלנדיד (216 גרם)</ItemName>
      <ManufactureName>שטראוס גרופ בעמ</ManufactureName>
      <ManufactureCountry />
      <ManufactureItemDescription />
      <UnitQty>יח`</UnitQty>
      <Quantity>216</Quantity>
      <UnitMeasure>גרם</UnitMeasure>
      <BisWeighted>0</BisWeighted>
      <QtyInPackage>1</QtyInPackage>
      <ItemPrice>28</ItemPrice>
      <UnitOfMeasurePrice>12.96</UnitOfMeasurePrice>
      <AllowDiscount>0</AllowDiscount>
      <itemStatus>1</itemStatus>
      <LastUpdateDate />
      <LastUpdateTime />
    </Product>
    <Product>
      <PriceUpdateDate>2015/09/29 17:05</PriceUpdateDate>
      <ItemCode>7290105965516</ItemCode>
      <ItemType>1</ItemType>
      <ItemName>ספלנדיד חלב 36% עם מוס אספרסו</ItemName>
      <ManufactureName>שטראוס גרופ בעמ</ManufactureName>
      <ManufactureCountry />
      <ManufactureItemDescription />
      <UnitQty>יח`</UnitQty>
      <Quantity>105</Quantity>
      <UnitMeasure>גרם</UnitMeasure>
      <BisWeighted>0</BisWeighted>
      <QtyInPackage>1</QtyInPackage>
      <ItemPrice>10.90</ItemPrice>
      <UnitOfMeasurePrice>10.38</UnitOfMeasurePrice>
      <AllowDiscount>0</AllowDiscount>
      <itemStatus>1</itemStatus>
      <LastUpdateDate />
      <LastUpdateTime />
    </Product>
    <Product>
      <PriceUpdateDate>2014/04/28 08:35</PriceUpdateDate>
      <ItemCode>7290105965738</ItemCode>
      <ItemType>1</ItemType>
      <ItemName>דנונה לשתיה תות בננה</ItemName>
      <ManufactureName>שטראוס גרופ בעמ/מצונן</ManufactureName>
      <ManufactureCountry />
      <ManufactureItemDescription />
      <UnitQty>יח`</UnitQty>
      <Quantity>263</Quantity>
      <UnitMeasure>מ"ל</UnitMeasure>
      <BisWeighted>0</BisWeighted>
      <QtyInPackage>1</QtyInPackage>
      <ItemPrice>4.90</ItemPrice>
      <UnitOfMeasurePrice>1.86</UnitOfMeasurePrice>
      <AllowDiscount>0</AllowDiscount>
      <itemStatus>1</itemStatus>
      <LastUpdateDate />
      <LastUpdateTime />
    </Product>
    <Product>
      <PriceUpdateDate>2015/12/02 11:05</PriceUpdateDate>
      <ItemCode>7290105968654</ItemCode>
      <ItemType>1</ItemType>
      <ItemName>רביולי עם בטטה פרווה שטראוס (400 גרם)</ItemName>
      <ManufactureName>שטראוס גרופ בעמ/מצונן</ManufactureName>
      <ManufactureCountry />
      <ManufactureItemDescription />
      <UnitQty>יח`</UnitQty>
      <Quantity>400</Quantity>
      <UnitMeasure>גרם</UnitMeasure>
      <BisWeighted>0</BisWeighted>
      <QtyInPackage>1</QtyInPackage>
      <ItemPrice>20.90</ItemPrice>
      <UnitOfMeasurePrice>5.23</UnitOfMeasurePrice>
      <AllowDiscount>1</AllowDiscount>
      <itemStatus>1</itemStatus>
      <LastUpdateDate />
      <LastUpdateTime />
    </Product>
    <Product>
      <PriceUpdateDate>2015/12/01 09:24</PriceUpdateDate>
      <ItemCode>7290105968777</ItemCode>
      <ItemType>1</ItemType>
      <ItemName>אנרג`י פריכיות תחתית שוקולד מריר</ItemName>
      <ManufactureName>שטראוס גרופ בעמ</ManufactureName>
      <ManufactureCountry />
      <ManufactureItemDescription />
      <UnitQty>יח`</UnitQty>
      <Quantity>80</Quantity>
      <UnitMeasure>גרם</UnitMeasure>
      <BisWeighted>0</BisWeighted>
      <QtyInPackage>1</QtyInPackage>
      <ItemPrice>8.90</ItemPrice>
      <UnitOfMeasurePrice>11.13</UnitOfMeasurePrice>
      <AllowDiscount>0</AllowDiscount>
      <itemStatus>1</itemStatus>
      <LastUpdateDate />
      <LastUpdateTime />
    </Product>
    <Product>
      <PriceUpdateDate>2015/04/12 11:41</PriceUpdateDate>
      <ItemCode>7290106520066</ItemCode>
      <ItemType>1</ItemType>
      <ItemName>רבע לשבע</ItemName>
      <ManufactureName>שטראוס גרופ בעמ</ManufactureName>
      <ManufactureCountry />
      <ManufactureItemDescription />
      <UnitQty>יח`</UnitQty>
      <Quantity>160</Quantity>
      <UnitMeasure>גרם</UnitMeasure>
      <BisWeighted>0</BisWeighted>
      <QtyInPackage>1</QtyInPackage>
      <ItemPrice>12.90</ItemPrice>
      <UnitOfMeasurePrice>8.06</UnitOfMeasurePrice>
      <AllowDiscount>1</AllowDiscount>
      <itemStatus>1</itemStatus>
      <LastUpdateDate />
      <LastUpdateTime />
    </Product>
    <Product>
      <PriceUpdateDate>2016/02/21 08:23</PriceUpdateDate>
      <ItemCode>7290106520288</ItemCode>
      <ItemType>1</ItemType>
      <ItemName>דנונה פרו תות</ItemName>
      <ManufactureName>שטראוס גרופ בעמ/מצונן</ManufactureName>
      <ManufactureCountry />
      <ManufactureItemDescription />
      <UnitQty>יח`</UnitQty>
      <Quantity>150</Quantity>
      <UnitMeasure>גרם</UnitMeasure>
      <BisWeighted>0</BisWeighted>
      <QtyInPackage>1</QtyInPackage>
      <ItemPrice>4.60</ItemPrice>
      <UnitOfMeasurePrice>3.07</UnitOfMeasurePrice>
      <AllowDiscount>0</AllowDiscount>
      <itemStatus>1</itemStatus>
      <LastUpdateDate />
      <LastUpdateTime />
    </Product>
    <Product>
      <PriceUpdateDate>2015/09/10 08:16</PriceUpdateDate>
      <ItemCode>7290106520462</ItemCode>
      <ItemType>1</ItemType>
      <ItemName>עוגה אישית מילקי  -CAKE רביעייה</ItemName>
      <ManufactureName>שטראוס גרופ בעמ/מצונן</ManufactureName>
      <ManufactureCountry />
      <ManufactureItemDescription />
      <UnitQty>יח`</UnitQty>
      <Quantity>136</Quantity>
      <UnitMeasure>גרם</UnitMeasure>
      <BisWeighted>0</BisWeighted>
      <QtyInPackage>1</QtyInPackage>
      <ItemPrice>10.90</ItemPrice>
      <UnitOfMeasurePrice>8.01</UnitOfMeasurePrice>
      <AllowDiscount>0</AllowDiscount>
      <itemStatus>1</itemStatus>
      <LastUpdateDate />
      <LastUpdateTime />
    </Product>
    <Product>
      <PriceUpdateDate>2016/02/12 09:30</PriceUpdateDate>
      <ItemCode>7290106520912</ItemCode>
      <ItemType>1</ItemType>
      <ItemName>שמנת לבישול 9% יטבתה (250 מל)</ItemName>
      <ManufactureName>שטראוס גרופ בעמ/מצונן</ManufactureName>
      <ManufactureCountry />
      <ManufactureItemDescription />
      <UnitQty>יח`</UnitQty>
      <Quantity>258</Quantity>
      <UnitMeasure>מ"ל</UnitMeasure>
      <BisWeighted>0</BisWeighted>
      <QtyInPackage>1</QtyInPackage>
      <ItemPrice>8</ItemPrice>
      <UnitOfMeasurePrice>3.10</UnitOfMeasurePrice>
      <AllowDiscount>0</AllowDiscount>
      <itemStatus>1</itemStatus>
      <LastUpdateDate />
      <LastUpdateTime />
    </Product>
    <Product>
      <PriceUpdateDate>2015/12/02 11:05</PriceUpdateDate>
      <ItemCode>7290106521049</ItemCode>
      <ItemType>1</ItemType>
      <ItemName>קוביות סלק אחלה (400 גרם)</ItemName>
      <ManufactureName>שטראוס גרופ בעמ/מצונן</ManufactureName>
      <ManufactureCountry />
      <ManufactureItemDescription />
      <UnitQty>יח`</UnitQty>
      <Quantity>400</Quantity>
      <UnitMeasure>גרם</UnitMeasure>
      <BisWeighted>0</BisWeighted>
      <QtyInPackage>1</QtyInPackage>
      <ItemPrice>15.50</ItemPrice>
      <UnitOfMeasurePrice>3.88</UnitOfMeasurePrice>
      <AllowDiscount>0</AllowDiscount>
      <itemStatus>1</itemStatus>
      <LastUpdateDate />
      <LastUpdateTime />
    </Product>
    <Product>
      <PriceUpdateDate>2015/04/29 11:13</PriceUpdateDate>
      <ItemCode>7290106521612</ItemCode>
      <ItemType>1</ItemType>
      <ItemName>חטיף טורטית עלית (40x4  גרם)מגדים</ItemName>
      <ManufactureName>שטראוס גרופ בעמ</ManufactureName>
      <ManufactureCountry />
      <ManufactureItemDescription />
      <UnitQty>יח`</UnitQty>
      <Quantity>1</Quantity>
      <UnitMeasure />
      <BisWeighted>0</BisWeighted>
      <QtyInPackage>1</QtyInPackage>
      <ItemPrice>13.90</ItemPrice>
      <UnitOfMeasurePrice>13.90</UnitOfMeasurePrice>
      <AllowDiscount>0</AllowDiscount>
      <itemStatus>1</itemStatus>
      <LastUpdateDate />
      <LastUpdateTime />
    </Product>
    <Product>
      <PriceUpdateDate>2015/04/29 11:13</PriceUpdateDate>
      <ItemCode>7290106521629</ItemCode>
      <ItemType>1</ItemType>
      <ItemName>מאגדת טוויסט עלית (28x4 גרם)</ItemName>
      <ManufactureName>שטראוס גרופ בעמ</ManufactureName>
      <ManufactureCountry />
      <ManufactureItemDescription />
      <UnitQty>יח`</UnitQty>
      <Quantity>1</Quantity>
      <UnitMeasure />
      <BisWeighted>0</BisWeighted>
      <QtyInPackage>1</QtyInPackage>
      <ItemPrice>13.90</ItemPrice>
      <UnitOfMeasurePrice>13.90</UnitOfMeasurePrice>
      <AllowDiscount>0</AllowDiscount>
      <itemStatus>1</itemStatus>
      <LastUpdateDate />
      <LastUpdateTime />
    </Product>
    <Product>
      <PriceUpdateDate>2015/04/29 11:13</PriceUpdateDate>
      <ItemCode>7290106521650</ItemCode>
      <ItemType>1</ItemType>
      <ItemName>חטיף טעמי עלית (40x4 גרם)</ItemName>
      <ManufactureName>שטראוס גרופ בעמ</ManufactureName>
      <ManufactureCountry />
      <ManufactureItemDescription />
      <UnitQty>יח`</UnitQty>
      <Quantity>1</Quantity>
      <UnitMeasure />
      <BisWeighted>0</BisWeighted>
      <QtyInPackage>1</QtyInPackage>
      <ItemPrice>13.90</ItemPrice>
      <UnitOfMeasurePrice>13.90</UnitOfMeasurePrice>
      <AllowDiscount>0</AllowDiscount>
      <itemStatus>1</itemStatus>
      <LastUpdateDate />
      <LastUpdateTime />
    </Product>
    <Product>
      <PriceUpdateDate>2014/10/30 10:31</PriceUpdateDate>
      <ItemCode>7290106525320</ItemCode>
      <ItemType>1</ItemType>
      <ItemName>שוקולית לאפיה 500 גר`</ItemName>
      <ManufactureName>שטראוס גרופ בעמ</ManufactureName>
      <ManufactureCountry />
      <ManufactureItemDescription />
      <UnitQty>יח`</UnitQty>
      <Quantity>500</Quantity>
      <UnitMeasure>גרם</UnitMeasure>
      <BisWeighted>0</BisWeighted>
      <QtyInPackage>1</QtyInPackage>
      <ItemPrice>14.90</ItemPrice>
      <UnitOfMeasurePrice>2.98</UnitOfMeasurePrice>
      <AllowDiscount>1</AllowDiscount>
      <itemStatus>1</itemStatus>
      <LastUpdateDate />
      <LastUpdateTime />
    </Product>
    <Product>
      <PriceUpdateDate>2015/12/01 09:24</PriceUpdateDate>
      <ItemCode>7290106526822</ItemCode>
      <ItemType>1</ItemType>
      <ItemName>אנרג`י פריכיות תחתית שוקולד</ItemName>
      <ManufactureName>שטראוס גרופ בעמ</ManufactureName>
      <ManufactureCountry />
      <ManufactureItemDescription />
      <UnitQty>יח`</UnitQty>
      <Quantity>70</Quantity>
      <UnitMeasure>גרם</UnitMeasure>
      <BisWeighted>0</BisWeighted>
      <QtyInPackage>1</QtyInPackage>
      <ItemPrice>8.90</ItemPrice>
      <UnitOfMeasurePrice>12.71</UnitOfMeasurePrice>
      <AllowDiscount>0</AllowDiscount>
      <itemStatus>1</itemStatus>
      <LastUpdateDate />
      <LastUpdateTime />
    </Product>
    <Product>
      <PriceUpdateDate>2015/12/01 09:24</PriceUpdateDate>
      <ItemCode>7290106527386</ItemCode>
      <ItemType>1</ItemType>
      <ItemName>אנרג`י פריכיות תחתית מצופה שוקולד</ItemName>
      <ManufactureName>שטראוס גרופ בעמ</ManufactureName>
      <ManufactureCountry />
      <ManufactureItemDescription />
      <UnitQty>יח`</UnitQty>
      <Quantity>70</Quantity>
      <UnitMeasure>גרם</UnitMeasure>
      <BisWeighted>0</BisWeighted>
      <QtyInPackage>1</QtyInPackage>
      <ItemPrice>8.90</ItemPrice>
      <UnitOfMeasurePrice>12.71</UnitOfMeasurePrice>
      <AllowDiscount>0</AllowDiscount>
      <itemStatus>1</itemStatus>
      <LastUpdateDate />
      <LastUpdateTime />
    </Product>
    <Product>
      <PriceUpdateDate>2016/06/08 10:56</PriceUpdateDate>
      <ItemCode>7290106528567</ItemCode>
      <ItemType>1</ItemType>
      <ItemName>חטיף תירס גריל דוריטוס (185 גרם)</ItemName>
      <ManufactureName>שטראוס פריטו ליי בעמ</ManufactureName>
      <ManufactureCountry />
      <ManufactureItemDescription />
      <UnitQty>יח`</UnitQty>
      <Quantity>185</Quantity>
      <UnitMeasure>גרם</UnitMeasure>
      <BisWeighted>0</BisWeighted>
      <QtyInPackage>1</QtyInPackage>
      <ItemPrice>7.50</ItemPrice>
      <UnitOfMeasurePrice>4.05</UnitOfMeasurePrice>
      <AllowDiscount>0</AllowDiscount>
      <itemStatus>1</itemStatus>
      <LastUpdateDate />
      <LastUpdateTime />
    </Product>
    <Product>
      <PriceUpdateDate>2016/06/08 10:56</PriceUpdateDate>
      <ItemCode>7290106528628</ItemCode>
      <ItemType>1</ItemType>
      <ItemName>חטיף תירס בטעם טבעי דוריטוס (185 גרם)</ItemName>
      <ManufactureName>שטראוס פריטו ליי בעמ</ManufactureName>
      <ManufactureCountry />
      <ManufactureItemDescription />
      <UnitQty>יח`</UnitQty>
      <Quantity>185</Quantity>
      <UnitMeasure>גרם</UnitMeasure>
      <BisWeighted>0</BisWeighted>
      <QtyInPackage>1</QtyInPackage>
      <ItemPrice>7.50</ItemPrice>
      <UnitOfMeasurePrice>4.05</UnitOfMeasurePrice>
      <AllowDiscount>0</AllowDiscount>
      <itemStatus>1</itemStatus>
      <LastUpdateDate />
      <LastUpdateTime />
    </Product>
    <Product>
      <PriceUpdateDate>2015/04/12 11:41</PriceUpdateDate>
      <ItemCode>7290106528949</ItemCode>
      <ItemType>1</ItemType>
      <ItemName>סלט ערוגות שטראוס 450 גר`-טעם הטבע</ItemName>
      <ManufactureName>שטראוס גרופ בעמ/מצונן</ManufactureName>
      <ManufactureCountry />
      <ManufactureItemDescription />
      <UnitQty>יח`</UnitQty>
      <Quantity>450</Quantity>
      <UnitMeasure>גרם</UnitMeasure>
      <BisWeighted>0</BisWeighted>
      <QtyInPackage>1</QtyInPackage>
      <ItemPrice>11.50</ItemPrice>
      <UnitOfMeasurePrice>2.56</UnitOfMeasurePrice>
      <AllowDiscount>0</AllowDiscount>
      <itemStatus>1</itemStatus>
      <LastUpdateDate />
      <LastUpdateTime />
    </Product>
    <Product>
      <PriceUpdateDate>2015/06/29 14:43</PriceUpdateDate>
      <ItemCode>7290106571037</ItemCode>
      <ItemType>1</ItemType>
      <ItemName>מאגדת גומיגם</ItemName>
      <ManufactureName>נגה גלידות שותפות מוגבלת</ManufactureName>
      <ManufactureCountry />
      <ManufactureItemDescription />
      <UnitQty>יח`</UnitQty>
      <Quantity>450</Quantity>
      <UnitMeasure>גרם</UnitMeasure>
      <BisWeighted>0</BisWeighted>
      <QtyInPackage>1</QtyInPackage>
      <ItemPrice>27.90</ItemPrice>
      <UnitOfMeasurePrice>6.20</UnitOfMeasurePrice>
      <AllowDiscount>0</AllowDiscount>
      <itemStatus>1</itemStatus>
      <LastUpdateDate />
      <LastUpdateTime />
    </Product>
    <Product>
      <PriceUpdateDate>2015/07/27 08:12</PriceUpdateDate>
      <ItemCode>7290106571907</ItemCode>
      <ItemType>1</ItemType>
      <ItemName>עוגיות פיטנס שוקולד ציפס</ItemName>
      <ManufactureName>קבוצת אסם סחר שות. מוגבלת</ManufactureName>
      <ManufactureCountry />
      <ManufactureItemDescription />
      <UnitQty>יח`</UnitQty>
      <Quantity>180</Quantity>
      <UnitMeasure>גרם</UnitMeasure>
      <BisWeighted>0</BisWeighted>
      <QtyInPackage>1</QtyInPackage>
      <ItemPrice>11.90</ItemPrice>
      <UnitOfMeasurePrice>6.61</UnitOfMeasurePrice>
      <AllowDiscount>0</AllowDiscount>
      <itemStatus>1</itemStatus>
      <LastUpdateDate />
      <LastUpdateTime />
    </Product>
    <Product>
      <PriceUpdateDate>2015/07/27 08:12</PriceUpdateDate>
      <ItemCode>7290106571921</ItemCode>
      <ItemType>1</ItemType>
      <ItemName>פיטנס עוגיות עם חמוציות נסטלה (180 גרם)</ItemName>
      <ManufactureName>קבוצת אסם סחר שות. מוגבלת</ManufactureName>
      <ManufactureCountry />
      <ManufactureItemDescription />
      <UnitQty>יח`</UnitQty>
      <Quantity>180</Quantity>
      <UnitMeasure>גרם</UnitMeasure>
      <BisWeighted>0</BisWeighted>
      <QtyInPackage>1</QtyInPackage>
      <ItemPrice>11.90</ItemPrice>
      <UnitOfMeasurePrice>6.61</UnitOfMeasurePrice>
      <AllowDiscount>0</AllowDiscount>
      <itemStatus>1</itemStatus>
      <LastUpdateDate />
      <LastUpdateTime />
    </Product>
    <Product>
      <PriceUpdateDate>2015/07/27 08:12</PriceUpdateDate>
      <ItemCode>7290106571945</ItemCode>
      <ItemType>1</ItemType>
      <ItemName>פיטנס עוגיות שוקולד מריר נסטלה (180 גרם)</ItemName>
      <ManufactureName>קבוצת אסם סחר שות. מוגבלת</ManufactureName>
      <ManufactureCountry />
      <ManufactureItemDescription />
      <UnitQty>יח`</UnitQty>
      <Quantity>180</Quantity>
      <UnitMeasure>גרם</UnitMeasure>
      <BisWeighted>0</BisWeighted>
      <QtyInPackage>1</QtyInPackage>
      <ItemPrice>11.90</ItemPrice>
      <UnitOfMeasurePrice>6.61</UnitOfMeasurePrice>
      <AllowDiscount>0</AllowDiscount>
      <itemStatus>1</itemStatus>
      <LastUpdateDate />
      <LastUpdateTime />
    </Product>
    <Product>
      <PriceUpdateDate>2014/07/07 13:09</PriceUpdateDate>
      <ItemCode>7290106572027</ItemCode>
      <ItemType>1</ItemType>
      <ItemName>קרקר לחמית חמישה דגנים אסם (190 גרם)</ItemName>
      <ManufactureName>קבוצת אסם סחר שות. מוגבלת</ManufactureName>
      <ManufactureCountry />
      <ManufactureItemDescription />
      <UnitQty>יח`</UnitQty>
      <Quantity>190</Quantity>
      <UnitMeasure>גרם</UnitMeasure>
      <BisWeighted>0</BisWeighted>
      <QtyInPackage>1</QtyInPackage>
      <ItemPrice>8.90</ItemPrice>
      <UnitOfMeasurePrice>4.68</UnitOfMeasurePrice>
      <AllowDiscount>1</AllowDiscount>
      <itemStatus>1</itemStatus>
      <LastUpdateDate />
      <LastUpdateTime />
    </Product>
    <Product>
      <PriceUpdateDate>2015/04/14 14:16</PriceUpdateDate>
      <ItemCode>7290106572065</ItemCode>
      <ItemType>1</ItemType>
      <ItemName>חטיפי טורטיה בטעם חמוץ מתוק אסם (60 גרם)</ItemName>
      <ManufactureName>קבוצת אסם סחר שות. מוגבלת</ManufactureName>
      <ManufactureCountry />
      <ManufactureItemDescription />
      <UnitQty>יח`</UnitQty>
      <Quantity>60</Quantity>
      <UnitMeasure>גרם</UnitMeasure>
      <BisWeighted>0</BisWeighted>
      <QtyInPackage>1</QtyInPackage>
      <ItemPrice>7.90</ItemPrice>
      <UnitOfMeasurePrice>13.17</UnitOfMeasurePrice>
      <AllowDiscount>1</AllowDiscount>
      <itemStatus>1</itemStatus>
      <LastUpdateDate />
      <LastUpdateTime />
    </Product>
    <Product>
      <PriceUpdateDate>2015/05/28 16:19</PriceUpdateDate>
      <ItemCode>7290106572997</ItemCode>
      <ItemType>1</ItemType>
      <ItemName>קמח שמרים לפיצה ופוקצ`ה אסם 1 קג`</ItemName>
      <ManufactureName>קבוצת אסם סחר שות. מוגבלת</ManufactureName>
      <ManufactureCountry />
      <ManufactureItemDescription />
      <UnitQty>יח`</UnitQty>
      <Quantity>1000</Quantity>
      <UnitMeasure>גרם</UnitMeasure>
      <BisWeighted>0</BisWeighted>
      <QtyInPackage>1</QtyInPackage>
      <ItemPrice>10.90</ItemPrice>
      <UnitOfMeasurePrice>1.09</UnitOfMeasurePrice>
      <AllowDiscount>0</AllowDiscount>
      <itemStatus>1</itemStatus>
      <LastUpdateDate />
      <LastUpdateTime />
    </Product>
    <Product>
      <PriceUpdateDate>2018/09/07 09:20</PriceUpdateDate>
      <ItemCode>7290106573086</ItemCode>
      <ItemType>1</ItemType>
      <ItemName>קוסקוס אמיתי אסם (350x2 גרם)</ItemName>
      <ManufactureName>קבוצת אסם סחר שות. מוגבלת</ManufactureName>
      <ManufactureCountry />
      <ManufactureItemDescription />
      <UnitQty>יח`</UnitQty>
      <Quantity>700</Quantity>
      <UnitMeasure>גרם</UnitMeasure>
      <BisWeighted>0</BisWeighted>
      <QtyInPackage>1</QtyInPackage>
      <ItemPrice>10.90</ItemPrice>
      <UnitOfMeasurePrice>1.56</UnitOfMeasurePrice>
      <AllowDiscount>0</AllowDiscount>
      <itemStatus>1</itemStatus>
      <LastUpdateDate />
      <LastUpdateTime />
    </Product>
    <Product>
      <PriceUpdateDate>2015/01/29 15:02</PriceUpdateDate>
      <ItemCode>7290106573277</ItemCode>
      <ItemType>1</ItemType>
      <ItemName>קריספי טאפאס זיתים</ItemName>
      <ManufactureName>קבוצת אסם סחר שות. מוגבלת</ManufactureName>
      <ManufactureCountry />
      <ManufactureItemDescription />
      <UnitQty>יח`</UnitQty>
      <Quantity>150</Quantity>
      <UnitMeasure>גרם</UnitMeasure>
      <BisWeighted>0</BisWeighted>
      <QtyInPackage>1</QtyInPackage>
      <ItemPrice>11.90</ItemPrice>
      <UnitOfMeasurePrice>7.93</UnitOfMeasurePrice>
      <AllowDiscount>1</AllowDiscount>
      <itemStatus>1</itemStatus>
      <LastUpdateDate />
      <LastUpdateTime />
    </Product>
    <Product>
      <PriceUpdateDate>2015/01/29 15:02</PriceUpdateDate>
      <ItemCode>7290106573291</ItemCode>
      <ItemType>1</ItemType>
      <ItemName>קריספי טאפאס פלפלים קלוים אסם (150 גרם)</ItemName>
      <ManufactureName>קבוצת אסם סחר שות. מוגבלת</ManufactureName>
      <ManufactureCountry />
      <ManufactureItemDescription />
      <UnitQty>יח`</UnitQty>
      <Quantity>150</Quantity>
      <UnitMeasure>גרם</UnitMeasure>
      <BisWeighted>0</BisWeighted>
      <QtyInPackage>1</QtyInPackage>
      <ItemPrice>11.90</ItemPrice>
      <UnitOfMeasurePrice>7.93</UnitOfMeasurePrice>
      <AllowDiscount>1</AllowDiscount>
      <itemStatus>1</itemStatus>
      <LastUpdateDate />
      <LastUpdateTime />
    </Product>
    <Product>
      <PriceUpdateDate>2014/01/02 08:41</PriceUpdateDate>
      <ItemCode>7290106573628</ItemCode>
      <ItemType>1</ItemType>
      <ItemName>חומוס עם טחינה צבר (400 גרם)</ItemName>
      <ManufactureName>קבוצת אסם סחר שות. מוגבלת</ManufactureName>
      <ManufactureCountry />
      <ManufactureItemDescription />
      <UnitQty>יח`</UnitQty>
      <Quantity>400</Quantity>
      <UnitMeasure>גרם</UnitMeasure>
      <BisWeighted>0</BisWeighted>
      <QtyInPackage>1</QtyInPackage>
      <ItemPrice>12</ItemPrice>
      <UnitOfMeasurePrice>3</UnitOfMeasurePrice>
      <AllowDiscount>1</AllowDiscount>
      <itemStatus>1</itemStatus>
      <LastUpdateDate />
      <LastUpdateTime />
    </Product>
    <Product>
      <PriceUpdateDate>2013/12/15 08:24</PriceUpdateDate>
      <ItemCode>7290106573819</ItemCode>
      <ItemType>1</ItemType>
      <ItemName>חומוס אבו גוש צבר (400 גרם)</ItemName>
      <ManufactureName>קבוצת אסם סחר שות. מוגבלת</ManufactureName>
      <ManufactureCountry />
      <ManufactureItemDescription />
      <UnitQty>יח`</UnitQty>
      <Quantity>400</Quantity>
      <UnitMeasure>גרם</UnitMeasure>
      <BisWeighted>0</BisWeighted>
      <QtyInPackage>1</QtyInPackage>
      <ItemPrice>11.90</ItemPrice>
      <UnitOfMeasurePrice>2.98</UnitOfMeasurePrice>
      <AllowDiscount>1</AllowDiscount>
      <itemStatus>1</itemStatus>
      <LastUpdateDate />
      <LastUpdateTime />
    </Product>
    <Product>
      <PriceUpdateDate>2015/07/23 09:05</PriceUpdateDate>
      <ItemCode>7290106574793</ItemCode>
      <ItemType>1</ItemType>
      <ItemName>עוגת הבית שוקוצ`יפס אסם (350 גרם)</ItemName>
      <ManufactureName>קבוצת אסם סחר שות. מוגבלת</ManufactureName>
      <ManufactureCountry />
      <ManufactureItemDescription />
      <UnitQty>יח`</UnitQty>
      <Quantity>350</Quantity>
      <UnitMeasure>גרם</UnitMeasure>
      <BisWeighted>0</BisWeighted>
      <QtyInPackage>1</QtyInPackage>
      <ItemPrice>11.90</ItemPrice>
      <UnitOfMeasurePrice>3.40</UnitOfMeasurePrice>
      <AllowDiscount>0</AllowDiscount>
      <itemStatus>1</itemStatus>
      <LastUpdateDate />
      <LastUpdateTime />
    </Product>
    <Product>
      <PriceUpdateDate>2015/05/14 08:30</PriceUpdateDate>
      <ItemCode>7290106574953</ItemCode>
      <ItemType>1</ItemType>
      <ItemName>בייגלה שטוחים עם שומשום</ItemName>
      <ManufactureName>קבוצת אסם סחר שות. מוגבלת</ManufactureName>
      <ManufactureCountry />
      <ManufactureItemDescription />
      <UnitQty>יח`</UnitQty>
      <Quantity>300</Quantity>
      <UnitMeasure>גרם</UnitMeasure>
      <BisWeighted>0</BisWeighted>
      <QtyInPackage>1</QtyInPackage>
      <ItemPrice>9.90</ItemPrice>
      <UnitOfMeasurePrice>3.30</UnitOfMeasurePrice>
      <AllowDiscount>0</AllowDiscount>
      <itemStatus>1</itemStatus>
      <LastUpdateDate />
      <LastUpdateTime />
    </Product>
    <Product>
      <PriceUpdateDate>2015/05/14 08:30</PriceUpdateDate>
      <ItemCode>7290106574977</ItemCode>
      <ItemType>1</ItemType>
      <ItemName>בייגלה שטוחים טבעות עם מלח אסם (300 גרם)</ItemName>
      <ManufactureName>קבוצת אסם סחר שות. מוגבלת</ManufactureName>
      <ManufactureCountry />
      <ManufactureItemDescription />
      <UnitQty>יח`</UnitQty>
      <Quantity>300</Quantity>
      <UnitMeasure>גרם</UnitMeasure>
      <BisWeighted>0</BisWeighted>
      <QtyInPackage>1</QtyInPackage>
      <ItemPrice>9.90</ItemPrice>
      <UnitOfMeasurePrice>3.30</UnitOfMeasurePrice>
      <AllowDiscount>0</AllowDiscount>
      <itemStatus>1</itemStatus>
      <LastUpdateDate />
      <LastUpdateTime />
    </Product>
    <Product>
      <PriceUpdateDate>2015/07/23 09:05</PriceUpdateDate>
      <ItemCode>7290106575257</ItemCode>
      <ItemType>1</ItemType>
      <ItemName>עוגת הבית סופלה טעם שוקולד</ItemName>
      <ManufactureName>קבוצת אסם סחר שות. מוגבלת</ManufactureName>
      <ManufactureCountry />
      <ManufactureItemDescription />
      <UnitQty>יח`</UnitQty>
      <Quantity>340</Quantity>
      <UnitMeasure>גרם</UnitMeasure>
      <BisWeighted>0</BisWeighted>
      <QtyInPackage>1</QtyInPackage>
      <ItemPrice>11.90</ItemPrice>
      <UnitOfMeasurePrice>3.50</UnitOfMeasurePrice>
      <AllowDiscount>0</AllowDiscount>
      <itemStatus>1</itemStatus>
      <LastUpdateDate />
      <LastUpdateTime />
    </Product>
    <Product>
      <PriceUpdateDate>2015/07/23 09:05</PriceUpdateDate>
      <ItemCode>7290106575431</ItemCode>
      <ItemType>1</ItemType>
      <ItemName>עוגת הבית סופלה טעם שוקו וניל</ItemName>
      <ManufactureName>קבוצת אסם סחר שות. מוגבלת</ManufactureName>
      <ManufactureCountry />
      <ManufactureItemDescription />
      <UnitQty>יח`</UnitQty>
      <Quantity>340</Quantity>
      <UnitMeasure>גרם</UnitMeasure>
      <BisWeighted>0</BisWeighted>
      <QtyInPackage>1</QtyInPackage>
      <ItemPrice>11.90</ItemPrice>
      <UnitOfMeasurePrice>3.50</UnitOfMeasurePrice>
      <AllowDiscount>0</AllowDiscount>
      <itemStatus>1</itemStatus>
      <LastUpdateDate />
      <LastUpdateTime />
    </Product>
    <Product>
      <PriceUpdateDate>2014/03/19 15:11</PriceUpdateDate>
      <ItemCode>7290106576513</ItemCode>
      <ItemType>1</ItemType>
      <ItemName>חומוס צבר (400 גרם)</ItemName>
      <ManufactureName>קבוצת אסם סחר שות. מוגבלת</ManufactureName>
      <ManufactureCountry />
      <ManufactureItemDescription />
      <UnitQty>יח`</UnitQty>
      <Quantity>500</Quantity>
      <UnitMeasure>גרם</UnitMeasure>
      <BisWeighted>0</BisWeighted>
      <QtyInPackage>1</QtyInPackage>
      <ItemPrice>11.90</ItemPrice>
      <UnitOfMeasurePrice>2.38</UnitOfMeasurePrice>
      <AllowDiscount>1</AllowDiscount>
      <itemStatus>1</itemStatus>
      <LastUpdateDate />
      <LastUpdateTime />
    </Product>
    <Product>
      <PriceUpdateDate>2016/10/31 14:50</PriceUpdateDate>
      <ItemCode>7290106576537</ItemCode>
      <ItemType>1</ItemType>
      <ItemName>חומוס מסעדה צבר (700 גרם)</ItemName>
      <ManufactureName>קבוצת אסם סחר שות. מוגבלת</ManufactureName>
      <ManufactureCountry />
      <ManufactureItemDescription />
      <UnitQty>יח`</UnitQty>
      <Quantity>700</Quantity>
      <UnitMeasure>גרם</UnitMeasure>
      <BisWeighted>0</BisWeighted>
      <QtyInPackage>1</QtyInPackage>
      <ItemPrice>11.90</ItemPrice>
      <UnitOfMeasurePrice>1.70</UnitOfMeasurePrice>
      <AllowDiscount>1</AllowDiscount>
      <itemStatus>1</itemStatus>
      <LastUpdateDate />
      <LastUpdateTime />
    </Product>
    <Product>
      <PriceUpdateDate>2015/04/12 11:32</PriceUpdateDate>
      <ItemCode>7290106576957</ItemCode>
      <ItemType>1</ItemType>
      <ItemName>לה קרמריה 1.4 שוקו וניל פרווה</ItemName>
      <ManufactureName>נגה גלידות שותפות מוגבלת</ManufactureName>
      <ManufactureCountry />
      <ManufactureItemDescription />
      <UnitQty>יח`</UnitQty>
      <Quantity>1.40</Quantity>
      <UnitMeasure>1 ליטר</UnitMeasure>
      <BisWeighted>0</BisWeighted>
      <QtyInPackage>1</QtyInPackage>
      <ItemPrice>22.90</ItemPrice>
      <UnitOfMeasurePrice>16.36</UnitOfMeasurePrice>
      <AllowDiscount>1</AllowDiscount>
      <itemStatus>1</itemStatus>
      <LastUpdateDate />
      <LastUpdateTime />
    </Product>
    <Product>
      <PriceUpdateDate>2015/04/12 11:32</PriceUpdateDate>
      <ItemCode>7290106576995</ItemCode>
      <ItemType>1</ItemType>
      <ItemName>לה קרמריה 1.4 סורבה לייט</ItemName>
      <ManufactureName>נגה גלידות שותפות מוגבלת</ManufactureName>
      <ManufactureCountry />
      <ManufactureItemDescription />
      <UnitQty>יח`</UnitQty>
      <Quantity>1400</Quantity>
      <UnitMeasure>מ"ל</UnitMeasure>
      <BisWeighted>0</BisWeighted>
      <QtyInPackage>1</QtyInPackage>
      <ItemPrice>22.90</ItemPrice>
      <UnitOfMeasurePrice>1.64</UnitOfMeasurePrice>
      <AllowDiscount>1</AllowDiscount>
      <itemStatus>1</itemStatus>
      <LastUpdateDate />
      <LastUpdateTime />
    </Product>
    <Product>
      <PriceUpdateDate>2015/12/06 11:26</PriceUpdateDate>
      <ItemCode>7290106577282</ItemCode>
      <ItemType>1</ItemType>
      <ItemName>טחינה אמיתית צבר (400 גרם)</ItemName>
      <ManufactureName>קבוצת אסם סחר שות. מוגבלת</ManufactureName>
      <ManufactureCountry />
      <ManufactureItemDescription />
      <UnitQty>יח`</UnitQty>
      <Quantity>400</Quantity>
      <UnitMeasure>גרם</UnitMeasure>
      <BisWeighted>0</BisWeighted>
      <QtyInPackage>1</QtyInPackage>
      <ItemPrice>11.90</ItemPrice>
      <UnitOfMeasurePrice>2.98</UnitOfMeasurePrice>
      <AllowDiscount>1</AllowDiscount>
      <itemStatus>1</itemStatus>
      <LastUpdateDate />
      <LastUpdateTime />
    </Product>
    <Product>
      <PriceUpdateDate>2015/12/06 11:26</PriceUpdateDate>
      <ItemCode>7290106577480</ItemCode>
      <ItemType>1</ItemType>
      <ItemName>סלט חציל על האש בטחינה צבר (400 גרם)</ItemName>
      <ManufactureName>קבוצת אסם סחר שות. מוגבלת</ManufactureName>
      <ManufactureCountry />
      <ManufactureItemDescription />
      <UnitQty>יח`</UnitQty>
      <Quantity>400</Quantity>
      <UnitMeasure>גרם</UnitMeasure>
      <BisWeighted>0</BisWeighted>
      <QtyInPackage>1</QtyInPackage>
      <ItemPrice>12.90</ItemPrice>
      <UnitOfMeasurePrice>3.23</UnitOfMeasurePrice>
      <AllowDiscount>1</AllowDiscount>
      <itemStatus>1</itemStatus>
      <LastUpdateDate />
      <LastUpdateTime />
    </Product>
    <Product>
      <PriceUpdateDate>2015/12/06 11:26</PriceUpdateDate>
      <ItemCode>7290106577503</ItemCode>
      <ItemType>1</ItemType>
      <ItemName>חציל במיונז על האש צבר (400 גרם)</ItemName>
      <ManufactureName>קבוצת אסם סחר שות. מוגבלת</ManufactureName>
      <ManufactureCountry />
      <ManufactureItemDescription />
      <UnitQty>יח`</UnitQty>
      <Quantity>400</Quantity>
      <UnitMeasure>גרם</UnitMeasure>
      <BisWeighted>0</BisWeighted>
      <QtyInPackage>1</QtyInPackage>
      <ItemPrice>11.90</ItemPrice>
      <UnitOfMeasurePrice>2.98</UnitOfMeasurePrice>
      <AllowDiscount>1</AllowDiscount>
      <itemStatus>1</itemStatus>
      <LastUpdateDate />
      <LastUpdateTime />
    </Product>
    <Product>
      <PriceUpdateDate>2013/12/12 08:23</PriceUpdateDate>
      <ItemCode>7290106577541</ItemCode>
      <ItemType>1</ItemType>
      <ItemName>סלט כרוב אדום צבר (400 גרם)</ItemName>
      <ManufactureName>קבוצת אסם סחר שות. מוגבלת</ManufactureName>
      <ManufactureCountry />
      <ManufactureItemDescription />
      <UnitQty>יח`</UnitQty>
      <Quantity>400</Quantity>
      <UnitMeasure>גרם</UnitMeasure>
      <BisWeighted>0</BisWeighted>
      <QtyInPackage>1</QtyInPackage>
      <ItemPrice>10.90</ItemPrice>
      <UnitOfMeasurePrice>2.73</UnitOfMeasurePrice>
      <AllowDiscount>1</AllowDiscount>
      <itemStatus>1</itemStatus>
      <LastUpdateDate />
      <LastUpdateTime />
    </Product>
    <Product>
      <PriceUpdateDate>2014/08/13 08:25</PriceUpdateDate>
      <ItemCode>7290106577961</ItemCode>
      <ItemType>1</ItemType>
      <ItemName>דגני בוקר שיבולת שועל 340 גר`</ItemName>
      <ManufactureName>קבוצת אסם סחר שות. מוגבלת</ManufactureName>
      <ManufactureCountry />
      <ManufactureItemDescription />
      <UnitQty>יח`</UnitQty>
      <Quantity>340</Quantity>
      <UnitMeasure>גרם</UnitMeasure>
      <BisWeighted>0</BisWeighted>
      <QtyInPackage>1</QtyInPackage>
      <ItemPrice>17.90</ItemPrice>
      <UnitOfMeasurePrice>5.26</UnitOfMeasurePrice>
      <AllowDiscount>1</AllowDiscount>
      <itemStatus>1</itemStatus>
      <LastUpdateDate />
      <LastUpdateTime />
    </Product>
    <Product>
      <PriceUpdateDate>2014/02/20 10:46</PriceUpdateDate>
      <ItemCode>7290106578241</ItemCode>
      <ItemType>1</ItemType>
      <ItemName>דובונים חטיף תפוחי אדמה אסם (100 גרם)</ItemName>
      <ManufactureName>קבוצת אסם סחר שות. מוגבלת</ManufactureName>
      <ManufactureCountry />
      <ManufactureItemDescription />
      <UnitQty>יח`</UnitQty>
      <Quantity>100</Quantity>
      <UnitMeasure>גרם</UnitMeasure>
      <BisWeighted>0</BisWeighted>
      <QtyInPackage>1</QtyInPackage>
      <ItemPrice>9.90</ItemPrice>
      <UnitOfMeasurePrice>9.90</UnitOfMeasurePrice>
      <AllowDiscount>0</AllowDiscount>
      <itemStatus>1</itemStatus>
      <LastUpdateDate />
      <LastUpdateTime />
    </Product>
    <Product>
      <PriceUpdateDate>2015/10/15 08:16</PriceUpdateDate>
      <ItemCode>7290106578821</ItemCode>
      <ItemType>1</ItemType>
      <ItemName>עוגת הבית שמרים שוקולד קלסית</ItemName>
      <ManufactureName>קבוצת אסם סחר שות. מוגבלת</ManufactureName>
      <ManufactureCountry />
      <ManufactureItemDescription />
      <UnitQty>יח`</UnitQty>
      <Quantity>350</Quantity>
      <UnitMeasure>גרם</UnitMeasure>
      <BisWeighted>0</BisWeighted>
      <QtyInPackage>1</QtyInPackage>
      <ItemPrice>17.90</ItemPrice>
      <UnitOfMeasurePrice>5.11</UnitOfMeasurePrice>
      <AllowDiscount>0</AllowDiscount>
      <itemStatus>1</itemStatus>
      <LastUpdateDate />
      <LastUpdateTime />
    </Product>
    <Product>
      <PriceUpdateDate>2015/01/29 11:52</PriceUpdateDate>
      <ItemCode>7290106651173</ItemCode>
      <ItemType>1</ItemType>
      <ItemName>מאגדת טעמי מגדים</ItemName>
      <ManufactureName>שטראוס גרופ בעמ</ManufactureName>
      <ManufactureCountry />
      <ManufactureItemDescription />
      <UnitQty>יח`</UnitQty>
      <Quantity>160</Quantity>
      <UnitMeasure>גרם</UnitMeasure>
      <BisWeighted>0</BisWeighted>
      <QtyInPackage>1</QtyInPackage>
      <ItemPrice>13.90</ItemPrice>
      <UnitOfMeasurePrice>8.69</UnitOfMeasurePrice>
      <AllowDiscount>0</AllowDiscount>
      <itemStatus>1</itemStatus>
      <LastUpdateDate />
      <LastUpdateTime />
    </Product>
    <Product>
      <PriceUpdateDate>2015/04/29 11:13</PriceUpdateDate>
      <ItemCode>7290106652705</ItemCode>
      <ItemType>1</ItemType>
      <ItemName>פסק זמן שלישייה</ItemName>
      <ManufactureName>שטראוס גרופ בעמ</ManufactureName>
      <ManufactureCountry />
      <ManufactureItemDescription />
      <UnitQty>יח`</UnitQty>
      <Quantity>1</Quantity>
      <UnitMeasure />
      <BisWeighted>0</BisWeighted>
      <QtyInPackage>1</QtyInPackage>
      <ItemPrice>13.90</ItemPrice>
      <UnitOfMeasurePrice>13.90</UnitOfMeasurePrice>
      <AllowDiscount>0</AllowDiscount>
      <itemStatus>1</itemStatus>
      <LastUpdateDate />
      <LastUpdateTime />
    </Product>
    <Product>
      <PriceUpdateDate>2014/03/28 07:42</PriceUpdateDate>
      <ItemCode>7290106653207</ItemCode>
      <ItemType>1</ItemType>
      <ItemName>פיתה קראנצ` בטעם זעתר עלית (300 גרם)</ItemName>
      <ManufactureName>שטראוס פריטו ליי בעמ</ManufactureName>
      <ManufactureCountry />
      <ManufactureItemDescription />
      <UnitQty>יח`</UnitQty>
      <Quantity>300</Quantity>
      <UnitMeasure>גרם</UnitMeasure>
      <BisWeighted>0</BisWeighted>
      <QtyInPackage>1</QtyInPackage>
      <ItemPrice>13</ItemPrice>
      <UnitOfMeasurePrice>4.33</UnitOfMeasurePrice>
      <AllowDiscount>1</AllowDiscount>
      <itemStatus>1</itemStatus>
      <LastUpdateDate />
      <LastUpdateTime />
    </Product>
    <Product>
      <PriceUpdateDate>2017/01/05 08:14</PriceUpdateDate>
      <ItemCode>7290106654099</ItemCode>
      <ItemType>1</ItemType>
      <ItemName>מארז מילקי CAKE שמיניה</ItemName>
      <ManufactureName>שטראוס גרופ בעמ/מצונן</ManufactureName>
      <ManufactureCountry />
      <ManufactureItemDescription />
      <UnitQty>יח`</UnitQty>
      <Quantity>272</Quantity>
      <UnitMeasure>גרם</UnitMeasure>
      <BisWeighted>0</BisWeighted>
      <QtyInPackage>1</QtyInPackage>
      <ItemPrice>19.90</ItemPrice>
      <UnitOfMeasurePrice>7.32</UnitOfMeasurePrice>
      <AllowDiscount>0</AllowDiscount>
      <itemStatus>1</itemStatus>
      <LastUpdateDate />
      <LastUpdateTime />
    </Product>
    <Product>
      <PriceUpdateDate>2017/03/27 11:41</PriceUpdateDate>
      <ItemCode>7290106654921</ItemCode>
      <ItemType>1</ItemType>
      <ItemName>תפוצ`יפס 50 גר` אקסטרא</ItemName>
      <ManufactureName>שטראוס פריטו ליי בעמ</ManufactureName>
      <ManufactureCountry />
      <ManufactureItemDescription />
      <UnitQty>יח`</UnitQty>
      <Quantity>1</Quantity>
      <UnitMeasure />
      <BisWeighted>0</BisWeighted>
      <QtyInPackage>1</QtyInPackage>
      <ItemPrice>3.90</ItemPrice>
      <UnitOfMeasurePrice>3.90</UnitOfMeasurePrice>
      <AllowDiscount>0</AllowDiscount>
      <itemStatus>1</itemStatus>
      <LastUpdateDate />
      <LastUpdateTime />
    </Product>
    <Product>
      <PriceUpdateDate>2017/05/15 16:51</PriceUpdateDate>
      <ItemCode>7290106656260</ItemCode>
      <ItemType>1</ItemType>
      <ItemName>פופקורן בטעם טבעי עלית (65 גרם)</ItemName>
      <ManufactureName>שטראוס פריטו ליי בעמ</ManufactureName>
      <ManufactureCountry />
      <ManufactureItemDescription />
      <UnitQty>יח`</UnitQty>
      <Quantity>65</Quantity>
      <UnitMeasure>גרם</UnitMeasure>
      <BisWeighted>0</BisWeighted>
      <QtyInPackage>1</QtyInPackage>
      <ItemPrice>3.90</ItemPrice>
      <UnitOfMeasurePrice>6</UnitOfMeasurePrice>
      <AllowDiscount>1</AllowDiscount>
      <itemStatus>1</itemStatus>
      <LastUpdateDate />
      <LastUpdateTime />
    </Product>
    <Product>
      <PriceUpdateDate>2019/02/03 12:22</PriceUpdateDate>
      <ItemCode>7290106656512</ItemCode>
      <ItemType>1</ItemType>
      <ItemName>בפלות טורטית מהדרין עלית (360 גרם)</ItemName>
      <ManufactureName>שטראוס גרופ בעמ</ManufactureName>
      <ManufactureCountry />
      <ManufactureItemDescription />
      <UnitQty>יח`</UnitQty>
      <Quantity>360</Quantity>
      <UnitMeasure>גרם</UnitMeasure>
      <BisWeighted>0</BisWeighted>
      <QtyInPackage>1</QtyInPackage>
      <ItemPrice>15.80</ItemPrice>
      <UnitOfMeasurePrice>4.39</UnitOfMeasurePrice>
      <AllowDiscount>0</AllowDiscount>
      <itemStatus>1</itemStatus>
      <LastUpdateDate />
      <LastUpdateTime />
    </Product>
    <Product>
      <PriceUpdateDate>2014/12/28 15:20</PriceUpdateDate>
      <ItemCode>7290106656727</ItemCode>
      <ItemType>1</ItemType>
      <ItemName>חיוכים שוקו 600 גר בדצ</ItemName>
      <ManufactureName>שטראוס גרופ בעמ</ManufactureName>
      <ManufactureCountry />
      <ManufactureItemDescription />
      <UnitQty>יח`</UnitQty>
      <Quantity>600</Quantity>
      <UnitMeasure>גרם</UnitMeasure>
      <BisWeighted>0</BisWeighted>
      <QtyInPackage>1</QtyInPackage>
      <ItemPrice>17.90</ItemPrice>
      <UnitOfMeasurePrice>2.98</UnitOfMeasurePrice>
      <AllowDiscount>0</AllowDiscount>
      <itemStatus>1</itemStatus>
      <LastUpdateDate />
      <LastUpdateTime />
    </Product>
    <Product>
      <PriceUpdateDate>2014/12/28 15:20</PriceUpdateDate>
      <ItemCode>7290106656734</ItemCode>
      <ItemType>1</ItemType>
      <ItemName>חיוכים וניל 600 גר בדצ</ItemName>
      <ManufactureName>שטראוס גרופ בעמ</ManufactureName>
      <ManufactureCountry />
      <ManufactureItemDescription />
      <UnitQty>יח`</UnitQty>
      <Quantity>600</Quantity>
      <UnitMeasure>גרם</UnitMeasure>
      <BisWeighted>0</BisWeighted>
      <QtyInPackage>1</QtyInPackage>
      <ItemPrice>17.90</ItemPrice>
      <UnitOfMeasurePrice>2.98</UnitOfMeasurePrice>
      <AllowDiscount>0</AllowDiscount>
      <itemStatus>1</itemStatus>
      <LastUpdateDate />
      <LastUpdateTime />
    </Product>
    <Product>
      <PriceUpdateDate>2014/01/03 08:16</PriceUpdateDate>
      <ItemCode>7290106657137</ItemCode>
      <ItemType>1</ItemType>
      <ItemName>תפוצ`יפס 200 גר` אקסטרא</ItemName>
      <ManufactureName>שטראוס פריטו ליי בעמ</ManufactureName>
      <ManufactureCountry />
      <ManufactureItemDescription />
      <UnitQty>יח`</UnitQty>
      <Quantity>200</Quantity>
      <UnitMeasure>גרם</UnitMeasure>
      <BisWeighted>0</BisWeighted>
      <QtyInPackage>1</QtyInPackage>
      <ItemPrice>10.90</ItemPrice>
      <UnitOfMeasurePrice>5.45</UnitOfMeasurePrice>
      <AllowDiscount>1</AllowDiscount>
      <itemStatus>1</itemStatus>
      <LastUpdateDate />
      <LastUpdateTime />
    </Product>
    <Product>
      <PriceUpdateDate>2018/02/05 13:48</PriceUpdateDate>
      <ItemCode>7290106658059</ItemCode>
      <ItemType>1</ItemType>
      <ItemName>פרה בונבוניירת לב חלבי מגדים</ItemName>
      <ManufactureName>שטראוס גרופ בעמ</ManufactureName>
      <ManufactureCountry />
      <ManufactureItemDescription />
      <UnitQty>יח`</UnitQty>
      <Quantity>162</Quantity>
      <UnitMeasure>גרם</UnitMeasure>
      <BisWeighted>0</BisWeighted>
      <QtyInPackage>1</QtyInPackage>
      <ItemPrice>28.90</ItemPrice>
      <UnitOfMeasurePrice>17.84</UnitOfMeasurePrice>
      <AllowDiscount>0</AllowDiscount>
      <itemStatus>1</itemStatus>
      <LastUpdateDate />
      <LastUpdateTime />
    </Product>
    <Product>
      <PriceUpdateDate>2015/02/24 08:36</PriceUpdateDate>
      <ItemCode>7290106658479</ItemCode>
      <ItemType>1</ItemType>
      <ItemName>טורטית מגדים</ItemName>
      <ManufactureName>שטראוס גרופ בעמ</ManufactureName>
      <ManufactureCountry />
      <ManufactureItemDescription />
      <UnitQty>יח`</UnitQty>
      <Quantity>40</Quantity>
      <UnitMeasure>גרם</UnitMeasure>
      <BisWeighted>0</BisWeighted>
      <QtyInPackage>1</QtyInPackage>
      <ItemPrice>3.90</ItemPrice>
      <UnitOfMeasurePrice>9.75</UnitOfMeasurePrice>
      <AllowDiscount>1</AllowDiscount>
      <itemStatus>1</itemStatus>
      <LastUpdateDate />
      <LastUpdateTime />
    </Product>
    <Product>
      <PriceUpdateDate>2015/03/04 09:12</PriceUpdateDate>
      <ItemCode>7290106660915</ItemCode>
      <ItemType>1</ItemType>
      <ItemName>מקופלת XL מריר 33 גר</ItemName>
      <ManufactureName>שטראוס גרופ בעמ</ManufactureName>
      <ManufactureCountry />
      <ManufactureItemDescription />
      <UnitQty>יח`</UnitQty>
      <Quantity>33</Quantity>
      <UnitMeasure>גרם</UnitMeasure>
      <BisWeighted>0</BisWeighted>
      <QtyInPackage>1</QtyInPackage>
      <ItemPrice>3.90</ItemPrice>
      <UnitOfMeasurePrice>11.82</UnitOfMeasurePrice>
      <AllowDiscount>1</AllowDiscount>
      <itemStatus>1</itemStatus>
      <LastUpdateDate />
      <LastUpdateTime />
    </Product>
    <Product>
      <PriceUpdateDate>2016/05/31 08:09</PriceUpdateDate>
      <ItemCode>7290106662186</ItemCode>
      <ItemType>1</ItemType>
      <ItemName>עוגת רולדה טורטית עלית (350 גרם)</ItemName>
      <ManufactureName>שטראוס גרופ בעמ</ManufactureName>
      <ManufactureCountry />
      <ManufactureItemDescription />
      <UnitQty>יח`</UnitQty>
      <Quantity>350</Quantity>
      <UnitMeasure>גרם</UnitMeasure>
      <BisWeighted>0</BisWeighted>
      <QtyInPackage>1</QtyInPackage>
      <ItemPrice>13.90</ItemPrice>
      <UnitOfMeasurePrice>3.97</UnitOfMeasurePrice>
      <AllowDiscount>1</AllowDiscount>
      <itemStatus>1</itemStatus>
      <LastUpdateDate />
      <LastUpdateTime />
    </Product>
    <Product>
      <PriceUpdateDate>2020/03/30 11:33</PriceUpdateDate>
      <ItemCode>7290106662223</ItemCode>
      <ItemType>1</ItemType>
      <ItemName>אפיפיות בטעם שוקולד עלית (200x2 גרם)</ItemName>
      <ManufactureName>שטראוס גרופ בעמ</ManufactureName>
      <ManufactureCountry />
      <ManufactureItemDescription />
      <UnitQty>יח`</UnitQty>
      <Quantity>400</Quantity>
      <UnitMeasure>גרם</UnitMeasure>
      <BisWeighted>0</BisWeighted>
      <QtyInPackage>1</QtyInPackage>
      <ItemPrice>14.90</ItemPrice>
      <UnitOfMeasurePrice>3.73</UnitOfMeasurePrice>
      <AllowDiscount>0</AllowDiscount>
      <itemStatus>1</itemStatus>
      <LastUpdateDate />
      <LastUpdateTime />
    </Product>
    <Product>
      <PriceUpdateDate>2016/07/14 08:01</PriceUpdateDate>
      <ItemCode>7290106662230</ItemCode>
      <ItemType>1</ItemType>
      <ItemName>בפלות טוב טעם מצופים עם קרם בטעם שוקולד</ItemName>
      <ManufactureName>שטראוס גרופ בעמ</ManufactureName>
      <ManufactureCountry />
      <ManufactureItemDescription />
      <UnitQty>יח`</UnitQty>
      <Quantity>445</Quantity>
      <UnitMeasure>גרם</UnitMeasure>
      <BisWeighted>0</BisWeighted>
      <QtyInPackage>1</QtyInPackage>
      <ItemPrice>17.90</ItemPrice>
      <UnitOfMeasurePrice>4.02</UnitOfMeasurePrice>
      <AllowDiscount>0</AllowDiscount>
      <itemStatus>1</itemStatus>
      <LastUpdateDate />
      <LastUpdateTime />
    </Product>
    <Product>
      <PriceUpdateDate>2015/05/31 10:24</PriceUpdateDate>
      <ItemCode>7290106662377</ItemCode>
      <ItemType>1</ItemType>
      <ItemName>רבע לשבע בוטנים</ItemName>
      <ManufactureName>שטראוס גרופ בעמ</ManufactureName>
      <ManufactureCountry />
      <ManufactureItemDescription />
      <UnitQty>יח`</UnitQty>
      <Quantity>120</Quantity>
      <UnitMeasure>גרם</UnitMeasure>
      <BisWeighted>0</BisWeighted>
      <QtyInPackage>1</QtyInPackage>
      <ItemPrice>12.90</ItemPrice>
      <UnitOfMeasurePrice>10.75</UnitOfMeasurePrice>
      <AllowDiscount>1</AllowDiscount>
      <itemStatus>1</itemStatus>
      <LastUpdateDate />
      <LastUpdateTime />
    </Product>
    <Product>
      <PriceUpdateDate>2015/06/17 08:15</PriceUpdateDate>
      <ItemCode>7290106662964</ItemCode>
      <ItemType>1</ItemType>
      <ItemName>סוכריות נוסטלגיה גומי יין</ItemName>
      <ManufactureName>שטראוס גרופ בעמ</ManufactureName>
      <ManufactureCountry />
      <ManufactureItemDescription />
      <UnitQty>יח`</UnitQty>
      <Quantity>80</Quantity>
      <UnitMeasure>גרם</UnitMeasure>
      <BisWeighted>0</BisWeighted>
      <QtyInPackage>1</QtyInPackage>
      <ItemPrice>5.90</ItemPrice>
      <UnitOfMeasurePrice>7.38</UnitOfMeasurePrice>
      <AllowDiscount>0</AllowDiscount>
      <itemStatus>1</itemStatus>
      <LastUpdateDate />
      <LastUpdateTime />
    </Product>
    <Product>
      <PriceUpdateDate>2015/12/02 11:10</PriceUpdateDate>
      <ItemCode>7290106663503</ItemCode>
      <ItemType>1</ItemType>
      <ItemName>קונפיטורת תות לייט יד מרדכי (230 גרם)</ItemName>
      <ManufactureName>שטראוס גרופ בעמ</ManufactureName>
      <ManufactureCountry />
      <ManufactureItemDescription />
      <UnitQty>יח`</UnitQty>
      <Quantity>250</Quantity>
      <UnitMeasure>גרם</UnitMeasure>
      <BisWeighted>0</BisWeighted>
      <QtyInPackage>1</QtyInPackage>
      <ItemPrice>14.90</ItemPrice>
      <UnitOfMeasurePrice>5.96</UnitOfMeasurePrice>
      <AllowDiscount>1</AllowDiscount>
      <itemStatus>1</itemStatus>
      <LastUpdateDate />
      <LastUpdateTime />
    </Product>
    <Product>
      <PriceUpdateDate>2016/04/06 08:37</PriceUpdateDate>
      <ItemCode>7290106663558</ItemCode>
      <ItemType>1</ItemType>
      <ItemName>רוטב טריאקי יד מרדכי (320 גר` )</ItemName>
      <ManufactureName>שטראוס גרופ בעמ</ManufactureName>
      <ManufactureCountry />
      <ManufactureItemDescription />
      <UnitQty>יח`</UnitQty>
      <Quantity>320</Quantity>
      <UnitMeasure>גרם</UnitMeasure>
      <BisWeighted>0</BisWeighted>
      <QtyInPackage>1</QtyInPackage>
      <ItemPrice>14.90</ItemPrice>
      <UnitOfMeasurePrice>4.66</UnitOfMeasurePrice>
      <AllowDiscount>0</AllowDiscount>
      <itemStatus>1</itemStatus>
      <LastUpdateDate />
      <LastUpdateTime />
    </Product>
    <Product>
      <PriceUpdateDate>2015/05/01 08:17</PriceUpdateDate>
      <ItemCode>7290106663565</ItemCode>
      <ItemType>1</ItemType>
      <ItemName>חלבית 300 גר-חלבי  בדצ</ItemName>
      <ManufactureName>שטראוס גרופ בעמ</ManufactureName>
      <ManufactureCountry />
      <ManufactureItemDescription />
      <UnitQty>יח`</UnitQty>
      <Quantity>300</Quantity>
      <UnitMeasure>גרם</UnitMeasure>
      <BisWeighted>0</BisWeighted>
      <QtyInPackage>1</QtyInPackage>
      <ItemPrice>16.90</ItemPrice>
      <UnitOfMeasurePrice>5.63</UnitOfMeasurePrice>
      <AllowDiscount>0</AllowDiscount>
      <itemStatus>1</itemStatus>
      <LastUpdateDate />
      <LastUpdateTime />
    </Product>
    <Product>
      <PriceUpdateDate>2015/12/24 10:05</PriceUpdateDate>
      <ItemCode>7290106664067</ItemCode>
      <ItemType>1</ItemType>
      <ItemName>לאבנה שמן זית וזעתר %10שומן</ItemName>
      <ManufactureName>שטראוס גרופ בעמ/מצונן</ManufactureName>
      <ManufactureCountry />
      <ManufactureItemDescription />
      <UnitQty>יח`</UnitQty>
      <Quantity>400</Quantity>
      <UnitMeasure>גרם</UnitMeasure>
      <BisWeighted>0</BisWeighted>
      <QtyInPackage>1</QtyInPackage>
      <ItemPrice>13.90</ItemPrice>
      <UnitOfMeasurePrice>3.48</UnitOfMeasurePrice>
      <AllowDiscount>0</AllowDiscount>
      <itemStatus>1</itemStatus>
      <LastUpdateDate />
      <LastUpdateTime />
    </Product>
    <Product>
      <PriceUpdateDate>2015/11/23 09:07</PriceUpdateDate>
      <ItemCode>7290106664555</ItemCode>
      <ItemType>1</ItemType>
      <ItemName>רוטב שמנת עם עגבניות 9% יטבתה (250 מל)</ItemName>
      <ManufactureName>שטראוס גרופ בעמ/מצונן</ManufactureName>
      <ManufactureCountry />
      <ManufactureItemDescription />
      <UnitQty>יח`</UnitQty>
      <Quantity>250</Quantity>
      <UnitMeasure>מ"ל</UnitMeasure>
      <BisWeighted>0</BisWeighted>
      <QtyInPackage>1</QtyInPackage>
      <ItemPrice>9.90</ItemPrice>
      <UnitOfMeasurePrice>3.96</UnitOfMeasurePrice>
      <AllowDiscount>0</AllowDiscount>
      <itemStatus>1</itemStatus>
      <LastUpdateDate />
      <LastUpdateTime />
    </Product>
    <Product>
      <PriceUpdateDate>2015/05/01 08:19</PriceUpdateDate>
      <ItemCode>7290106664562</ItemCode>
      <ItemType>1</ItemType>
      <ItemName>רוטב שמנת עם פטריות 9% יטבתה (250 מל)</ItemName>
      <ManufactureName>שטראוס גרופ בעמ/מצונן</ManufactureName>
      <ManufactureCountry />
      <ManufactureItemDescription />
      <UnitQty>יח`</UnitQty>
      <Quantity>250</Quantity>
      <UnitMeasure>מ"ל</UnitMeasure>
      <BisWeighted>0</BisWeighted>
      <QtyInPackage>1</QtyInPackage>
      <ItemPrice>9.90</ItemPrice>
      <UnitOfMeasurePrice>3.96</UnitOfMeasurePrice>
      <AllowDiscount>0</AllowDiscount>
      <itemStatus>1</itemStatus>
      <LastUpdateDate />
      <LastUpdateTime />
    </Product>
    <Product>
      <PriceUpdateDate>2015/12/01 09:24</PriceUpdateDate>
      <ItemCode>7290106665491</ItemCode>
      <ItemType>1</ItemType>
      <ItemName>פסק זמן  קלאסיק- כשלפ</ItemName>
      <ManufactureName>שטראוס גרופ בעמ</ManufactureName>
      <ManufactureCountry />
      <ManufactureItemDescription />
      <UnitQty>יח`</UnitQty>
      <Quantity>43</Quantity>
      <UnitMeasure>גרם</UnitMeasure>
      <BisWeighted>0</BisWeighted>
      <QtyInPackage>1</QtyInPackage>
      <ItemPrice>4.90</ItemPrice>
      <UnitOfMeasurePrice>11.40</UnitOfMeasurePrice>
      <AllowDiscount>0</AllowDiscount>
      <itemStatus>1</itemStatus>
      <LastUpdateDate />
      <LastUpdateTime />
    </Product>
    <Product>
      <PriceUpdateDate>2016/06/08 10:56</PriceUpdateDate>
      <ItemCode>7290106667266</ItemCode>
      <ItemType>1</ItemType>
      <ItemName>חטיף תירס חמוץ חריף דוריטוס (185 גרם)</ItemName>
      <ManufactureName>שטראוס פריטו ליי בעמ</ManufactureName>
      <ManufactureCountry />
      <ManufactureItemDescription />
      <UnitQty>יח`</UnitQty>
      <Quantity>185</Quantity>
      <UnitMeasure>גרם</UnitMeasure>
      <BisWeighted>0</BisWeighted>
      <QtyInPackage>1</QtyInPackage>
      <ItemPrice>7.50</ItemPrice>
      <UnitOfMeasurePrice>4.05</UnitOfMeasurePrice>
      <AllowDiscount>0</AllowDiscount>
      <itemStatus>1</itemStatus>
      <LastUpdateDate />
      <LastUpdateTime />
    </Product>
    <Product>
      <PriceUpdateDate>2017/05/17 08:01</PriceUpdateDate>
      <ItemCode>7290106668577</ItemCode>
      <ItemType>1</ItemType>
      <ItemName>יד מרדכי מיץ לימון 250 מל</ItemName>
      <ManufactureName>שטראוס גרופ בעמ</ManufactureName>
      <ManufactureCountry />
      <ManufactureItemDescription />
      <UnitQty>יח`</UnitQty>
      <Quantity>250</Quantity>
      <UnitMeasure>מ"ל</UnitMeasure>
      <BisWeighted>0</BisWeighted>
      <QtyInPackage>1</QtyInPackage>
      <ItemPrice>8.90</ItemPrice>
      <UnitOfMeasurePrice>3.56</UnitOfMeasurePrice>
      <AllowDiscount>1</AllowDiscount>
      <itemStatus>1</itemStatus>
      <LastUpdateDate />
      <LastUpdateTime />
    </Product>
    <Product>
      <PriceUpdateDate>2016/04/20 10:52</PriceUpdateDate>
      <ItemCode>7290106668713</ItemCode>
      <ItemType>1</ItemType>
      <ItemName>יוגורט 3% פירות יער דנונה (150 גרם)</ItemName>
      <ManufactureName>שטראוס גרופ בעמ/מצונן</ManufactureName>
      <ManufactureCountry />
      <ManufactureItemDescription />
      <UnitQty>יח`</UnitQty>
      <Quantity>150</Quantity>
      <UnitMeasure>גרם</UnitMeasure>
      <BisWeighted>0</BisWeighted>
      <QtyInPackage>1</QtyInPackage>
      <ItemPrice>3.70</ItemPrice>
      <UnitOfMeasurePrice>2.47</UnitOfMeasurePrice>
      <AllowDiscount>1</AllowDiscount>
      <itemStatus>1</itemStatus>
      <LastUpdateDate />
      <LastUpdateTime />
    </Product>
    <Product>
      <PriceUpdateDate>2017/06/05 09:55</PriceUpdateDate>
      <ItemCode>7290106720626</ItemCode>
      <ItemType>1</ItemType>
      <ItemName>חטיף תירס בטעם גבינה צ`יטוס (80 גרם)</ItemName>
      <ManufactureName>שטראוס פריטו ליי בעמ</ManufactureName>
      <ManufactureCountry />
      <ManufactureItemDescription />
      <UnitQty>יח`</UnitQty>
      <Quantity>80</Quantity>
      <UnitMeasure>גרם</UnitMeasure>
      <BisWeighted>0</BisWeighted>
      <QtyInPackage>1</QtyInPackage>
      <ItemPrice>4.50</ItemPrice>
      <UnitOfMeasurePrice>5.63</UnitOfMeasurePrice>
      <AllowDiscount>0</AllowDiscount>
      <itemStatus>1</itemStatus>
      <LastUpdateDate />
      <LastUpdateTime />
    </Product>
    <Product>
      <PriceUpdateDate>2015/06/17 08:15</PriceUpdateDate>
      <ItemCode>7290106721913</ItemCode>
      <ItemType>1</ItemType>
      <ItemName>מאסט ללא סוכר צנצנת</ItemName>
      <ManufactureName>שטראוס גרופ בעמ</ManufactureName>
      <ManufactureCountry />
      <ManufactureItemDescription />
      <UnitQty>יח`</UnitQty>
      <Quantity>66</Quantity>
      <UnitMeasure>גרם</UnitMeasure>
      <BisWeighted>0</BisWeighted>
      <QtyInPackage>1</QtyInPackage>
      <ItemPrice>9.90</ItemPrice>
      <UnitOfMeasurePrice>15</UnitOfMeasurePrice>
      <AllowDiscount>1</AllowDiscount>
      <itemStatus>1</itemStatus>
      <LastUpdateDate />
      <LastUpdateTime />
    </Product>
    <Product>
      <PriceUpdateDate>2015/05/01 08:17</PriceUpdateDate>
      <ItemCode>7290106724419</ItemCode>
      <ItemType>1</ItemType>
      <ItemName>חיוכים וניל 150 גר`</ItemName>
      <ManufactureName>שטראוס גרופ בעמ</ManufactureName>
      <ManufactureCountry />
      <ManufactureItemDescription />
      <UnitQty>יח`</UnitQty>
      <Quantity>150</Quantity>
      <UnitMeasure>גרם</UnitMeasure>
      <BisWeighted>0</BisWeighted>
      <QtyInPackage>1</QtyInPackage>
      <ItemPrice>4.90</ItemPrice>
      <UnitOfMeasurePrice>3.27</UnitOfMeasurePrice>
      <AllowDiscount>0</AllowDiscount>
      <itemStatus>1</itemStatus>
      <LastUpdateDate />
      <LastUpdateTime />
    </Product>
    <Product>
      <PriceUpdateDate>2015/08/03 08:10</PriceUpdateDate>
      <ItemCode>7290106725423</ItemCode>
      <ItemType>1</ItemType>
      <ItemName>רבע לשבע חלבה</ItemName>
      <ManufactureName>שטראוס גרופ בעמ</ManufactureName>
      <ManufactureCountry />
      <ManufactureItemDescription />
      <UnitQty>יח`</UnitQty>
      <Quantity>120</Quantity>
      <UnitMeasure>גרם</UnitMeasure>
      <BisWeighted>0</BisWeighted>
      <QtyInPackage>1</QtyInPackage>
      <ItemPrice>12.90</ItemPrice>
      <UnitOfMeasurePrice>10.75</UnitOfMeasurePrice>
      <AllowDiscount>1</AllowDiscount>
      <itemStatus>1</itemStatus>
      <LastUpdateDate />
      <LastUpdateTime />
    </Product>
    <Product>
      <PriceUpdateDate>2016/04/06 08:37</PriceUpdateDate>
      <ItemCode>7290106725522</ItemCode>
      <ItemType>1</ItemType>
      <ItemName>רוטב לעוף עם שזיפים (310 גר`) יד מרדכי</ItemName>
      <ManufactureName>שטראוס גרופ בעמ</ManufactureName>
      <ManufactureCountry />
      <ManufactureItemDescription />
      <UnitQty>יח`</UnitQty>
      <Quantity>310</Quantity>
      <UnitMeasure>גרם</UnitMeasure>
      <BisWeighted>0</BisWeighted>
      <QtyInPackage>1</QtyInPackage>
      <ItemPrice>14.90</ItemPrice>
      <UnitOfMeasurePrice>4.81</UnitOfMeasurePrice>
      <AllowDiscount>0</AllowDiscount>
      <itemStatus>1</itemStatus>
      <LastUpdateDate />
      <LastUpdateTime />
    </Product>
    <Product>
      <PriceUpdateDate>2017/08/11 15:37</PriceUpdateDate>
      <ItemCode>7290106725867</ItemCode>
      <ItemType>1</ItemType>
      <ItemName>סירופ מייפל טהור 189מל יד מורדכי</ItemName>
      <ManufactureName>שטראוס גרופ בעמ</ManufactureName>
      <ManufactureCountry />
      <ManufactureItemDescription />
      <UnitQty>יח`</UnitQty>
      <Quantity>189</Quantity>
      <UnitMeasure>מ"ל</UnitMeasure>
      <BisWeighted>0</BisWeighted>
      <QtyInPackage>1</QtyInPackage>
      <ItemPrice>29.90</ItemPrice>
      <UnitOfMeasurePrice>15.82</UnitOfMeasurePrice>
      <AllowDiscount>1</AllowDiscount>
      <itemStatus>1</itemStatus>
      <LastUpdateDate />
      <LastUpdateTime />
    </Product>
    <Product>
      <PriceUpdateDate>2015/10/26 08:28</PriceUpdateDate>
      <ItemCode>7290106725966</ItemCode>
      <ItemType>1</ItemType>
      <ItemName>מטבעות שוקולד חלבי מגדים 42גר`</ItemName>
      <ManufactureName>שטראוס גרופ בעמ</ManufactureName>
      <ManufactureCountry />
      <ManufactureItemDescription />
      <UnitQty>יח`</UnitQty>
      <Quantity>42</Quantity>
      <UnitMeasure>גרם</UnitMeasure>
      <BisWeighted>0</BisWeighted>
      <QtyInPackage>1</QtyInPackage>
      <ItemPrice>4.90</ItemPrice>
      <UnitOfMeasurePrice>11.67</UnitOfMeasurePrice>
      <AllowDiscount>0</AllowDiscount>
      <itemStatus>1</itemStatus>
      <LastUpdateDate />
      <LastUpdateTime />
    </Product>
    <Product>
      <PriceUpdateDate>2015/12/24 10:05</PriceUpdateDate>
      <ItemCode>7290106727045</ItemCode>
      <ItemType>1</ItemType>
      <ItemName>דנונה פרו אננס</ItemName>
      <ManufactureName>שטראוס גרופ בעמ/מצונן</ManufactureName>
      <ManufactureCountry />
      <ManufactureItemDescription />
      <UnitQty>יח`</UnitQty>
      <Quantity>150</Quantity>
      <UnitMeasure>גרם</UnitMeasure>
      <BisWeighted>0</BisWeighted>
      <QtyInPackage>1</QtyInPackage>
      <ItemPrice>4.60</ItemPrice>
      <UnitOfMeasurePrice>3.07</UnitOfMeasurePrice>
      <AllowDiscount>0</AllowDiscount>
      <itemStatus>1</itemStatus>
      <LastUpdateDate />
      <LastUpdateTime />
    </Product>
    <Product>
      <PriceUpdateDate>2016/09/27 08:14</PriceUpdateDate>
      <ItemCode>7290106727984</ItemCode>
      <ItemType>1</ItemType>
      <ItemName>כיף כף פצפצים עלית (135 גרם)</ItemName>
      <ManufactureName>שטראוס גרופ בעמ</ManufactureName>
      <ManufactureCountry />
      <ManufactureItemDescription />
      <UnitQty>יח`</UnitQty>
      <Quantity>135</Quantity>
      <UnitMeasure>גרם</UnitMeasure>
      <BisWeighted>0</BisWeighted>
      <QtyInPackage>1</QtyInPackage>
      <ItemPrice>9.90</ItemPrice>
      <UnitOfMeasurePrice>7.33</UnitOfMeasurePrice>
      <AllowDiscount>0</AllowDiscount>
      <itemStatus>1</itemStatus>
      <LastUpdateDate />
      <LastUpdateTime />
    </Product>
    <Product>
      <PriceUpdateDate>2015/12/31 09:23</PriceUpdateDate>
      <ItemCode>7290106728127</ItemCode>
      <ItemType>1</ItemType>
      <ItemName>חלב טבעי 3.6% יטבתה (1 ליטר)</ItemName>
      <ManufactureName>שטראוס גרופ בעמ/מצונן</ManufactureName>
      <ManufactureCountry />
      <ManufactureItemDescription />
      <UnitQty>יח`</UnitQty>
      <Quantity>1000</Quantity>
      <UnitMeasure>מ"ל</UnitMeasure>
      <BisWeighted>0</BisWeighted>
      <QtyInPackage>1</QtyInPackage>
      <ItemPrice>7.50</ItemPrice>
      <UnitOfMeasurePrice>0.75</UnitOfMeasurePrice>
      <AllowDiscount>0</AllowDiscount>
      <itemStatus>1</itemStatus>
      <LastUpdateDate />
      <LastUpdateTime />
    </Product>
    <Product>
      <PriceUpdateDate>2016/12/07 08:54</PriceUpdateDate>
      <ItemCode>7290106729162</ItemCode>
      <ItemType>1</ItemType>
      <ItemName>רבע לשבע אלפחורס 120 גר</ItemName>
      <ManufactureName>שטראוס גרופ בעמ</ManufactureName>
      <ManufactureCountry />
      <ManufactureItemDescription />
      <UnitQty>יח`</UnitQty>
      <Quantity>120</Quantity>
      <UnitMeasure>גרם</UnitMeasure>
      <BisWeighted>0</BisWeighted>
      <QtyInPackage>1</QtyInPackage>
      <ItemPrice>12.90</ItemPrice>
      <UnitOfMeasurePrice>10.75</UnitOfMeasurePrice>
      <AllowDiscount>1</AllowDiscount>
      <itemStatus>1</itemStatus>
      <LastUpdateDate />
      <LastUpdateTime />
    </Product>
    <Product>
      <PriceUpdateDate>2017/07/10 07:34</PriceUpdateDate>
      <ItemCode>7290106729421</ItemCode>
      <ItemType>1</ItemType>
      <ItemName>עוגת בראוניז טורטית 380 גר` עלית</ItemName>
      <ManufactureName>שטראוס גרופ בעמ</ManufactureName>
      <ManufactureCountry />
      <ManufactureItemDescription />
      <UnitQty>יח`</UnitQty>
      <Quantity>380</Quantity>
      <UnitMeasure>גרם</UnitMeasure>
      <BisWeighted>0</BisWeighted>
      <QtyInPackage>1</QtyInPackage>
      <ItemPrice>16.90</ItemPrice>
      <UnitOfMeasurePrice>4.45</UnitOfMeasurePrice>
      <AllowDiscount>0</AllowDiscount>
      <itemStatus>1</itemStatus>
      <LastUpdateDate />
      <LastUpdateTime />
    </Product>
    <Product>
      <PriceUpdateDate>2016/04/20 10:52</PriceUpdateDate>
      <ItemCode>7290106729650</ItemCode>
      <ItemType>1</ItemType>
      <ItemName>יוגורט תות 3% דנונה (150x8 גרם)</ItemName>
      <ManufactureName>שטראוס גרופ בעמ/מצונן</ManufactureName>
      <ManufactureCountry />
      <ManufactureItemDescription />
      <UnitQty>יח`</UnitQty>
      <Quantity>1200</Quantity>
      <UnitMeasure>גרם</UnitMeasure>
      <BisWeighted>0</BisWeighted>
      <QtyInPackage>1</QtyInPackage>
      <ItemPrice>24.90</ItemPrice>
      <UnitOfMeasurePrice>2.08</UnitOfMeasurePrice>
      <AllowDiscount>0</AllowDiscount>
      <itemStatus>1</itemStatus>
      <LastUpdateDate />
      <LastUpdateTime />
    </Product>
    <Product>
      <PriceUpdateDate>2015/03/05 10:02</PriceUpdateDate>
      <ItemCode>7290107280013</ItemCode>
      <ItemType>1</ItemType>
      <ItemName>מגבוני בד לחים ליטופים (72x5)</ItemName>
      <ManufactureName>החברה הדרומית לשיווק בעמ</ManufactureName>
      <ManufactureCountry />
      <ManufactureItemDescription />
      <UnitQty>יח`</UnitQty>
      <Quantity>1</Quantity>
      <UnitMeasure />
      <BisWeighted>0</BisWeighted>
      <QtyInPackage>1</QtyInPackage>
      <ItemPrice>21.90</ItemPrice>
      <UnitOfMeasurePrice>21.90</UnitOfMeasurePrice>
      <AllowDiscount>0</AllowDiscount>
      <itemStatus>1</itemStatus>
      <LastUpdateDate />
      <LastUpdateTime />
    </Product>
    <Product>
      <PriceUpdateDate>2015/04/30 13:17</PriceUpdateDate>
      <ItemCode>7290107280020</ItemCode>
      <ItemType>1</ItemType>
      <ItemName>מטליות לחות לניקוי כללי סושי סנו (50x3)</ItemName>
      <ManufactureName>החברה הדרומית לשיווק בעמ</ManufactureName>
      <ManufactureCountry />
      <ManufactureItemDescription />
      <UnitQty>יח`</UnitQty>
      <Quantity>1</Quantity>
      <UnitMeasure />
      <BisWeighted>0</BisWeighted>
      <QtyInPackage>1</QtyInPackage>
      <ItemPrice>20</ItemPrice>
      <UnitOfMeasurePrice>20</UnitOfMeasurePrice>
      <AllowDiscount>0</AllowDiscount>
      <itemStatus>1</itemStatus>
      <LastUpdateDate />
      <LastUpdateTime />
    </Product>
    <Product>
      <PriceUpdateDate>2015/05/28 12:42</PriceUpdateDate>
      <ItemCode>7290107280037</ItemCode>
      <ItemType>1</ItemType>
      <ItemName>מטליות לחות לניקוי כללי סושי סנו (50)</ItemName>
      <ManufactureName>החברה הדרומית לשיווק בעמ</ManufactureName>
      <ManufactureCountry />
      <ManufactureItemDescription />
      <UnitQty>יח`</UnitQty>
      <Quantity>1</Quantity>
      <UnitMeasure />
      <BisWeighted>0</BisWeighted>
      <QtyInPackage>1</QtyInPackage>
      <ItemPrice>14</ItemPrice>
      <UnitOfMeasurePrice>14</UnitOfMeasurePrice>
      <AllowDiscount>1</AllowDiscount>
      <itemStatus>1</itemStatus>
      <LastUpdateDate />
      <LastUpdateTime />
    </Product>
    <Product>
      <PriceUpdateDate>2015/02/18 08:19</PriceUpdateDate>
      <ItemCode>7290107280129</ItemCode>
      <ItemType>1</ItemType>
      <ItemName>שקיות אשפה חזקות 90x78 סנו סושי (20)</ItemName>
      <ManufactureName>החברה הדרומית לשיווק בעמ</ManufactureName>
      <ManufactureCountry />
      <ManufactureItemDescription />
      <UnitQty>יח`</UnitQty>
      <Quantity>1</Quantity>
      <UnitMeasure />
      <BisWeighted>0</BisWeighted>
      <QtyInPackage>1</QtyInPackage>
      <ItemPrice>24.90</ItemPrice>
      <UnitOfMeasurePrice>24.90</UnitOfMeasurePrice>
      <AllowDiscount>0</AllowDiscount>
      <itemStatus>1</itemStatus>
      <LastUpdateDate />
      <LastUpdateTime />
    </Product>
    <Product>
      <PriceUpdateDate>2015/04/30 13:17</PriceUpdateDate>
      <ItemCode>7290107280167</ItemCode>
      <ItemType>1</ItemType>
      <ItemName>תחליב רחצה פרח וניל קרמה (750 מל)</ItemName>
      <ManufactureName>החברה הדרומית לשיווק בעמ</ManufactureName>
      <ManufactureCountry />
      <ManufactureItemDescription />
      <UnitQty>יח`</UnitQty>
      <Quantity>750</Quantity>
      <UnitMeasure>מ"ל</UnitMeasure>
      <BisWeighted>0</BisWeighted>
      <QtyInPackage>1</QtyInPackage>
      <ItemPrice>19.90</ItemPrice>
      <UnitOfMeasurePrice>2.65</UnitOfMeasurePrice>
      <AllowDiscount>0</AllowDiscount>
      <itemStatus>1</itemStatus>
      <LastUpdateDate />
      <LastUpdateTime />
    </Product>
    <Product>
      <PriceUpdateDate>2015/06/17 08:15</PriceUpdateDate>
      <ItemCode>7290107280198</ItemCode>
      <ItemType>1</ItemType>
      <ItemName>תחליב רחצה בניחוח פרח מים קרמה (750 מל)</ItemName>
      <ManufactureName>החברה הדרומית לשיווק בעמ</ManufactureName>
      <ManufactureCountry />
      <ManufactureItemDescription />
      <UnitQty>יח`</UnitQty>
      <Quantity>750</Quantity>
      <UnitMeasure>מ"ל</UnitMeasure>
      <BisWeighted>0</BisWeighted>
      <QtyInPackage>1</QtyInPackage>
      <ItemPrice>19.90</ItemPrice>
      <UnitOfMeasurePrice>2.65</UnitOfMeasurePrice>
      <AllowDiscount>0</AllowDiscount>
      <itemStatus>1</itemStatus>
      <LastUpdateDate />
      <LastUpdateTime />
    </Product>
    <Product>
      <PriceUpdateDate>2020/01/14 17:52</PriceUpdateDate>
      <ItemCode>7290107280341</ItemCode>
      <ItemType>1</ItemType>
      <ItemName>ריצפז פרש מטליות חד פעמיות ניחוח מלון מפ</ItemName>
      <ManufactureName>החברה הדרומית לשיווק בעמ</ManufactureName>
      <ManufactureCountry />
      <ManufactureItemDescription />
      <UnitQty>יח`</UnitQty>
      <Quantity>1</Quantity>
      <UnitMeasure />
      <BisWeighted>0</BisWeighted>
      <QtyInPackage>1</QtyInPackage>
      <ItemPrice>12.90</ItemPrice>
      <UnitOfMeasurePrice>12.90</UnitOfMeasurePrice>
      <AllowDiscount>0</AllowDiscount>
      <itemStatus>1</itemStatus>
      <LastUpdateDate />
      <LastUpdateTime />
    </Product>
    <Product>
      <PriceUpdateDate>2018/01/10 11:24</PriceUpdateDate>
      <ItemCode>7290107280563</ItemCode>
      <ItemType>1</ItemType>
      <ItemName>ג`ל בייבי סנו אוקסיג`ן (3 ליטר)</ItemName>
      <ManufactureName>החברה הדרומית לשיווק בעמ</ManufactureName>
      <ManufactureCountry />
      <ManufactureItemDescription />
      <UnitQty>יח`</UnitQty>
      <Quantity>3</Quantity>
      <UnitMeasure>1 ליטר</UnitMeasure>
      <BisWeighted>0</BisWeighted>
      <QtyInPackage>1</QtyInPackage>
      <ItemPrice>29.90</ItemPrice>
      <UnitOfMeasurePrice>9.97</UnitOfMeasurePrice>
      <AllowDiscount>1</AllowDiscount>
      <itemStatus>1</itemStatus>
      <LastUpdateDate />
      <LastUpdateTime />
    </Product>
    <Product>
      <PriceUpdateDate>2019/02/03 12:17</PriceUpdateDate>
      <ItemCode>7290107280570</ItemCode>
      <ItemType>1</ItemType>
      <ItemName>מקסימה ג`ל כביסה בלי להפריד</ItemName>
      <ManufactureName>החברה הדרומית לשיווק בעמ</ManufactureName>
      <ManufactureCountry />
      <ManufactureItemDescription />
      <UnitQty>יח`</UnitQty>
      <Quantity>3</Quantity>
      <UnitMeasure>1 ליטר</UnitMeasure>
      <BisWeighted>0</BisWeighted>
      <QtyInPackage>1</QtyInPackage>
      <ItemPrice>29.60</ItemPrice>
      <UnitOfMeasurePrice>9.87</UnitOfMeasurePrice>
      <AllowDiscount>1</AllowDiscount>
      <itemStatus>1</itemStatus>
      <LastUpdateDate />
      <LastUpdateTime />
    </Product>
    <Product>
      <PriceUpdateDate>2017/05/03 14:46</PriceUpdateDate>
      <ItemCode>7290107280587</ItemCode>
      <ItemType>1</ItemType>
      <ItemName>סנובון מוצק דאבל אקשן בניחוח פרחים ורודי</ItemName>
      <ManufactureName>החברה הדרומית לשיווק בעמ</ManufactureName>
      <ManufactureCountry />
      <ManufactureItemDescription />
      <UnitQty>יח`</UnitQty>
      <Quantity>1</Quantity>
      <UnitMeasure />
      <BisWeighted>0</BisWeighted>
      <QtyInPackage>1</QtyInPackage>
      <ItemPrice>19.90</ItemPrice>
      <UnitOfMeasurePrice>19.90</UnitOfMeasurePrice>
      <AllowDiscount>1</AllowDiscount>
      <itemStatus>1</itemStatus>
      <LastUpdateDate />
      <LastUpdateTime />
    </Product>
    <Product>
      <PriceUpdateDate>2017/05/03 14:46</PriceUpdateDate>
      <ItemCode>7290107280594</ItemCode>
      <ItemType>1</ItemType>
      <ItemName>סנובון מוצק דאבל אקשן בניחוח לבנדר</ItemName>
      <ManufactureName>החברה הדרומית לשיווק בעמ</ManufactureName>
      <ManufactureCountry />
      <ManufactureItemDescription />
      <UnitQty>יח`</UnitQty>
      <Quantity>1</Quantity>
      <UnitMeasure />
      <BisWeighted>0</BisWeighted>
      <QtyInPackage>1</QtyInPackage>
      <ItemPrice>19.90</ItemPrice>
      <UnitOfMeasurePrice>19.90</UnitOfMeasurePrice>
      <AllowDiscount>1</AllowDiscount>
      <itemStatus>1</itemStatus>
      <LastUpdateDate />
      <LastUpdateTime />
    </Product>
    <Product>
      <PriceUpdateDate>2015/01/25 08:20</PriceUpdateDate>
      <ItemCode>7290107280655</ItemCode>
      <ItemType>1</ItemType>
      <ItemName>סנו מקסימה א. כביסה בייבי 3.25 קג</ItemName>
      <ManufactureName>החברה הדרומית לשיווק בעמ</ManufactureName>
      <ManufactureCountry />
      <ManufactureItemDescription />
      <UnitQty>יח`</UnitQty>
      <Quantity>3.25</Quantity>
      <UnitMeasure>ק"ג</UnitMeasure>
      <BisWeighted>0</BisWeighted>
      <QtyInPackage>1</QtyInPackage>
      <ItemPrice>31.90</ItemPrice>
      <UnitOfMeasurePrice>9.82</UnitOfMeasurePrice>
      <AllowDiscount>0</AllowDiscount>
      <itemStatus>1</itemStatus>
      <LastUpdateDate />
      <LastUpdateTime />
    </Product>
    <Product>
      <PriceUpdateDate>2018/01/10 11:24</PriceUpdateDate>
      <ItemCode>7290107280716</ItemCode>
      <ItemType>1</ItemType>
      <ItemName>ספארק מלח למדיח סנו (2 קג)</ItemName>
      <ManufactureName>החברה הדרומית לשיווק בעמ</ManufactureName>
      <ManufactureCountry />
      <ManufactureItemDescription />
      <UnitQty>יח`</UnitQty>
      <Quantity>2</Quantity>
      <UnitMeasure>ק"ג</UnitMeasure>
      <BisWeighted>0</BisWeighted>
      <QtyInPackage>1</QtyInPackage>
      <ItemPrice>10.90</ItemPrice>
      <UnitOfMeasurePrice>5.45</UnitOfMeasurePrice>
      <AllowDiscount>0</AllowDiscount>
      <itemStatus>1</itemStatus>
      <LastUpdateDate />
      <LastUpdateTime />
    </Product>
    <Product>
      <PriceUpdateDate>2018/01/10 11:24</PriceUpdateDate>
      <ItemCode>7290107280723</ItemCode>
      <ItemType>1</ItemType>
      <ItemName>נוזל לניקוי כלים לימון 700 מל</ItemName>
      <ManufactureName>החברה הדרומית לשיווק בעמ</ManufactureName>
      <ManufactureCountry />
      <ManufactureItemDescription />
      <UnitQty>יח`</UnitQty>
      <Quantity>700</Quantity>
      <UnitMeasure>מ"ל</UnitMeasure>
      <BisWeighted>0</BisWeighted>
      <QtyInPackage>1</QtyInPackage>
      <ItemPrice>7.90</ItemPrice>
      <UnitOfMeasurePrice>1.13</UnitOfMeasurePrice>
      <AllowDiscount>1</AllowDiscount>
      <itemStatus>1</itemStatus>
      <LastUpdateDate />
      <LastUpdateTime />
    </Product>
    <Product>
      <PriceUpdateDate>2018/01/10 11:24</PriceUpdateDate>
      <ItemCode>7290107280730</ItemCode>
      <ItemType>1</ItemType>
      <ItemName>נוזל לניקוי כלים 700מל בניחוח לבנדר</ItemName>
      <ManufactureName>החברה הדרומית לשיווק בעמ</ManufactureName>
      <ManufactureCountry />
      <ManufactureItemDescription />
      <UnitQty>יח`</UnitQty>
      <Quantity>700</Quantity>
      <UnitMeasure>מ"ל</UnitMeasure>
      <BisWeighted>0</BisWeighted>
      <QtyInPackage>1</QtyInPackage>
      <ItemPrice>7.90</ItemPrice>
      <UnitOfMeasurePrice>1.13</UnitOfMeasurePrice>
      <AllowDiscount>1</AllowDiscount>
      <itemStatus>1</itemStatus>
      <LastUpdateDate />
      <LastUpdateTime />
    </Product>
    <Product>
      <PriceUpdateDate>2018/01/10 11:24</PriceUpdateDate>
      <ItemCode>7290107280747</ItemCode>
      <ItemType>1</ItemType>
      <ItemName>נוזל לניקוי כלים קלאסי 700 מל</ItemName>
      <ManufactureName>החברה הדרומית לשיווק בעמ</ManufactureName>
      <ManufactureCountry />
      <ManufactureItemDescription />
      <UnitQty>יח`</UnitQty>
      <Quantity>700</Quantity>
      <UnitMeasure>מ"ל</UnitMeasure>
      <BisWeighted>0</BisWeighted>
      <QtyInPackage>1</QtyInPackage>
      <ItemPrice>7.90</ItemPrice>
      <UnitOfMeasurePrice>1.13</UnitOfMeasurePrice>
      <AllowDiscount>1</AllowDiscount>
      <itemStatus>1</itemStatus>
      <LastUpdateDate />
      <LastUpdateTime />
    </Product>
    <Product>
      <PriceUpdateDate>2018/01/10 11:24</PriceUpdateDate>
      <ItemCode>7290107280754</ItemCode>
      <ItemType>1</ItemType>
      <ItemName>נוזל לניקוי כלים היפואלרגני</ItemName>
      <ManufactureName>החברה הדרומית לשיווק בעמ</ManufactureName>
      <ManufactureCountry />
      <ManufactureItemDescription />
      <UnitQty>יח`</UnitQty>
      <Quantity>750</Quantity>
      <UnitMeasure>מ"ל</UnitMeasure>
      <BisWeighted>0</BisWeighted>
      <QtyInPackage>1</QtyInPackage>
      <ItemPrice>7.90</ItemPrice>
      <UnitOfMeasurePrice>1.05</UnitOfMeasurePrice>
      <AllowDiscount>1</AllowDiscount>
      <itemStatus>1</itemStatus>
      <LastUpdateDate />
      <LastUpdateTime />
    </Product>
    <Product>
      <PriceUpdateDate>2018/01/10 11:24</PriceUpdateDate>
      <ItemCode>7290107280761</ItemCode>
      <ItemType>1</ItemType>
      <ItemName>נוזל לניקוי כלים בניחוח לימון 1ליטר</ItemName>
      <ManufactureName>החברה הדרומית לשיווק בעמ</ManufactureName>
      <ManufactureCountry />
      <ManufactureItemDescription />
      <UnitQty>יח`</UnitQty>
      <Quantity>1</Quantity>
      <UnitMeasure>1 ליטר</UnitMeasure>
      <BisWeighted>0</BisWeighted>
      <QtyInPackage>1</QtyInPackage>
      <ItemPrice>10.90</ItemPrice>
      <UnitOfMeasurePrice>10.90</UnitOfMeasurePrice>
      <AllowDiscount>0</AllowDiscount>
      <itemStatus>1</itemStatus>
      <LastUpdateDate />
      <LastUpdateTime />
    </Product>
    <Product>
      <PriceUpdateDate>2015/11/12 07:23</PriceUpdateDate>
      <ItemCode>7290107280815</ItemCode>
      <ItemType>1</ItemType>
      <ItemName>קוטל חרקים K301 סנו (300 מל)</ItemName>
      <ManufactureName>החברה הדרומית לשיווק בעמ</ManufactureName>
      <ManufactureCountry />
      <ManufactureItemDescription />
      <UnitQty>יח`</UnitQty>
      <Quantity>300</Quantity>
      <UnitMeasure>מ"ל</UnitMeasure>
      <BisWeighted>0</BisWeighted>
      <QtyInPackage>1</QtyInPackage>
      <ItemPrice>14.90</ItemPrice>
      <UnitOfMeasurePrice>4.97</UnitOfMeasurePrice>
      <AllowDiscount>0</AllowDiscount>
      <itemStatus>1</itemStatus>
      <LastUpdateDate />
      <LastUpdateTime />
    </Product>
    <Product>
      <PriceUpdateDate>2018/08/08 15:38</PriceUpdateDate>
      <ItemCode>7290107280822</ItemCode>
      <ItemType>1</ItemType>
      <ItemName>ריצפז פרש הום בניחוח ספא מרגיע</ItemName>
      <ManufactureName>החברה הדרומית לשיווק בעמ</ManufactureName>
      <ManufactureCountry />
      <ManufactureItemDescription />
      <UnitQty>יח`</UnitQty>
      <Quantity>2</Quantity>
      <UnitMeasure>1 ליטר</UnitMeasure>
      <BisWeighted>0</BisWeighted>
      <QtyInPackage>1</QtyInPackage>
      <ItemPrice>19.90</ItemPrice>
      <UnitOfMeasurePrice>9.95</UnitOfMeasurePrice>
      <AllowDiscount>0</AllowDiscount>
      <itemStatus>1</itemStatus>
      <LastUpdateDate />
      <LastUpdateTime />
    </Product>
    <Product>
      <PriceUpdateDate>2019/06/27 08:34</PriceUpdateDate>
      <ItemCode>7290107463126</ItemCode>
      <ItemType>1</ItemType>
      <ItemName>קטלן יתושים עגול</ItemName>
      <ManufactureName>אוהב ציון בעמ (מבצעים)</ManufactureName>
      <ManufactureCountry />
      <ManufactureItemDescription />
      <UnitQty>יח`</UnitQty>
      <Quantity>1</Quantity>
      <UnitMeasure />
      <BisWeighted>0</BisWeighted>
      <QtyInPackage>1</QtyInPackage>
      <ItemPrice>49.90</ItemPrice>
      <UnitOfMeasurePrice>49.90</UnitOfMeasurePrice>
      <AllowDiscount>0</AllowDiscount>
      <itemStatus>1</itemStatus>
      <LastUpdateDate />
      <LastUpdateTime />
    </Product>
    <Product>
      <PriceUpdateDate>2019/05/02 16:30</PriceUpdateDate>
      <ItemCode>7290107464031</ItemCode>
      <ItemType>1</ItemType>
      <ItemName>קטלן יתושים FIX</ItemName>
      <ManufactureName>אוהב ציון בעמ (מבצעים)</ManufactureName>
      <ManufactureCountry />
      <ManufactureItemDescription />
      <UnitQty>יח`</UnitQty>
      <Quantity>1</Quantity>
      <UnitMeasure />
      <BisWeighted>0</BisWeighted>
      <QtyInPackage>1</QtyInPackage>
      <ItemPrice>129.90</ItemPrice>
      <UnitOfMeasurePrice>129.90</UnitOfMeasurePrice>
      <AllowDiscount>0</AllowDiscount>
      <itemStatus>1</itemStatus>
      <LastUpdateDate />
      <LastUpdateTime />
    </Product>
    <Product>
      <PriceUpdateDate>2019/03/24 12:39</PriceUpdateDate>
      <ItemCode>7290107640145</ItemCode>
      <ItemType>1</ItemType>
      <ItemName>דאודורנט ספריי בניחוח טלק דאב (150 מל)</ItemName>
      <ManufactureName>יוניליוור ישראל שיווק בעמ</ManufactureName>
      <ManufactureCountry />
      <ManufactureItemDescription />
      <UnitQty>יח`</UnitQty>
      <Quantity>150</Quantity>
      <UnitMeasure>מ"ל</UnitMeasure>
      <BisWeighted>0</BisWeighted>
      <QtyInPackage>1</QtyInPackage>
      <ItemPrice>14.90</ItemPrice>
      <UnitOfMeasurePrice>9.93</UnitOfMeasurePrice>
      <AllowDiscount>0</AllowDiscount>
      <itemStatus>1</itemStatus>
      <LastUpdateDate />
      <LastUpdateTime />
    </Product>
    <Product>
      <PriceUpdateDate>2017/05/04 07:47</PriceUpdateDate>
      <ItemCode>7290107644716</ItemCode>
      <ItemType>1</ItemType>
      <ItemName>שמפו בתוספת שמן קוקוס פינוק (700 מל)</ItemName>
      <ManufactureName>יוניליוור ישראל שיווק בעמ</ManufactureName>
      <ManufactureCountry />
      <ManufactureItemDescription />
      <UnitQty>יח`</UnitQty>
      <Quantity>700</Quantity>
      <UnitMeasure>מ"ל</UnitMeasure>
      <BisWeighted>0</BisWeighted>
      <QtyInPackage>1</QtyInPackage>
      <ItemPrice>12.90</ItemPrice>
      <UnitOfMeasurePrice>1.84</UnitOfMeasurePrice>
      <AllowDiscount>1</AllowDiscount>
      <itemStatus>1</itemStatus>
      <LastUpdateDate />
      <LastUpdateTime />
    </Product>
    <Product>
      <PriceUpdateDate>2018/04/10 13:56</PriceUpdateDate>
      <ItemCode>7290107645584</ItemCode>
      <ItemType>1</ItemType>
      <ItemName>מרק עוף רכיבים טבעיים 400 גר` קנור</ItemName>
      <ManufactureName>יוניליוור ישראל שיווק בעמ</ManufactureName>
      <ManufactureCountry />
      <ManufactureItemDescription />
      <UnitQty>יח`</UnitQty>
      <Quantity>400</Quantity>
      <UnitMeasure>גרם</UnitMeasure>
      <BisWeighted>0</BisWeighted>
      <QtyInPackage>1</QtyInPackage>
      <ItemPrice>27.90</ItemPrice>
      <UnitOfMeasurePrice>6.98</UnitOfMeasurePrice>
      <AllowDiscount>1</AllowDiscount>
      <itemStatus>1</itemStatus>
      <LastUpdateDate />
      <LastUpdateTime />
    </Product>
    <Product>
      <PriceUpdateDate>2018/04/10 13:56</PriceUpdateDate>
      <ItemCode>7290107645591</ItemCode>
      <ItemType>1</ItemType>
      <ItemName>מרק טעם עוף רכיבים טבעיים 400 גר` קנור</ItemName>
      <ManufactureName>יוניליוור ישראל שיווק בעמ</ManufactureName>
      <ManufactureCountry />
      <ManufactureItemDescription />
      <UnitQty>יח`</UnitQty>
      <Quantity>400</Quantity>
      <UnitMeasure>גרם</UnitMeasure>
      <BisWeighted>0</BisWeighted>
      <QtyInPackage>1</QtyInPackage>
      <ItemPrice>16.90</ItemPrice>
      <UnitOfMeasurePrice>4.23</UnitOfMeasurePrice>
      <AllowDiscount>0</AllowDiscount>
      <itemStatus>1</itemStatus>
      <LastUpdateDate />
      <LastUpdateTime />
    </Product>
    <Product>
      <PriceUpdateDate>2018/04/10 13:56</PriceUpdateDate>
      <ItemCode>7290107646062</ItemCode>
      <ItemType>1</ItemType>
      <ItemName>מרק בצל רכיבים טבעיים 400 גר` קנור</ItemName>
      <ManufactureName>יוניליוור ישראל שיווק בעמ</ManufactureName>
      <ManufactureCountry />
      <ManufactureItemDescription />
      <UnitQty>יח`</UnitQty>
      <Quantity>400</Quantity>
      <UnitMeasure>גרם</UnitMeasure>
      <BisWeighted>0</BisWeighted>
      <QtyInPackage>1</QtyInPackage>
      <ItemPrice>27.90</ItemPrice>
      <UnitOfMeasurePrice>6.98</UnitOfMeasurePrice>
      <AllowDiscount>1</AllowDiscount>
      <itemStatus>1</itemStatus>
      <LastUpdateDate />
      <LastUpdateTime />
    </Product>
    <Product>
      <PriceUpdateDate>2018/04/10 13:56</PriceUpdateDate>
      <ItemCode>7290107646147</ItemCode>
      <ItemType>1</ItemType>
      <ItemName>מאגדת חטיפי שוגי קורנפלקס שישייה</ItemName>
      <ManufactureName>יוניליוור ישראל שיווק בעמ</ManufactureName>
      <ManufactureCountry />
      <ManufactureItemDescription />
      <UnitQty>יח`</UnitQty>
      <Quantity>156</Quantity>
      <UnitMeasure>גרם</UnitMeasure>
      <BisWeighted>0</BisWeighted>
      <QtyInPackage>1</QtyInPackage>
      <ItemPrice>14.90</ItemPrice>
      <UnitOfMeasurePrice>9.55</UnitOfMeasurePrice>
      <AllowDiscount>1</AllowDiscount>
      <itemStatus>1</itemStatus>
      <LastUpdateDate />
      <LastUpdateTime />
    </Product>
    <Product>
      <PriceUpdateDate>2018/04/10 13:56</PriceUpdateDate>
      <ItemCode>7290107646154</ItemCode>
      <ItemType>1</ItemType>
      <ItemName>מאגדת חטיפי ילדים קוקומן פצפוצים שישייה</ItemName>
      <ManufactureName>יוניליוור ישראל שיווק בעמ</ManufactureName>
      <ManufactureCountry />
      <ManufactureItemDescription />
      <UnitQty>יח`</UnitQty>
      <Quantity>126</Quantity>
      <UnitMeasure>גרם</UnitMeasure>
      <BisWeighted>0</BisWeighted>
      <QtyInPackage>1</QtyInPackage>
      <ItemPrice>14.90</ItemPrice>
      <UnitOfMeasurePrice>11.83</UnitOfMeasurePrice>
      <AllowDiscount>1</AllowDiscount>
      <itemStatus>1</itemStatus>
      <LastUpdateDate />
      <LastUpdateTime />
    </Product>
    <Product>
      <PriceUpdateDate>2017/08/18 14:06</PriceUpdateDate>
      <ItemCode>7290107646383</ItemCode>
      <ItemType>1</ItemType>
      <ItemName>מטליות לחות לניקוי רצפות בניחוח לימון</ItemName>
      <ManufactureName>יוניליוור ישראל שיווק בעמ</ManufactureName>
      <ManufactureCountry />
      <ManufactureItemDescription />
      <UnitQty>יח`</UnitQty>
      <Quantity>1</Quantity>
      <UnitMeasure />
      <BisWeighted>0</BisWeighted>
      <QtyInPackage>1</QtyInPackage>
      <ItemPrice>10.90</ItemPrice>
      <UnitOfMeasurePrice>10.90</UnitOfMeasurePrice>
      <AllowDiscount>1</AllowDiscount>
      <itemStatus>1</itemStatus>
      <LastUpdateDate />
      <LastUpdateTime />
    </Product>
    <Product>
      <PriceUpdateDate>2018/04/10 13:56</PriceUpdateDate>
      <ItemCode>7290107646826</ItemCode>
      <ItemType>1</ItemType>
      <ItemName>מאגדת חטיפי ילדים שוגי שוקו שישייה</ItemName>
      <ManufactureName>יוניליוור ישראל שיווק בעמ</ManufactureName>
      <ManufactureCountry />
      <ManufactureItemDescription />
      <UnitQty>יח`</UnitQty>
      <Quantity>156</Quantity>
      <UnitMeasure>גרם</UnitMeasure>
      <BisWeighted>0</BisWeighted>
      <QtyInPackage>1</QtyInPackage>
      <ItemPrice>14.90</ItemPrice>
      <UnitOfMeasurePrice>9.55</UnitOfMeasurePrice>
      <AllowDiscount>1</AllowDiscount>
      <itemStatus>1</itemStatus>
      <LastUpdateDate />
      <LastUpdateTime />
    </Product>
    <Product>
      <PriceUpdateDate>2018/04/10 13:56</PriceUpdateDate>
      <ItemCode>7290107646833</ItemCode>
      <ItemType>1</ItemType>
      <ItemName>מאגדת חטיפי ילדים שוגי פצפוצים שישייה</ItemName>
      <ManufactureName>יוניליוור ישראל שיווק בעמ</ManufactureName>
      <ManufactureCountry />
      <ManufactureItemDescription />
      <UnitQty>יח`</UnitQty>
      <Quantity>138</Quantity>
      <UnitMeasure>גרם</UnitMeasure>
      <BisWeighted>0</BisWeighted>
      <QtyInPackage>1</QtyInPackage>
      <ItemPrice>14.90</ItemPrice>
      <UnitOfMeasurePrice>10.80</UnitOfMeasurePrice>
      <AllowDiscount>1</AllowDiscount>
      <itemStatus>1</itemStatus>
      <LastUpdateDate />
      <LastUpdateTime />
    </Product>
    <Product>
      <PriceUpdateDate>2017/12/12 08:37</PriceUpdateDate>
      <ItemCode>7290107646925</ItemCode>
      <ItemType>1</ItemType>
      <ItemName>ברנפלקס אקסטרה פייבר 410 גר` תלמה</ItemName>
      <ManufactureName>יוניליוור ישראל שיווק בעמ</ManufactureName>
      <ManufactureCountry />
      <ManufactureItemDescription />
      <UnitQty>יח`</UnitQty>
      <Quantity>410</Quantity>
      <UnitMeasure>גרם</UnitMeasure>
      <BisWeighted>0</BisWeighted>
      <QtyInPackage>1</QtyInPackage>
      <ItemPrice>24.90</ItemPrice>
      <UnitOfMeasurePrice>6.07</UnitOfMeasurePrice>
      <AllowDiscount>1</AllowDiscount>
      <itemStatus>1</itemStatus>
      <LastUpdateDate />
      <LastUpdateTime />
    </Product>
    <Product>
      <PriceUpdateDate>2017/12/27 08:39</PriceUpdateDate>
      <ItemCode>7290107647014</ItemCode>
      <ItemType>1</ItemType>
      <ItemName>שוקולד חלב עם קרמל ומלח 90  גר`מגנום</ItemName>
      <ManufactureName>יוניליוור ישראל שיווק בעמ</ManufactureName>
      <ManufactureCountry />
      <ManufactureItemDescription />
      <UnitQty>יח`</UnitQty>
      <Quantity>90</Quantity>
      <UnitMeasure>גרם</UnitMeasure>
      <BisWeighted>0</BisWeighted>
      <QtyInPackage>1</QtyInPackage>
      <ItemPrice>10.90</ItemPrice>
      <UnitOfMeasurePrice>12.11</UnitOfMeasurePrice>
      <AllowDiscount>0</AllowDiscount>
      <itemStatus>1</itemStatus>
      <LastUpdateDate />
      <LastUpdateTime />
    </Product>
    <Product>
      <PriceUpdateDate>2019/02/03 12:26</PriceUpdateDate>
      <ItemCode>7290107647656</ItemCode>
      <ItemType>1</ItemType>
      <ItemName>מאגדת מיני סולרו קוקוס אננס</ItemName>
      <ManufactureName>גלידות שטראוס בעמ</ManufactureName>
      <ManufactureCountry />
      <ManufactureItemDescription />
      <UnitQty>יח`</UnitQty>
      <Quantity>480</Quantity>
      <UnitMeasure>גרם</UnitMeasure>
      <BisWeighted>0</BisWeighted>
      <QtyInPackage>1</QtyInPackage>
      <ItemPrice>21.90</ItemPrice>
      <UnitOfMeasurePrice>4.56</UnitOfMeasurePrice>
      <AllowDiscount>1</AllowDiscount>
      <itemStatus>1</itemStatus>
      <LastUpdateDate />
      <LastUpdateTime />
    </Product>
    <Product>
      <PriceUpdateDate>2019/02/03 12:26</PriceUpdateDate>
      <ItemCode>7290107647663</ItemCode>
      <ItemType>1</ItemType>
      <ItemName>שטראוס קרמיסימו בננה טופי</ItemName>
      <ManufactureName>גלידות שטראוס בעמ</ManufactureName>
      <ManufactureCountry />
      <ManufactureItemDescription />
      <UnitQty>יח`</UnitQty>
      <Quantity>1</Quantity>
      <UnitMeasure />
      <BisWeighted>0</BisWeighted>
      <QtyInPackage>1</QtyInPackage>
      <ItemPrice>18.90</ItemPrice>
      <UnitOfMeasurePrice>18.90</UnitOfMeasurePrice>
      <AllowDiscount>1</AllowDiscount>
      <itemStatus>1</itemStatus>
      <LastUpdateDate />
      <LastUpdateTime />
    </Product>
    <Product>
      <PriceUpdateDate>2017/10/30 10:23</PriceUpdateDate>
      <ItemCode>7290107647724</ItemCode>
      <ItemType>1</ItemType>
      <ItemName>קוקומן חום לבן 750 בדצ מופחת סוכר.</ItemName>
      <ManufactureName>יוניליוור ישראל שיווק בעמ</ManufactureName>
      <ManufactureCountry />
      <ManufactureItemDescription />
      <UnitQty>יח`</UnitQty>
      <Quantity>750</Quantity>
      <UnitMeasure>גרם</UnitMeasure>
      <BisWeighted>0</BisWeighted>
      <QtyInPackage>1</QtyInPackage>
      <ItemPrice>29.90</ItemPrice>
      <UnitOfMeasurePrice>3.99</UnitOfMeasurePrice>
      <AllowDiscount>1</AllowDiscount>
      <itemStatus>1</itemStatus>
      <LastUpdateDate />
      <LastUpdateTime />
    </Product>
    <Product>
      <PriceUpdateDate>2017/10/30 10:23</PriceUpdateDate>
      <ItemCode>7290107647731</ItemCode>
      <ItemType>1</ItemType>
      <ItemName>קוקומן חום לבן 20% פחות סוכר 375 גר`</ItemName>
      <ManufactureName>יוניליוור ישראל שיווק בעמ</ManufactureName>
      <ManufactureCountry />
      <ManufactureItemDescription />
      <UnitQty>יח`</UnitQty>
      <Quantity>375</Quantity>
      <UnitMeasure>גרם</UnitMeasure>
      <BisWeighted>0</BisWeighted>
      <QtyInPackage>1</QtyInPackage>
      <ItemPrice>21.90</ItemPrice>
      <UnitOfMeasurePrice>5.84</UnitOfMeasurePrice>
      <AllowDiscount>1</AllowDiscount>
      <itemStatus>1</itemStatus>
      <LastUpdateDate />
      <LastUpdateTime />
    </Product>
    <Product>
      <PriceUpdateDate>2017/12/24 08:50</PriceUpdateDate>
      <ItemCode>7290107647748</ItemCode>
      <ItemType>1</ItemType>
      <ItemName>דגני פיצי מהדרין תלמה (500 גרם)</ItemName>
      <ManufactureName>יוניליוור ישראל שיווק בעמ</ManufactureName>
      <ManufactureCountry />
      <ManufactureItemDescription />
      <UnitQty>יח`</UnitQty>
      <Quantity>500</Quantity>
      <UnitMeasure>גרם</UnitMeasure>
      <BisWeighted>0</BisWeighted>
      <QtyInPackage>1</QtyInPackage>
      <ItemPrice>21.90</ItemPrice>
      <UnitOfMeasurePrice>4.38</UnitOfMeasurePrice>
      <AllowDiscount>1</AllowDiscount>
      <itemStatus>1</itemStatus>
      <LastUpdateDate />
      <LastUpdateTime />
    </Product>
    <Product>
      <PriceUpdateDate>2017/12/24 08:50</PriceUpdateDate>
      <ItemCode>7290107647816</ItemCode>
      <ItemType>1</ItemType>
      <ItemName>ברנפלקס ללא תוספת סוכר 500 גר` בדצ</ItemName>
      <ManufactureName>יוניליוור ישראל שיווק בעמ</ManufactureName>
      <ManufactureCountry />
      <ManufactureItemDescription />
      <UnitQty>יח`</UnitQty>
      <Quantity>500</Quantity>
      <UnitMeasure>גרם</UnitMeasure>
      <BisWeighted>0</BisWeighted>
      <QtyInPackage>1</QtyInPackage>
      <ItemPrice>22.90</ItemPrice>
      <UnitOfMeasurePrice>4.58</UnitOfMeasurePrice>
      <AllowDiscount>1</AllowDiscount>
      <itemStatus>1</itemStatus>
      <LastUpdateDate />
      <LastUpdateTime />
    </Product>
    <Product>
      <PriceUpdateDate>2017/12/24 08:50</PriceUpdateDate>
      <ItemCode>7290107647823</ItemCode>
      <ItemType>1</ItemType>
      <ItemName>ברנפלקס מהדרין תלמה (500 גרם)</ItemName>
      <ManufactureName>יוניליוור ישראל שיווק בעמ</ManufactureName>
      <ManufactureCountry />
      <ManufactureItemDescription />
      <UnitQty>יח`</UnitQty>
      <Quantity>500</Quantity>
      <UnitMeasure>גרם</UnitMeasure>
      <BisWeighted>0</BisWeighted>
      <QtyInPackage>1</QtyInPackage>
      <ItemPrice>22.90</ItemPrice>
      <UnitOfMeasurePrice>4.58</UnitOfMeasurePrice>
      <AllowDiscount>1</AllowDiscount>
      <itemStatus>1</itemStatus>
      <LastUpdateDate />
      <LastUpdateTime />
    </Product>
    <Product>
      <PriceUpdateDate>2017/11/09 11:18</PriceUpdateDate>
      <ItemCode>7290107647854</ItemCode>
      <ItemType>1</ItemType>
      <ItemName>שוגי 500 גר`</ItemName>
      <ManufactureName>יוניליוור ישראל שיווק בעמ</ManufactureName>
      <ManufactureCountry />
      <ManufactureItemDescription />
      <UnitQty>יח`</UnitQty>
      <Quantity>500</Quantity>
      <UnitMeasure>גרם</UnitMeasure>
      <BisWeighted>0</BisWeighted>
      <QtyInPackage>1</QtyInPackage>
      <ItemPrice>18.90</ItemPrice>
      <UnitOfMeasurePrice>3.78</UnitOfMeasurePrice>
      <AllowDiscount>1</AllowDiscount>
      <itemStatus>1</itemStatus>
      <LastUpdateDate />
      <LastUpdateTime />
    </Product>
    <Product>
      <PriceUpdateDate>2018/05/17 09:21</PriceUpdateDate>
      <ItemCode>7290107649032</ItemCode>
      <ItemType>1</ItemType>
      <ItemName>מרכך עם קמומיל ואלוורה 700 מל פינוק</ItemName>
      <ManufactureName>יוניליוור ישראל שיווק בעמ</ManufactureName>
      <ManufactureCountry />
      <ManufactureItemDescription />
      <UnitQty>יח`</UnitQty>
      <Quantity>700</Quantity>
      <UnitMeasure>מ"ל</UnitMeasure>
      <BisWeighted>0</BisWeighted>
      <QtyInPackage>1</QtyInPackage>
      <ItemPrice>12.90</ItemPrice>
      <UnitOfMeasurePrice>1.84</UnitOfMeasurePrice>
      <AllowDiscount>1</AllowDiscount>
      <itemStatus>1</itemStatus>
      <LastUpdateDate />
      <LastUpdateTime />
    </Product>
    <Product>
      <PriceUpdateDate>2018/12/19 10:31</PriceUpdateDate>
      <ItemCode>7290107649094</ItemCode>
      <ItemType>1</ItemType>
      <ItemName>מגה מקלות שומשום 150 גר`</ItemName>
      <ManufactureName>יוניליוור ישראל שיווק בעמ</ManufactureName>
      <ManufactureCountry />
      <ManufactureItemDescription />
      <UnitQty>יח`</UnitQty>
      <Quantity>150</Quantity>
      <UnitMeasure>גרם</UnitMeasure>
      <BisWeighted>0</BisWeighted>
      <QtyInPackage>1</QtyInPackage>
      <ItemPrice>5.90</ItemPrice>
      <UnitOfMeasurePrice>3.93</UnitOfMeasurePrice>
      <AllowDiscount>0</AllowDiscount>
      <itemStatus>1</itemStatus>
      <LastUpdateDate />
      <LastUpdateTime />
    </Product>
    <Product>
      <PriceUpdateDate>2018/12/19 10:31</PriceUpdateDate>
      <ItemCode>7290107649100</ItemCode>
      <ItemType>1</ItemType>
      <ItemName>טבעות שומשום 300 גרם</ItemName>
      <ManufactureName>יוניליוור ישראל שיווק בעמ</ManufactureName>
      <ManufactureCountry />
      <ManufactureItemDescription />
      <UnitQty>יח`</UnitQty>
      <Quantity>300</Quantity>
      <UnitMeasure>גרם</UnitMeasure>
      <BisWeighted>0</BisWeighted>
      <QtyInPackage>1</QtyInPackage>
      <ItemPrice>10.90</ItemPrice>
      <UnitOfMeasurePrice>3.63</UnitOfMeasurePrice>
      <AllowDiscount>1</AllowDiscount>
      <itemStatus>1</itemStatus>
      <LastUpdateDate />
      <LastUpdateTime />
    </Product>
    <Product>
      <PriceUpdateDate>2019/03/24 11:46</PriceUpdateDate>
      <ItemCode>7290107649728</ItemCode>
      <ItemType>1</ItemType>
      <ItemName>גלידת שטראוס 2 ליטר כשלפ</ItemName>
      <ManufactureName>גלידות שטראוס בעמ</ManufactureName>
      <ManufactureCountry />
      <ManufactureItemDescription />
      <UnitQty>יח`</UnitQty>
      <Quantity>2000</Quantity>
      <UnitMeasure>מ"ל</UnitMeasure>
      <BisWeighted>0</BisWeighted>
      <QtyInPackage>1</QtyInPackage>
      <ItemPrice>24.90</ItemPrice>
      <UnitOfMeasurePrice>1.25</UnitOfMeasurePrice>
      <AllowDiscount>1</AllowDiscount>
      <itemStatus>1</itemStatus>
      <LastUpdateDate />
      <LastUpdateTime />
    </Product>
    <Product>
      <PriceUpdateDate>2019/04/17 12:20</PriceUpdateDate>
      <ItemCode>7290107649773</ItemCode>
      <ItemType>1</ItemType>
      <ItemName>שטראוס קרמיסימו טעם פיסטוק ושוקולד עם</ItemName>
      <ManufactureName>גלידות שטראוס בעמ</ManufactureName>
      <ManufactureCountry />
      <ManufactureItemDescription />
      <UnitQty>יח`</UnitQty>
      <Quantity>1.33</Quantity>
      <UnitMeasure>1 ליטר</UnitMeasure>
      <BisWeighted>0</BisWeighted>
      <QtyInPackage>1</QtyInPackage>
      <ItemPrice>18.90</ItemPrice>
      <UnitOfMeasurePrice>14.21</UnitOfMeasurePrice>
      <AllowDiscount>1</AllowDiscount>
      <itemStatus>1</itemStatus>
      <LastUpdateDate />
      <LastUpdateTime />
    </Product>
    <Product>
      <PriceUpdateDate>2019/04/17 12:20</PriceUpdateDate>
      <ItemCode>7290107649834</ItemCode>
      <ItemType>1</ItemType>
      <ItemName>מאגדת מיני שלגון קראנצ`י פסק זמן</ItemName>
      <ManufactureName>גלידות שטראוס בעמ</ManufactureName>
      <ManufactureCountry />
      <ManufactureItemDescription />
      <UnitQty>יח`</UnitQty>
      <Quantity>280</Quantity>
      <UnitMeasure>גרם</UnitMeasure>
      <BisWeighted>0</BisWeighted>
      <QtyInPackage>1</QtyInPackage>
      <ItemPrice>29.90</ItemPrice>
      <UnitOfMeasurePrice>10.68</UnitOfMeasurePrice>
      <AllowDiscount>0</AllowDiscount>
      <itemStatus>1</itemStatus>
      <LastUpdateDate />
      <LastUpdateTime />
    </Product>
    <Product>
      <PriceUpdateDate>2018/02/07 15:24</PriceUpdateDate>
      <ItemCode>7290107871273</ItemCode>
      <ItemType>1</ItemType>
      <ItemName>פריכונים מאורז מלא אסם (310 גרם)</ItemName>
      <ManufactureName>קבוצת אסם סחר שות. מוגבלת</ManufactureName>
      <ManufactureCountry />
      <ManufactureItemDescription />
      <UnitQty>יח`</UnitQty>
      <Quantity>310</Quantity>
      <UnitMeasure>גרם</UnitMeasure>
      <BisWeighted>0</BisWeighted>
      <QtyInPackage>1</QtyInPackage>
      <ItemPrice>13.90</ItemPrice>
      <UnitOfMeasurePrice>4.48</UnitOfMeasurePrice>
      <AllowDiscount>1</AllowDiscount>
      <itemStatus>1</itemStatus>
      <LastUpdateDate />
      <LastUpdateTime />
    </Product>
    <Product>
      <PriceUpdateDate>2019/03/24 12:39</PriceUpdateDate>
      <ItemCode>7290107871990</ItemCode>
      <ItemType>1</ItemType>
      <ItemName>פסטה צינורות מהדרין אסם (500 גרם)</ItemName>
      <ManufactureName>קבוצת אסם סחר שות. מוגבלת</ManufactureName>
      <ManufactureCountry />
      <ManufactureItemDescription />
      <UnitQty>יח`</UnitQty>
      <Quantity>500</Quantity>
      <UnitMeasure>גרם</UnitMeasure>
      <BisWeighted>0</BisWeighted>
      <QtyInPackage>1</QtyInPackage>
      <ItemPrice>5.90</ItemPrice>
      <UnitOfMeasurePrice>1.18</UnitOfMeasurePrice>
      <AllowDiscount>1</AllowDiscount>
      <itemStatus>1</itemStatus>
      <LastUpdateDate />
      <LastUpdateTime />
    </Product>
    <Product>
      <PriceUpdateDate>2014/12/14 08:39</PriceUpdateDate>
      <ItemCode>7290107873291</ItemCode>
      <ItemType>1</ItemType>
      <ItemName>עוגיות מיני עם שוקוצ`יפס אסם (225 גרם)</ItemName>
      <ManufactureName>קבוצת אסם סחר שות. מוגבלת</ManufactureName>
      <ManufactureCountry />
      <ManufactureItemDescription />
      <UnitQty>יח`</UnitQty>
      <Quantity>225</Quantity>
      <UnitMeasure>גרם</UnitMeasure>
      <BisWeighted>0</BisWeighted>
      <QtyInPackage>1</QtyInPackage>
      <ItemPrice>9.90</ItemPrice>
      <UnitOfMeasurePrice>4.40</UnitOfMeasurePrice>
      <AllowDiscount>0</AllowDiscount>
      <itemStatus>1</itemStatus>
      <LastUpdateDate />
      <LastUpdateTime />
    </Product>
    <Product>
      <PriceUpdateDate>2016/06/16 08:11</PriceUpdateDate>
      <ItemCode>7290107874502</ItemCode>
      <ItemType>1</ItemType>
      <ItemName>ביסלי חטיף בטעם גריל אסם (55x4 גרם)</ItemName>
      <ManufactureName>קבוצת אסם סחר שות. מוגבלת</ManufactureName>
      <ManufactureCountry />
      <ManufactureItemDescription />
      <UnitQty>יח`</UnitQty>
      <Quantity>220</Quantity>
      <UnitMeasure>גרם</UnitMeasure>
      <BisWeighted>0</BisWeighted>
      <QtyInPackage>1</QtyInPackage>
      <ItemPrice>12.90</ItemPrice>
      <UnitOfMeasurePrice>5.86</UnitOfMeasurePrice>
      <AllowDiscount>1</AllowDiscount>
      <itemStatus>1</itemStatus>
      <LastUpdateDate />
      <LastUpdateTime />
    </Product>
    <Product>
      <PriceUpdateDate>2016/06/16 08:11</PriceUpdateDate>
      <ItemCode>7290107875271</ItemCode>
      <ItemType>1</ItemType>
      <ItemName>ביסלי ברביקיו מארז 4יח*55גרם</ItemName>
      <ManufactureName>קבוצת אסם סחר שות. מוגבלת</ManufactureName>
      <ManufactureCountry />
      <ManufactureItemDescription />
      <UnitQty>יח`</UnitQty>
      <Quantity>220</Quantity>
      <UnitMeasure>גרם</UnitMeasure>
      <BisWeighted>0</BisWeighted>
      <QtyInPackage>1</QtyInPackage>
      <ItemPrice>12.90</ItemPrice>
      <UnitOfMeasurePrice>5.86</UnitOfMeasurePrice>
      <AllowDiscount>1</AllowDiscount>
      <itemStatus>1</itemStatus>
      <LastUpdateDate />
      <LastUpdateTime />
    </Product>
    <Product>
      <PriceUpdateDate>2015/12/21 13:44</PriceUpdateDate>
      <ItemCode>7290107877619</ItemCode>
      <ItemType>1</ItemType>
      <ItemName>במבה במילוי נוגט אסם (30x5 גרם)</ItemName>
      <ManufactureName>קבוצת אסם סחר שות. מוגבלת</ManufactureName>
      <ManufactureCountry />
      <ManufactureItemDescription />
      <UnitQty>יח`</UnitQty>
      <Quantity>150</Quantity>
      <UnitMeasure>גרם</UnitMeasure>
      <BisWeighted>0</BisWeighted>
      <QtyInPackage>1</QtyInPackage>
      <ItemPrice>14.90</ItemPrice>
      <UnitOfMeasurePrice>9.93</UnitOfMeasurePrice>
      <AllowDiscount>1</AllowDiscount>
      <itemStatus>1</itemStatus>
      <LastUpdateDate />
      <LastUpdateTime />
    </Product>
    <Product>
      <PriceUpdateDate>2015/10/23 08:13</PriceUpdateDate>
      <ItemCode>7290107930321</ItemCode>
      <ItemType>1</ItemType>
      <ItemName>קונפיטורת דובדבן יד מרדכי (340 גרם)</ItemName>
      <ManufactureName>שטראוס גרופ בעמ</ManufactureName>
      <ManufactureCountry />
      <ManufactureItemDescription />
      <UnitQty>יח`</UnitQty>
      <Quantity>340</Quantity>
      <UnitMeasure>גרם</UnitMeasure>
      <BisWeighted>0</BisWeighted>
      <QtyInPackage>1</QtyInPackage>
      <ItemPrice>14.90</ItemPrice>
      <UnitOfMeasurePrice>4.38</UnitOfMeasurePrice>
      <AllowDiscount>1</AllowDiscount>
      <itemStatus>1</itemStatus>
      <LastUpdateDate />
      <LastUpdateTime />
    </Product>
    <Product>
      <PriceUpdateDate>2016/05/17 08:10</PriceUpdateDate>
      <ItemCode>7290107931397</ItemCode>
      <ItemType>1</ItemType>
      <ItemName>כיף כף פצפצים עלית (40 גרם)</ItemName>
      <ManufactureName>שטראוס גרופ בעמ</ManufactureName>
      <ManufactureCountry />
      <ManufactureItemDescription />
      <UnitQty>יח`</UnitQty>
      <Quantity>40</Quantity>
      <UnitMeasure>גרם</UnitMeasure>
      <BisWeighted>0</BisWeighted>
      <QtyInPackage>1</QtyInPackage>
      <ItemPrice>4.90</ItemPrice>
      <UnitOfMeasurePrice>12.25</UnitOfMeasurePrice>
      <AllowDiscount>0</AllowDiscount>
      <itemStatus>1</itemStatus>
      <LastUpdateDate />
      <LastUpdateTime />
    </Product>
    <Product>
      <PriceUpdateDate>2016/03/06 08:36</PriceUpdateDate>
      <ItemCode>7290107931465</ItemCode>
      <ItemType>1</ItemType>
      <ItemName>כשלפ פריכיות אנרג`י תחתית שוק` לבן</ItemName>
      <ManufactureName>שטראוס גרופ בעמ</ManufactureName>
      <ManufactureCountry />
      <ManufactureItemDescription />
      <UnitQty>יח`</UnitQty>
      <Quantity>70</Quantity>
      <UnitMeasure>גרם</UnitMeasure>
      <BisWeighted>0</BisWeighted>
      <QtyInPackage>1</QtyInPackage>
      <ItemPrice>8.90</ItemPrice>
      <UnitOfMeasurePrice>12.71</UnitOfMeasurePrice>
      <AllowDiscount>0</AllowDiscount>
      <itemStatus>1</itemStatus>
      <LastUpdateDate />
      <LastUpdateTime />
    </Product>
    <Product>
      <PriceUpdateDate>2015/12/31 09:23</PriceUpdateDate>
      <ItemCode>7290107932080</ItemCode>
      <ItemType>1</ItemType>
      <ItemName>חלב 3% מועשר בבקבוק יטבתה (1 ליטר)</ItemName>
      <ManufactureName>שטראוס גרופ בעמ/מצונן</ManufactureName>
      <ManufactureCountry />
      <ManufactureItemDescription />
      <UnitQty>יח`</UnitQty>
      <Quantity>1000</Quantity>
      <UnitMeasure>מ"ל</UnitMeasure>
      <BisWeighted>0</BisWeighted>
      <QtyInPackage>1</QtyInPackage>
      <ItemPrice>7.50</ItemPrice>
      <UnitOfMeasurePrice>0.75</UnitOfMeasurePrice>
      <AllowDiscount>0</AllowDiscount>
      <itemStatus>1</itemStatus>
      <LastUpdateDate />
      <LastUpdateTime />
    </Product>
    <Product>
      <PriceUpdateDate>2015/12/31 09:23</PriceUpdateDate>
      <ItemCode>7290107932134</ItemCode>
      <ItemType>1</ItemType>
      <ItemName>חלב מועשר 1% בבקבוק יטבתה (1 ליטר)</ItemName>
      <ManufactureName>שטראוס גרופ בעמ/מצונן</ManufactureName>
      <ManufactureCountry />
      <ManufactureItemDescription />
      <UnitQty>יח`</UnitQty>
      <Quantity>1000</Quantity>
      <UnitMeasure>מ"ל</UnitMeasure>
      <BisWeighted>0</BisWeighted>
      <QtyInPackage>1</QtyInPackage>
      <ItemPrice>7.50</ItemPrice>
      <UnitOfMeasurePrice>0.75</UnitOfMeasurePrice>
      <AllowDiscount>0</AllowDiscount>
      <itemStatus>1</itemStatus>
      <LastUpdateDate />
      <LastUpdateTime />
    </Product>
    <Product>
      <PriceUpdateDate>2016/07/14 08:01</PriceUpdateDate>
      <ItemCode>7290107932875</ItemCode>
      <ItemType>1</ItemType>
      <ItemName>מסטיק מאסט לימונענע מגדים 28 גרם</ItemName>
      <ManufactureName>שטראוס גרופ בעמ</ManufactureName>
      <ManufactureCountry />
      <ManufactureItemDescription />
      <UnitQty>יח`</UnitQty>
      <Quantity>28</Quantity>
      <UnitMeasure>גרם</UnitMeasure>
      <BisWeighted>0</BisWeighted>
      <QtyInPackage>1</QtyInPackage>
      <ItemPrice>4.90</ItemPrice>
      <UnitOfMeasurePrice>17.50</UnitOfMeasurePrice>
      <AllowDiscount>0</AllowDiscount>
      <itemStatus>1</itemStatus>
      <LastUpdateDate />
      <LastUpdateTime />
    </Product>
    <Product>
      <PriceUpdateDate>2019/09/04 09:41</PriceUpdateDate>
      <ItemCode>7290107933193</ItemCode>
      <ItemType>1</ItemType>
      <ItemName>סלק בוואקום מבושל שטראוס (500 גרם)</ItemName>
      <ManufactureName>שטראוס גרופ בעמ/מצונן</ManufactureName>
      <ManufactureCountry />
      <ManufactureItemDescription />
      <UnitQty>יח`</UnitQty>
      <Quantity>500</Quantity>
      <UnitMeasure>גרם</UnitMeasure>
      <BisWeighted>0</BisWeighted>
      <QtyInPackage>1</QtyInPackage>
      <ItemPrice>7.90</ItemPrice>
      <UnitOfMeasurePrice>1.58</UnitOfMeasurePrice>
      <AllowDiscount>0</AllowDiscount>
      <itemStatus>1</itemStatus>
      <LastUpdateDate />
      <LastUpdateTime />
    </Product>
    <Product>
      <PriceUpdateDate>2015/12/31 09:23</PriceUpdateDate>
      <ItemCode>7290107933315</ItemCode>
      <ItemType>1</ItemType>
      <ItemName>חלב 2% דל לקטוז בבקבוק יטבתה (1 ליטר)</ItemName>
      <ManufactureName>שטראוס גרופ בעמ/מצונן</ManufactureName>
      <ManufactureCountry />
      <ManufactureItemDescription />
      <UnitQty>יח`</UnitQty>
      <Quantity>1000</Quantity>
      <UnitMeasure>מ"ל</UnitMeasure>
      <BisWeighted>0</BisWeighted>
      <QtyInPackage>1</QtyInPackage>
      <ItemPrice>7.50</ItemPrice>
      <UnitOfMeasurePrice>0.75</UnitOfMeasurePrice>
      <AllowDiscount>0</AllowDiscount>
      <itemStatus>1</itemStatus>
      <LastUpdateDate />
      <LastUpdateTime />
    </Product>
    <Product>
      <PriceUpdateDate>2016/04/20 08:06</PriceUpdateDate>
      <ItemCode>7290107933643</ItemCode>
      <ItemType>1</ItemType>
      <ItemName>משקה חלב עם דגנים  ובננה- ארוחה בקטנה</ItemName>
      <ManufactureName>שטראוס גרופ בעמ/מצונן</ManufactureName>
      <ManufactureCountry />
      <ManufactureItemDescription />
      <UnitQty>יח`</UnitQty>
      <Quantity>250</Quantity>
      <UnitMeasure>גרם</UnitMeasure>
      <BisWeighted>0</BisWeighted>
      <QtyInPackage>1</QtyInPackage>
      <ItemPrice>4.90</ItemPrice>
      <UnitOfMeasurePrice>1.96</UnitOfMeasurePrice>
      <AllowDiscount>0</AllowDiscount>
      <itemStatus>1</itemStatus>
      <LastUpdateDate />
      <LastUpdateTime />
    </Product>
    <Product>
      <PriceUpdateDate>2016/04/20 08:06</PriceUpdateDate>
      <ItemCode>7290107933650</ItemCode>
      <ItemType>1</ItemType>
      <ItemName>משקה חלב עם דגנים  ותות- ארוחה בקטנה</ItemName>
      <ManufactureName>שטראוס גרופ בעמ/מצונן</ManufactureName>
      <ManufactureCountry />
      <ManufactureItemDescription />
      <UnitQty>יח`</UnitQty>
      <Quantity>250</Quantity>
      <UnitMeasure>גרם</UnitMeasure>
      <BisWeighted>0</BisWeighted>
      <QtyInPackage>1</QtyInPackage>
      <ItemPrice>4.90</ItemPrice>
      <UnitOfMeasurePrice>1.96</UnitOfMeasurePrice>
      <AllowDiscount>0</AllowDiscount>
      <itemStatus>1</itemStatus>
      <LastUpdateDate />
      <LastUpdateTime />
    </Product>
    <Product>
      <PriceUpdateDate>2016/09/06 08:29</PriceUpdateDate>
      <ItemCode>7290107934473</ItemCode>
      <ItemType>1</ItemType>
      <ItemName>אקטיביה יוגורט 1.5% דנונה (150x8 גרם)</ItemName>
      <ManufactureName>שטראוס גרופ בעמ/מצונן</ManufactureName>
      <ManufactureCountry />
      <ManufactureItemDescription />
      <UnitQty>יח`</UnitQty>
      <Quantity>1.20</Quantity>
      <UnitMeasure>1 ליטר</UnitMeasure>
      <BisWeighted>0</BisWeighted>
      <QtyInPackage>1</QtyInPackage>
      <ItemPrice>19.90</ItemPrice>
      <UnitOfMeasurePrice>16.58</UnitOfMeasurePrice>
      <AllowDiscount>0</AllowDiscount>
      <itemStatus>1</itemStatus>
      <LastUpdateDate />
      <LastUpdateTime />
    </Product>
    <Product>
      <PriceUpdateDate>2016/12/21 08:16</PriceUpdateDate>
      <ItemCode>7290107936309</ItemCode>
      <ItemType>1</ItemType>
      <ItemName>דנונה יווני לבן 7%</ItemName>
      <ManufactureName>שטראוס גרופ בעמ/מצונן</ManufactureName>
      <ManufactureCountry />
      <ManufactureItemDescription />
      <UnitQty>יח`</UnitQty>
      <Quantity>130</Quantity>
      <UnitMeasure>גרם</UnitMeasure>
      <BisWeighted>0</BisWeighted>
      <QtyInPackage>1</QtyInPackage>
      <ItemPrice>3.30</ItemPrice>
      <UnitOfMeasurePrice>2.54</UnitOfMeasurePrice>
      <AllowDiscount>0</AllowDiscount>
      <itemStatus>1</itemStatus>
      <LastUpdateDate />
      <LastUpdateTime />
    </Product>
    <Product>
      <PriceUpdateDate>2017/11/07 07:26</PriceUpdateDate>
      <ItemCode>7290107936965</ItemCode>
      <ItemType>1</ItemType>
      <ItemName>עד חצות עיגולים 225 גר`</ItemName>
      <ManufactureName>שטראוס גרופ בעמ</ManufactureName>
      <ManufactureCountry />
      <ManufactureItemDescription />
      <UnitQty>יח`</UnitQty>
      <Quantity>225</Quantity>
      <UnitMeasure>גרם</UnitMeasure>
      <BisWeighted>0</BisWeighted>
      <QtyInPackage>1</QtyInPackage>
      <ItemPrice>14.90</ItemPrice>
      <UnitOfMeasurePrice>6.62</UnitOfMeasurePrice>
      <AllowDiscount>1</AllowDiscount>
      <itemStatus>1</itemStatus>
      <LastUpdateDate />
      <LastUpdateTime />
    </Product>
    <Product>
      <PriceUpdateDate>2016/06/10 08:35</PriceUpdateDate>
      <ItemCode>7290107937542</ItemCode>
      <ItemType>1</ItemType>
      <ItemName>משקה אקטייביה תות 1.2%</ItemName>
      <ManufactureName>שטראוס גרופ בעמ/מצונן</ManufactureName>
      <ManufactureCountry />
      <ManufactureItemDescription />
      <UnitQty>יח`</UnitQty>
      <Quantity>250</Quantity>
      <UnitMeasure>מ"ל</UnitMeasure>
      <BisWeighted>0</BisWeighted>
      <QtyInPackage>1</QtyInPackage>
      <ItemPrice>4.90</ItemPrice>
      <UnitOfMeasurePrice>1.96</UnitOfMeasurePrice>
      <AllowDiscount>0</AllowDiscount>
      <itemStatus>1</itemStatus>
      <LastUpdateDate />
      <LastUpdateTime />
    </Product>
    <Product>
      <PriceUpdateDate>2017/01/22 08:12</PriceUpdateDate>
      <ItemCode>7290107937597</ItemCode>
      <ItemType>1</ItemType>
      <ItemName>רבע לשבע אגוזים בודד 27 גרם</ItemName>
      <ManufactureName>שטראוס גרופ בעמ</ManufactureName>
      <ManufactureCountry />
      <ManufactureItemDescription />
      <UnitQty>יח`</UnitQty>
      <Quantity>27</Quantity>
      <UnitMeasure>גרם</UnitMeasure>
      <BisWeighted>0</BisWeighted>
      <QtyInPackage>1</QtyInPackage>
      <ItemPrice>3.90</ItemPrice>
      <UnitOfMeasurePrice>14.44</UnitOfMeasurePrice>
      <AllowDiscount>1</AllowDiscount>
      <itemStatus>1</itemStatus>
      <LastUpdateDate />
      <LastUpdateTime />
    </Product>
    <Product>
      <PriceUpdateDate>2016/12/07 08:54</PriceUpdateDate>
      <ItemCode>7290107937627</ItemCode>
      <ItemType>1</ItemType>
      <ItemName>צנצנת קוביות ספירמינט גומי לעיסה 58גר</ItemName>
      <ManufactureName>שטראוס גרופ בעמ</ManufactureName>
      <ManufactureCountry />
      <ManufactureItemDescription />
      <UnitQty>יח`</UnitQty>
      <Quantity>58</Quantity>
      <UnitMeasure>גרם</UnitMeasure>
      <BisWeighted>0</BisWeighted>
      <QtyInPackage>1</QtyInPackage>
      <ItemPrice>9.90</ItemPrice>
      <UnitOfMeasurePrice>17.07</UnitOfMeasurePrice>
      <AllowDiscount>1</AllowDiscount>
      <itemStatus>1</itemStatus>
      <LastUpdateDate />
      <LastUpdateTime />
    </Product>
    <Product>
      <PriceUpdateDate>2019/09/04 09:41</PriceUpdateDate>
      <ItemCode>7290107938396</ItemCode>
      <ItemType>1</ItemType>
      <ItemName>אקטימל תות שמינייה בנים</ItemName>
      <ManufactureName>שטראוס גרופ בעמ/מצונן</ManufactureName>
      <ManufactureCountry />
      <ManufactureItemDescription />
      <UnitQty>יח`</UnitQty>
      <Quantity>864</Quantity>
      <UnitMeasure>גרם</UnitMeasure>
      <BisWeighted>0</BisWeighted>
      <QtyInPackage>1</QtyInPackage>
      <ItemPrice>19.90</ItemPrice>
      <UnitOfMeasurePrice>2.30</UnitOfMeasurePrice>
      <AllowDiscount>0</AllowDiscount>
      <itemStatus>1</itemStatus>
      <LastUpdateDate />
      <LastUpdateTime />
    </Product>
    <Product>
      <PriceUpdateDate>2016/09/26 08:21</PriceUpdateDate>
      <ItemCode>7290107938884</ItemCode>
      <ItemType>1</ItemType>
      <ItemName>חציל על האש אחלה (500 גרם)</ItemName>
      <ManufactureName>שטראוס גרופ בעמ/מצונן</ManufactureName>
      <ManufactureCountry />
      <ManufactureItemDescription />
      <UnitQty>יח`</UnitQty>
      <Quantity>500</Quantity>
      <UnitMeasure>גרם</UnitMeasure>
      <BisWeighted>0</BisWeighted>
      <QtyInPackage>1</QtyInPackage>
      <ItemPrice>15.50</ItemPrice>
      <UnitOfMeasurePrice>3.10</UnitOfMeasurePrice>
      <AllowDiscount>0</AllowDiscount>
      <itemStatus>1</itemStatus>
      <LastUpdateDate />
      <LastUpdateTime />
    </Product>
    <Product>
      <PriceUpdateDate>2017/01/18 08:08</PriceUpdateDate>
      <ItemCode>7290107939959</ItemCode>
      <ItemType>1</ItemType>
      <ItemName>דנונה פרו טריפל זירו תות</ItemName>
      <ManufactureName>שטראוס גרופ בעמ/מצונן</ManufactureName>
      <ManufactureCountry />
      <ManufactureItemDescription />
      <UnitQty>יח`</UnitQty>
      <Quantity>150</Quantity>
      <UnitMeasure>גרם</UnitMeasure>
      <BisWeighted>0</BisWeighted>
      <QtyInPackage>1</QtyInPackage>
      <ItemPrice>4.60</ItemPrice>
      <UnitOfMeasurePrice>3.07</UnitOfMeasurePrice>
      <AllowDiscount>0</AllowDiscount>
      <itemStatus>1</itemStatus>
      <LastUpdateDate />
      <LastUpdateTime />
    </Product>
    <Product>
      <PriceUpdateDate>2016/06/06 10:14</PriceUpdateDate>
      <ItemCode>7290107940252</ItemCode>
      <ItemType>1</ItemType>
      <ItemName>השוקו שלי - שוקו ללא תוספת סוכר</ItemName>
      <ManufactureName>שטראוס גרופ בעמ/מצונן</ManufactureName>
      <ManufactureCountry />
      <ManufactureItemDescription />
      <UnitQty>יח`</UnitQty>
      <Quantity>1</Quantity>
      <UnitMeasure>1 ליטר</UnitMeasure>
      <BisWeighted>0</BisWeighted>
      <QtyInPackage>1</QtyInPackage>
      <ItemPrice>11.60</ItemPrice>
      <UnitOfMeasurePrice>11.60</UnitOfMeasurePrice>
      <AllowDiscount>0</AllowDiscount>
      <itemStatus>1</itemStatus>
      <LastUpdateDate />
      <LastUpdateTime />
    </Product>
    <Product>
      <PriceUpdateDate>2016/08/11 10:18</PriceUpdateDate>
      <ItemCode>7290107940467</ItemCode>
      <ItemType>1</ItemType>
      <ItemName>אקטיביה יוגורט קרמי 1.5% דנונה (200 גרם)</ItemName>
      <ManufactureName>שטראוס גרופ בעמ/מצונן</ManufactureName>
      <ManufactureCountry />
      <ManufactureItemDescription />
      <UnitQty>יח`</UnitQty>
      <Quantity>200</Quantity>
      <UnitMeasure>גרם</UnitMeasure>
      <BisWeighted>0</BisWeighted>
      <QtyInPackage>1</QtyInPackage>
      <ItemPrice>3.70</ItemPrice>
      <UnitOfMeasurePrice>1.85</UnitOfMeasurePrice>
      <AllowDiscount>0</AllowDiscount>
      <itemStatus>1</itemStatus>
      <LastUpdateDate />
      <LastUpdateTime />
    </Product>
    <Product>
      <PriceUpdateDate>2016/12/07 08:54</PriceUpdateDate>
      <ItemCode>7290107942126</ItemCode>
      <ItemType>1</ItemType>
      <ItemName>גרנולה עם שוקולד בננה 400 גרם אנרג`י</ItemName>
      <ManufactureName>שטראוס גרופ בעמ</ManufactureName>
      <ManufactureCountry />
      <ManufactureItemDescription />
      <UnitQty>יח`</UnitQty>
      <Quantity>400</Quantity>
      <UnitMeasure>גרם</UnitMeasure>
      <BisWeighted>0</BisWeighted>
      <QtyInPackage>1</QtyInPackage>
      <ItemPrice>17.90</ItemPrice>
      <UnitOfMeasurePrice>4.48</UnitOfMeasurePrice>
      <AllowDiscount>1</AllowDiscount>
      <itemStatus>1</itemStatus>
      <LastUpdateDate />
      <LastUpdateTime />
    </Product>
    <Product>
      <PriceUpdateDate>2016/12/20 08:21</PriceUpdateDate>
      <ItemCode>7290107942232</ItemCode>
      <ItemType>1</ItemType>
      <ItemName>מעדן חלב עם שוקולד ספלנדיד (130 גרם)</ItemName>
      <ManufactureName>שטראוס גרופ בעמ/מצונן</ManufactureName>
      <ManufactureCountry />
      <ManufactureItemDescription />
      <UnitQty>יח`</UnitQty>
      <Quantity>130</Quantity>
      <UnitMeasure>גרם</UnitMeasure>
      <BisWeighted>0</BisWeighted>
      <QtyInPackage>1</QtyInPackage>
      <ItemPrice>3.20</ItemPrice>
      <UnitOfMeasurePrice>2.46</UnitOfMeasurePrice>
      <AllowDiscount>0</AllowDiscount>
      <itemStatus>1</itemStatus>
      <LastUpdateDate />
      <LastUpdateTime />
    </Product>
    <Product>
      <PriceUpdateDate>2016/12/20 08:21</PriceUpdateDate>
      <ItemCode>7290107942249</ItemCode>
      <ItemType>1</ItemType>
      <ItemName>מעדן חלב עם שוקולד לבן ספלנדיד (130 גרם)</ItemName>
      <ManufactureName>שטראוס גרופ בעמ/מצונן</ManufactureName>
      <ManufactureCountry />
      <ManufactureItemDescription />
      <UnitQty>יח`</UnitQty>
      <Quantity>130</Quantity>
      <UnitMeasure>גרם</UnitMeasure>
      <BisWeighted>0</BisWeighted>
      <QtyInPackage>1</QtyInPackage>
      <ItemPrice>3.20</ItemPrice>
      <UnitOfMeasurePrice>2.46</UnitOfMeasurePrice>
      <AllowDiscount>0</AllowDiscount>
      <itemStatus>1</itemStatus>
      <LastUpdateDate />
      <LastUpdateTime />
    </Product>
    <Product>
      <PriceUpdateDate>2017/04/03 07:39</PriceUpdateDate>
      <ItemCode>7290107942324</ItemCode>
      <ItemType>1</ItemType>
      <ItemName>מילקי שוקולד עשיר 133 גר</ItemName>
      <ManufactureName>שטראוס גרופ בעמ/מצונן</ManufactureName>
      <ManufactureCountry />
      <ManufactureItemDescription />
      <UnitQty>יח`</UnitQty>
      <Quantity>133</Quantity>
      <UnitMeasure>גרם</UnitMeasure>
      <BisWeighted>0</BisWeighted>
      <QtyInPackage>1</QtyInPackage>
      <ItemPrice>3.70</ItemPrice>
      <UnitOfMeasurePrice>2.78</UnitOfMeasurePrice>
      <AllowDiscount>0</AllowDiscount>
      <itemStatus>1</itemStatus>
      <LastUpdateDate />
      <LastUpdateTime />
    </Product>
    <Product>
      <PriceUpdateDate>2017/07/12 08:38</PriceUpdateDate>
      <ItemCode>7290107942447</ItemCode>
      <ItemType>1</ItemType>
      <ItemName>ממרח פסק זמן מגדים 350 גר`</ItemName>
      <ManufactureName>שטראוס גרופ בעמ</ManufactureName>
      <ManufactureCountry />
      <ManufactureItemDescription />
      <UnitQty>יח`</UnitQty>
      <Quantity>350</Quantity>
      <UnitMeasure>גרם</UnitMeasure>
      <BisWeighted>0</BisWeighted>
      <QtyInPackage>1</QtyInPackage>
      <ItemPrice>11.90</ItemPrice>
      <UnitOfMeasurePrice>3.40</UnitOfMeasurePrice>
      <AllowDiscount>0</AllowDiscount>
      <itemStatus>1</itemStatus>
      <LastUpdateDate />
      <LastUpdateTime />
    </Product>
    <Product>
      <PriceUpdateDate>2017/11/07 07:26</PriceUpdateDate>
      <ItemCode>7290107943192</ItemCode>
      <ItemType>1</ItemType>
      <ItemName>שמנת חמוצה מהערבה 27% שומן יטבתה</ItemName>
      <ManufactureName>שטראוס גרופ בעמ/מצונן</ManufactureName>
      <ManufactureCountry />
      <ManufactureItemDescription />
      <UnitQty>יח`</UnitQty>
      <Quantity>200</Quantity>
      <UnitMeasure>מ"ל</UnitMeasure>
      <BisWeighted>0</BisWeighted>
      <QtyInPackage>1</QtyInPackage>
      <ItemPrice>3.90</ItemPrice>
      <UnitOfMeasurePrice>1.95</UnitOfMeasurePrice>
      <AllowDiscount>0</AllowDiscount>
      <itemStatus>1</itemStatus>
      <LastUpdateDate />
      <LastUpdateTime />
    </Product>
    <Product>
      <PriceUpdateDate>2017/10/08 07:50</PriceUpdateDate>
      <ItemCode>7290107943550</ItemCode>
      <ItemType>1</ItemType>
      <ItemName>עוגיות שוקוציפס שחור לבן 180 גר` עלית</ItemName>
      <ManufactureName>שטראוס גרופ בעמ</ManufactureName>
      <ManufactureCountry />
      <ManufactureItemDescription />
      <UnitQty>יח`</UnitQty>
      <Quantity>180</Quantity>
      <UnitMeasure>גרם</UnitMeasure>
      <BisWeighted>0</BisWeighted>
      <QtyInPackage>1</QtyInPackage>
      <ItemPrice>9.90</ItemPrice>
      <UnitOfMeasurePrice>5.50</UnitOfMeasurePrice>
      <AllowDiscount>0</AllowDiscount>
      <itemStatus>1</itemStatus>
      <LastUpdateDate />
      <LastUpdateTime />
    </Product>
    <Product>
      <PriceUpdateDate>2017/04/13 09:49</PriceUpdateDate>
      <ItemCode>7290107944366</ItemCode>
      <ItemType>1</ItemType>
      <ItemName>רבע לשבע לבן 120 גר</ItemName>
      <ManufactureName>שטראוס גרופ בעמ</ManufactureName>
      <ManufactureCountry />
      <ManufactureItemDescription />
      <UnitQty>יח`</UnitQty>
      <Quantity>120</Quantity>
      <UnitMeasure>גרם</UnitMeasure>
      <BisWeighted>0</BisWeighted>
      <QtyInPackage>1</QtyInPackage>
      <ItemPrice>12.90</ItemPrice>
      <UnitOfMeasurePrice>10.75</UnitOfMeasurePrice>
      <AllowDiscount>1</AllowDiscount>
      <itemStatus>1</itemStatus>
      <LastUpdateDate />
      <LastUpdateTime />
    </Product>
    <Product>
      <PriceUpdateDate>2017/02/17 07:30</PriceUpdateDate>
      <ItemCode>7290107944380</ItemCode>
      <ItemType>1</ItemType>
      <ItemName>אגוזי 45 גר` כשלפ</ItemName>
      <ManufactureName>שטראוס גרופ בעמ</ManufactureName>
      <ManufactureCountry />
      <ManufactureItemDescription />
      <UnitQty>יח`</UnitQty>
      <Quantity>1</Quantity>
      <UnitMeasure />
      <BisWeighted>0</BisWeighted>
      <QtyInPackage>1</QtyInPackage>
      <ItemPrice>3.90</ItemPrice>
      <UnitOfMeasurePrice>3.90</UnitOfMeasurePrice>
      <AllowDiscount>1</AllowDiscount>
      <itemStatus>1</itemStatus>
      <LastUpdateDate />
      <LastUpdateTime />
    </Product>
    <Product>
      <PriceUpdateDate>2017/01/18 08:08</PriceUpdateDate>
      <ItemCode>7290107944472</ItemCode>
      <ItemType>1</ItemType>
      <ItemName>סימפוניה שום שמיר 5%</ItemName>
      <ManufactureName>שטראוס גרופ בעמ/מצונן</ManufactureName>
      <ManufactureCountry />
      <ManufactureItemDescription />
      <UnitQty>יח`</UnitQty>
      <Quantity>200</Quantity>
      <UnitMeasure>גרם</UnitMeasure>
      <BisWeighted>0</BisWeighted>
      <QtyInPackage>1</QtyInPackage>
      <ItemPrice>11.40</ItemPrice>
      <UnitOfMeasurePrice>5.70</UnitOfMeasurePrice>
      <AllowDiscount>0</AllowDiscount>
      <itemStatus>1</itemStatus>
      <LastUpdateDate />
      <LastUpdateTime />
    </Product>
    <Product>
      <PriceUpdateDate>2017/04/13 09:49</PriceUpdateDate>
      <ItemCode>7290107945165</ItemCode>
      <ItemType>1</ItemType>
      <ItemName>קונפיטורת משמש 340 גר</ItemName>
      <ManufactureName>שטראוס גרופ בעמ</ManufactureName>
      <ManufactureCountry />
      <ManufactureItemDescription />
      <UnitQty>יח`</UnitQty>
      <Quantity>340</Quantity>
      <UnitMeasure>גרם</UnitMeasure>
      <BisWeighted>0</BisWeighted>
      <QtyInPackage>1</QtyInPackage>
      <ItemPrice>14.90</ItemPrice>
      <UnitOfMeasurePrice>4.38</UnitOfMeasurePrice>
      <AllowDiscount>1</AllowDiscount>
      <itemStatus>1</itemStatus>
      <LastUpdateDate />
      <LastUpdateTime />
    </Product>
    <Product>
      <PriceUpdateDate>2018/06/14 16:42</PriceUpdateDate>
      <ItemCode>7290107947466</ItemCode>
      <ItemType>1</ItemType>
      <ItemName>מאגדת אנרג`י מצופה טעמי</ItemName>
      <ManufactureName>שטראוס גרופ בעמ</ManufactureName>
      <ManufactureCountry />
      <ManufactureItemDescription />
      <UnitQty>יח`</UnitQty>
      <Quantity>168</Quantity>
      <UnitMeasure>גרם</UnitMeasure>
      <BisWeighted>0</BisWeighted>
      <QtyInPackage>1</QtyInPackage>
      <ItemPrice>14.90</ItemPrice>
      <UnitOfMeasurePrice>8.87</UnitOfMeasurePrice>
      <AllowDiscount>1</AllowDiscount>
      <itemStatus>1</itemStatus>
      <LastUpdateDate />
      <LastUpdateTime />
    </Product>
    <Product>
      <PriceUpdateDate>2018/07/19 20:05</PriceUpdateDate>
      <ItemCode>7290107947992</ItemCode>
      <ItemType>1</ItemType>
      <ItemName>שוקולד פרה אקסטרה חלב עלית (100 גרם)</ItemName>
      <ManufactureName>שטראוס גרופ בעמ</ManufactureName>
      <ManufactureCountry />
      <ManufactureItemDescription />
      <UnitQty>יח`</UnitQty>
      <Quantity>100</Quantity>
      <UnitMeasure>גרם</UnitMeasure>
      <BisWeighted>0</BisWeighted>
      <QtyInPackage>1</QtyInPackage>
      <ItemPrice>6.90</ItemPrice>
      <UnitOfMeasurePrice>6.90</UnitOfMeasurePrice>
      <AllowDiscount>1</AllowDiscount>
      <itemStatus>1</itemStatus>
      <LastUpdateDate />
      <LastUpdateTime />
    </Product>
    <Product>
      <PriceUpdateDate>2018/07/19 20:05</PriceUpdateDate>
      <ItemCode>7290107948005</ItemCode>
      <ItemType>1</ItemType>
      <ItemName>פרה אקסטרא וניל ועוגיות שוקו 100 גרם</ItemName>
      <ManufactureName>שטראוס גרופ בעמ</ManufactureName>
      <ManufactureCountry />
      <ManufactureItemDescription />
      <UnitQty>יח`</UnitQty>
      <Quantity>100</Quantity>
      <UnitMeasure>גרם</UnitMeasure>
      <BisWeighted>0</BisWeighted>
      <QtyInPackage>1</QtyInPackage>
      <ItemPrice>6.90</ItemPrice>
      <UnitOfMeasurePrice>6.90</UnitOfMeasurePrice>
      <AllowDiscount>1</AllowDiscount>
      <itemStatus>1</itemStatus>
      <LastUpdateDate />
      <LastUpdateTime />
    </Product>
    <Product>
      <PriceUpdateDate>2018/07/19 20:05</PriceUpdateDate>
      <ItemCode>7290107948012</ItemCode>
      <ItemType>1</ItemType>
      <ItemName>שוקולד פרה אקסטרא קרם יוגורט תות ועוגיות</ItemName>
      <ManufactureName>שטראוס גרופ בעמ</ManufactureName>
      <ManufactureCountry />
      <ManufactureItemDescription />
      <UnitQty>יח`</UnitQty>
      <Quantity>100</Quantity>
      <UnitMeasure>גרם</UnitMeasure>
      <BisWeighted>0</BisWeighted>
      <QtyInPackage>1</QtyInPackage>
      <ItemPrice>6.90</ItemPrice>
      <UnitOfMeasurePrice>6.90</UnitOfMeasurePrice>
      <AllowDiscount>1</AllowDiscount>
      <itemStatus>1</itemStatus>
      <LastUpdateDate />
      <LastUpdateTime />
    </Product>
    <Product>
      <PriceUpdateDate>2018/07/19 20:05</PriceUpdateDate>
      <ItemCode>7290107948029</ItemCode>
      <ItemType>1</ItemType>
      <ItemName>שוקולד פרה אקסטרא צימוקים ואגוזים 100 גר</ItemName>
      <ManufactureName>שטראוס גרופ בעמ</ManufactureName>
      <ManufactureCountry />
      <ManufactureItemDescription />
      <UnitQty>יח`</UnitQty>
      <Quantity>100</Quantity>
      <UnitMeasure>גרם</UnitMeasure>
      <BisWeighted>0</BisWeighted>
      <QtyInPackage>1</QtyInPackage>
      <ItemPrice>6.90</ItemPrice>
      <UnitOfMeasurePrice>6.90</UnitOfMeasurePrice>
      <AllowDiscount>1</AllowDiscount>
      <itemStatus>1</itemStatus>
      <LastUpdateDate />
      <LastUpdateTime />
    </Product>
    <Product>
      <PriceUpdateDate>2016/12/20 08:21</PriceUpdateDate>
      <ItemCode>7290107950183</ItemCode>
      <ItemType>1</ItemType>
      <ItemName>מעדן שטראוס דיאט וניל 0%</ItemName>
      <ManufactureName>שטראוס גרופ בעמ/מצונן</ManufactureName>
      <ManufactureCountry />
      <ManufactureItemDescription />
      <UnitQty>יח`</UnitQty>
      <Quantity>130</Quantity>
      <UnitMeasure>גרם</UnitMeasure>
      <BisWeighted>0</BisWeighted>
      <QtyInPackage>1</QtyInPackage>
      <ItemPrice>3.20</ItemPrice>
      <UnitOfMeasurePrice>2.46</UnitOfMeasurePrice>
      <AllowDiscount>0</AllowDiscount>
      <itemStatus>1</itemStatus>
      <LastUpdateDate />
      <LastUpdateTime />
    </Product>
    <Product>
      <PriceUpdateDate>2016/12/20 08:21</PriceUpdateDate>
      <ItemCode>7290107950190</ItemCode>
      <ItemType>1</ItemType>
      <ItemName>מעדן שטראוס דיאט שוקולד מריר</ItemName>
      <ManufactureName>שטראוס גרופ בעמ/מצונן</ManufactureName>
      <ManufactureCountry />
      <ManufactureItemDescription />
      <UnitQty>יח`</UnitQty>
      <Quantity>130</Quantity>
      <UnitMeasure>גרם</UnitMeasure>
      <BisWeighted>0</BisWeighted>
      <QtyInPackage>1</QtyInPackage>
      <ItemPrice>3.20</ItemPrice>
      <UnitOfMeasurePrice>2.46</UnitOfMeasurePrice>
      <AllowDiscount>0</AllowDiscount>
      <itemStatus>1</itemStatus>
      <LastUpdateDate />
      <LastUpdateTime />
    </Product>
    <Product>
      <PriceUpdateDate>2016/12/20 08:21</PriceUpdateDate>
      <ItemCode>7290107950206</ItemCode>
      <ItemType>1</ItemType>
      <ItemName>מעדן שטראוס דיאט שוקולד 0%</ItemName>
      <ManufactureName>שטראוס גרופ בעמ/מצונן</ManufactureName>
      <ManufactureCountry />
      <ManufactureItemDescription />
      <UnitQty>יח`</UnitQty>
      <Quantity>130</Quantity>
      <UnitMeasure>גרם</UnitMeasure>
      <BisWeighted>0</BisWeighted>
      <QtyInPackage>1</QtyInPackage>
      <ItemPrice>3.20</ItemPrice>
      <UnitOfMeasurePrice>2.46</UnitOfMeasurePrice>
      <AllowDiscount>0</AllowDiscount>
      <itemStatus>1</itemStatus>
      <LastUpdateDate />
      <LastUpdateTime />
    </Product>
    <Product>
      <PriceUpdateDate>2017/04/03 07:39</PriceUpdateDate>
      <ItemCode>7290107950275</ItemCode>
      <ItemType>1</ItemType>
      <ItemName>מילקי קצפת קפוצ`ינו 133 גר</ItemName>
      <ManufactureName>שטראוס גרופ בעמ/מצונן</ManufactureName>
      <ManufactureCountry />
      <ManufactureItemDescription />
      <UnitQty>יח`</UnitQty>
      <Quantity>133</Quantity>
      <UnitMeasure>גרם</UnitMeasure>
      <BisWeighted>0</BisWeighted>
      <QtyInPackage>1</QtyInPackage>
      <ItemPrice>3.70</ItemPrice>
      <UnitOfMeasurePrice>2.78</UnitOfMeasurePrice>
      <AllowDiscount>0</AllowDiscount>
      <itemStatus>1</itemStatus>
      <LastUpdateDate />
      <LastUpdateTime />
    </Product>
    <Product>
      <PriceUpdateDate>2018/12/19 10:32</PriceUpdateDate>
      <ItemCode>7290107951104</ItemCode>
      <ItemType>1</ItemType>
      <ItemName>בפלות שוקולד 200  גר`עלית</ItemName>
      <ManufactureName>שטראוס גרופ בעמ</ManufactureName>
      <ManufactureCountry />
      <ManufactureItemDescription />
      <UnitQty>יח`</UnitQty>
      <Quantity>200</Quantity>
      <UnitMeasure>גרם</UnitMeasure>
      <BisWeighted>0</BisWeighted>
      <QtyInPackage>1</QtyInPackage>
      <ItemPrice>3.90</ItemPrice>
      <UnitOfMeasurePrice>1.95</UnitOfMeasurePrice>
      <AllowDiscount>0</AllowDiscount>
      <itemStatus>1</itemStatus>
      <LastUpdateDate />
      <LastUpdateTime />
    </Product>
    <Product>
      <PriceUpdateDate>2017/08/14 12:50</PriceUpdateDate>
      <ItemCode>7290107951395</ItemCode>
      <ItemType>1</ItemType>
      <ItemName>משקה יטבתה פרו וניל 250 מל</ItemName>
      <ManufactureName>שטראוס גרופ בעמ/מצונן</ManufactureName>
      <ManufactureCountry />
      <ManufactureItemDescription />
      <UnitQty>יח`</UnitQty>
      <Quantity>250</Quantity>
      <UnitMeasure>מ"ל</UnitMeasure>
      <BisWeighted>0</BisWeighted>
      <QtyInPackage>1</QtyInPackage>
      <ItemPrice>4.90</ItemPrice>
      <UnitOfMeasurePrice>1.96</UnitOfMeasurePrice>
      <AllowDiscount>0</AllowDiscount>
      <itemStatus>1</itemStatus>
      <LastUpdateDate />
      <LastUpdateTime />
    </Product>
    <Product>
      <PriceUpdateDate>2017/08/14 12:50</PriceUpdateDate>
      <ItemCode>7290107951401</ItemCode>
      <ItemType>1</ItemType>
      <ItemName>משקה יטבתה פרו לקפה 250 מל</ItemName>
      <ManufactureName>שטראוס גרופ בעמ/מצונן</ManufactureName>
      <ManufactureCountry />
      <ManufactureItemDescription />
      <UnitQty>יח`</UnitQty>
      <Quantity>250</Quantity>
      <UnitMeasure>מ"ל</UnitMeasure>
      <BisWeighted>0</BisWeighted>
      <QtyInPackage>1</QtyInPackage>
      <ItemPrice>4.90</ItemPrice>
      <UnitOfMeasurePrice>1.96</UnitOfMeasurePrice>
      <AllowDiscount>0</AllowDiscount>
      <itemStatus>1</itemStatus>
      <LastUpdateDate />
      <LastUpdateTime />
    </Product>
    <Product>
      <PriceUpdateDate>2017/10/10 09:05</PriceUpdateDate>
      <ItemCode>7290107951548</ItemCode>
      <ItemType>1</ItemType>
      <ItemName>בלונדי שקדים 100  גר`עלית</ItemName>
      <ManufactureName>שטראוס גרופ בעמ</ManufactureName>
      <ManufactureCountry />
      <ManufactureItemDescription />
      <UnitQty>יח`</UnitQty>
      <Quantity>100</Quantity>
      <UnitMeasure>גרם</UnitMeasure>
      <BisWeighted>0</BisWeighted>
      <QtyInPackage>1</QtyInPackage>
      <ItemPrice>7.50</ItemPrice>
      <UnitOfMeasurePrice>7.50</UnitOfMeasurePrice>
      <AllowDiscount>0</AllowDiscount>
      <itemStatus>1</itemStatus>
      <LastUpdateDate />
      <LastUpdateTime />
    </Product>
    <Product>
      <PriceUpdateDate>2017/10/10 09:05</PriceUpdateDate>
      <ItemCode>7290107951630</ItemCode>
      <ItemType>1</ItemType>
      <ItemName>בלונדי שבבי קוקוס קלוי 100  גר`עלית</ItemName>
      <ManufactureName>שטראוס גרופ בעמ</ManufactureName>
      <ManufactureCountry />
      <ManufactureItemDescription />
      <UnitQty>יח`</UnitQty>
      <Quantity>100</Quantity>
      <UnitMeasure>גרם</UnitMeasure>
      <BisWeighted>0</BisWeighted>
      <QtyInPackage>1</QtyInPackage>
      <ItemPrice>7.50</ItemPrice>
      <UnitOfMeasurePrice>7.50</UnitOfMeasurePrice>
      <AllowDiscount>0</AllowDiscount>
      <itemStatus>1</itemStatus>
      <LastUpdateDate />
      <LastUpdateTime />
    </Product>
    <Product>
      <PriceUpdateDate>2018/02/05 13:48</PriceUpdateDate>
      <ItemCode>7290107951678</ItemCode>
      <ItemType>1</ItemType>
      <ItemName>שוקולד פרה  קראנצ`קוקי 98  גר`עלית</ItemName>
      <ManufactureName>שטראוס גרופ בעמ</ManufactureName>
      <ManufactureCountry />
      <ManufactureItemDescription />
      <UnitQty>יח`</UnitQty>
      <Quantity>98</Quantity>
      <UnitMeasure>גרם</UnitMeasure>
      <BisWeighted>0</BisWeighted>
      <QtyInPackage>1</QtyInPackage>
      <ItemPrice>6.90</ItemPrice>
      <UnitOfMeasurePrice>7.04</UnitOfMeasurePrice>
      <AllowDiscount>0</AllowDiscount>
      <itemStatus>1</itemStatus>
      <LastUpdateDate />
      <LastUpdateTime />
    </Product>
    <Product>
      <PriceUpdateDate>2017/04/12 11:03</PriceUpdateDate>
      <ItemCode>7290107951715</ItemCode>
      <ItemType>1</ItemType>
      <ItemName>צנצנת קוביות ענבים 58 גר</ItemName>
      <ManufactureName>שטראוס גרופ בעמ</ManufactureName>
      <ManufactureCountry />
      <ManufactureItemDescription />
      <UnitQty>יח`</UnitQty>
      <Quantity>58</Quantity>
      <UnitMeasure>גרם</UnitMeasure>
      <BisWeighted>0</BisWeighted>
      <QtyInPackage>1</QtyInPackage>
      <ItemPrice>9.90</ItemPrice>
      <UnitOfMeasurePrice>17.07</UnitOfMeasurePrice>
      <AllowDiscount>1</AllowDiscount>
      <itemStatus>1</itemStatus>
      <LastUpdateDate />
      <LastUpdateTime />
    </Product>
    <Product>
      <PriceUpdateDate>2017/02/23 08:15</PriceUpdateDate>
      <ItemCode>7290107953559</ItemCode>
      <ItemType>1</ItemType>
      <ItemName>מארז טורקי לדרך כשלפ</ItemName>
      <ManufactureName>שטראוס גרופ בעמ</ManufactureName>
      <ManufactureCountry />
      <ManufactureItemDescription />
      <UnitQty>יח`</UnitQty>
      <Quantity>168</Quantity>
      <UnitMeasure>גרם</UnitMeasure>
      <BisWeighted>0</BisWeighted>
      <QtyInPackage>1</QtyInPackage>
      <ItemPrice>17.90</ItemPrice>
      <UnitOfMeasurePrice>10.65</UnitOfMeasurePrice>
      <AllowDiscount>0</AllowDiscount>
      <itemStatus>1</itemStatus>
      <LastUpdateDate />
      <LastUpdateTime />
    </Product>
    <Product>
      <PriceUpdateDate>2017/08/10 07:32</PriceUpdateDate>
      <ItemCode>7290107954457</ItemCode>
      <ItemType>1</ItemType>
      <ItemName>בראוניז פסק זמן בדצ 380 גר`</ItemName>
      <ManufactureName>שטראוס גרופ בעמ</ManufactureName>
      <ManufactureCountry />
      <ManufactureItemDescription />
      <UnitQty>יח`</UnitQty>
      <Quantity>380</Quantity>
      <UnitMeasure>גרם</UnitMeasure>
      <BisWeighted>0</BisWeighted>
      <QtyInPackage>1</QtyInPackage>
      <ItemPrice>16.90</ItemPrice>
      <UnitOfMeasurePrice>4.45</UnitOfMeasurePrice>
      <AllowDiscount>0</AllowDiscount>
      <itemStatus>1</itemStatus>
      <LastUpdateDate />
      <LastUpdateTime />
    </Product>
    <Product>
      <PriceUpdateDate>2017/10/10 09:05</PriceUpdateDate>
      <ItemCode>7290107954532</ItemCode>
      <ItemType>1</ItemType>
      <ItemName>סוכריות לימון ודבש ויטמין c עלית</ItemName>
      <ManufactureName>שטראוס גרופ בעמ</ManufactureName>
      <ManufactureCountry />
      <ManufactureItemDescription />
      <UnitQty>יח`</UnitQty>
      <Quantity>80</Quantity>
      <UnitMeasure>גרם</UnitMeasure>
      <BisWeighted>0</BisWeighted>
      <QtyInPackage>1</QtyInPackage>
      <ItemPrice>8.90</ItemPrice>
      <UnitOfMeasurePrice>11.13</UnitOfMeasurePrice>
      <AllowDiscount>0</AllowDiscount>
      <itemStatus>1</itemStatus>
      <LastUpdateDate />
      <LastUpdateTime />
    </Product>
    <Product>
      <PriceUpdateDate>2017/08/14 12:50</PriceUpdateDate>
      <ItemCode>7290107954976</ItemCode>
      <ItemType>1</ItemType>
      <ItemName>משקה יטבתה פרו קפה 350 מל</ItemName>
      <ManufactureName>שטראוס גרופ בעמ/מצונן</ManufactureName>
      <ManufactureCountry />
      <ManufactureItemDescription />
      <UnitQty>יח`</UnitQty>
      <Quantity>350</Quantity>
      <UnitMeasure>מ"ל</UnitMeasure>
      <BisWeighted>0</BisWeighted>
      <QtyInPackage>1</QtyInPackage>
      <ItemPrice>6.50</ItemPrice>
      <UnitOfMeasurePrice>1.86</UnitOfMeasurePrice>
      <AllowDiscount>0</AllowDiscount>
      <itemStatus>1</itemStatus>
      <LastUpdateDate />
      <LastUpdateTime />
    </Product>
    <Product>
      <PriceUpdateDate>2018/01/18 10:17</PriceUpdateDate>
      <ItemCode>7290107956642</ItemCode>
      <ItemType>1</ItemType>
      <ItemName>תרסיס שמן זית 150 מל יד מרדכי</ItemName>
      <ManufactureName>שטראוס גרופ בעמ</ManufactureName>
      <ManufactureCountry />
      <ManufactureItemDescription />
      <UnitQty>יח`</UnitQty>
      <Quantity>150</Quantity>
      <UnitMeasure>מ"ל</UnitMeasure>
      <BisWeighted>0</BisWeighted>
      <QtyInPackage>1</QtyInPackage>
      <ItemPrice>17.90</ItemPrice>
      <UnitOfMeasurePrice>11.93</UnitOfMeasurePrice>
      <AllowDiscount>0</AllowDiscount>
      <itemStatus>1</itemStatus>
      <LastUpdateDate />
      <LastUpdateTime />
    </Product>
    <Product>
      <PriceUpdateDate>2017/10/08 07:50</PriceUpdateDate>
      <ItemCode>7290107956826</ItemCode>
      <ItemType>1</ItemType>
      <ItemName>עוגיות שוקולד צ`יפס תחתית לבן 180 גר` על</ItemName>
      <ManufactureName>שטראוס גרופ בעמ</ManufactureName>
      <ManufactureCountry />
      <ManufactureItemDescription />
      <UnitQty>יח`</UnitQty>
      <Quantity>180</Quantity>
      <UnitMeasure>גרם</UnitMeasure>
      <BisWeighted>0</BisWeighted>
      <QtyInPackage>1</QtyInPackage>
      <ItemPrice>9.90</ItemPrice>
      <UnitOfMeasurePrice>5.50</UnitOfMeasurePrice>
      <AllowDiscount>0</AllowDiscount>
      <itemStatus>1</itemStatus>
      <LastUpdateDate />
      <LastUpdateTime />
    </Product>
    <Product>
      <PriceUpdateDate>2017/10/08 07:50</PriceUpdateDate>
      <ItemCode>7290107956833</ItemCode>
      <ItemType>1</ItemType>
      <ItemName>עוגיות שוקוציפס תחתית חלב 180 גר` עלית</ItemName>
      <ManufactureName>שטראוס גרופ בעמ</ManufactureName>
      <ManufactureCountry />
      <ManufactureItemDescription />
      <UnitQty>יח`</UnitQty>
      <Quantity>180</Quantity>
      <UnitMeasure>גרם</UnitMeasure>
      <BisWeighted>0</BisWeighted>
      <QtyInPackage>1</QtyInPackage>
      <ItemPrice>9.90</ItemPrice>
      <UnitOfMeasurePrice>5.50</UnitOfMeasurePrice>
      <AllowDiscount>0</AllowDiscount>
      <itemStatus>1</itemStatus>
      <LastUpdateDate />
      <LastUpdateTime />
    </Product>
    <Product>
      <PriceUpdateDate>2018/04/12 11:57</PriceUpdateDate>
      <ItemCode>7290107956895</ItemCode>
      <ItemType>1</ItemType>
      <ItemName>קפסולות קפה עלית אספרסו בטעם קרמל</ItemName>
      <ManufactureName>שטראוס גרופ בעמ</ManufactureName>
      <ManufactureCountry />
      <ManufactureItemDescription />
      <UnitQty>יח`</UnitQty>
      <Quantity>50</Quantity>
      <UnitMeasure>גרם</UnitMeasure>
      <BisWeighted>0</BisWeighted>
      <QtyInPackage>1</QtyInPackage>
      <ItemPrice>16.90</ItemPrice>
      <UnitOfMeasurePrice>33.80</UnitOfMeasurePrice>
      <AllowDiscount>1</AllowDiscount>
      <itemStatus>1</itemStatus>
      <LastUpdateDate />
      <LastUpdateTime />
    </Product>
    <Product>
      <PriceUpdateDate>2017/12/27 08:40</PriceUpdateDate>
      <ItemCode>7290107956901</ItemCode>
      <ItemType>1</ItemType>
      <ItemName>קפסולות אספרסו בטעם אגוזים עלית</ItemName>
      <ManufactureName>שטראוס גרופ בעמ</ManufactureName>
      <ManufactureCountry />
      <ManufactureItemDescription />
      <UnitQty>יח`</UnitQty>
      <Quantity>50</Quantity>
      <UnitMeasure>גרם</UnitMeasure>
      <BisWeighted>0</BisWeighted>
      <QtyInPackage>1</QtyInPackage>
      <ItemPrice>16.90</ItemPrice>
      <UnitOfMeasurePrice>33.80</UnitOfMeasurePrice>
      <AllowDiscount>1</AllowDiscount>
      <itemStatus>1</itemStatus>
      <LastUpdateDate />
      <LastUpdateTime />
    </Product>
    <Product>
      <PriceUpdateDate>2017/11/07 07:26</PriceUpdateDate>
      <ItemCode>7290107956932</ItemCode>
      <ItemType>1</ItemType>
      <ItemName>קפסולות קפה עלית אידונזיה מס` 12</ItemName>
      <ManufactureName>שטראוס גרופ בעמ</ManufactureName>
      <ManufactureCountry />
      <ManufactureItemDescription />
      <UnitQty>יח`</UnitQty>
      <Quantity>50</Quantity>
      <UnitMeasure>גרם</UnitMeasure>
      <BisWeighted>0</BisWeighted>
      <QtyInPackage>1</QtyInPackage>
      <ItemPrice>16.90</ItemPrice>
      <UnitOfMeasurePrice>33.80</UnitOfMeasurePrice>
      <AllowDiscount>1</AllowDiscount>
      <itemStatus>1</itemStatus>
      <LastUpdateDate />
      <LastUpdateTime />
    </Product>
    <Product>
      <PriceUpdateDate>2018/10/10 08:48</PriceUpdateDate>
      <ItemCode>7290107957113</ItemCode>
      <ItemType>1</ItemType>
      <ItemName>סימפוניה זיתים פיקנטים 200 גר`</ItemName>
      <ManufactureName>שטראוס גרופ בעמ/מצונן</ManufactureName>
      <ManufactureCountry />
      <ManufactureItemDescription />
      <UnitQty>יח`</UnitQty>
      <Quantity>200</Quantity>
      <UnitMeasure>גרם</UnitMeasure>
      <BisWeighted>0</BisWeighted>
      <QtyInPackage>1</QtyInPackage>
      <ItemPrice>11.40</ItemPrice>
      <UnitOfMeasurePrice>5.70</UnitOfMeasurePrice>
      <AllowDiscount>0</AllowDiscount>
      <itemStatus>1</itemStatus>
      <LastUpdateDate />
      <LastUpdateTime />
    </Product>
    <Product>
      <PriceUpdateDate>2018/10/10 08:48</PriceUpdateDate>
      <ItemCode>7290107957137</ItemCode>
      <ItemType>1</ItemType>
      <ItemName>סימופניה עשבי תיבול 200 גר`</ItemName>
      <ManufactureName>שטראוס גרופ בעמ/מצונן</ManufactureName>
      <ManufactureCountry />
      <ManufactureItemDescription />
      <UnitQty>יח`</UnitQty>
      <Quantity>200</Quantity>
      <UnitMeasure>גרם</UnitMeasure>
      <BisWeighted>0</BisWeighted>
      <QtyInPackage>1</QtyInPackage>
      <ItemPrice>11.40</ItemPrice>
      <UnitOfMeasurePrice>5.70</UnitOfMeasurePrice>
      <AllowDiscount>0</AllowDiscount>
      <itemStatus>1</itemStatus>
      <LastUpdateDate />
      <LastUpdateTime />
    </Product>
    <Product>
      <PriceUpdateDate>2018/01/12 10:50</PriceUpdateDate>
      <ItemCode>7290107957779</ItemCode>
      <ItemType>1</ItemType>
      <ItemName>דניאלה מעדן בטעם אפרסק שטראוס (88 גרם)</ItemName>
      <ManufactureName>שטראוס גרופ בעמ/מצונן</ManufactureName>
      <ManufactureCountry />
      <ManufactureItemDescription />
      <UnitQty>יח`</UnitQty>
      <Quantity>150</Quantity>
      <UnitMeasure>גרם</UnitMeasure>
      <BisWeighted>0</BisWeighted>
      <QtyInPackage>1</QtyInPackage>
      <ItemPrice>4</ItemPrice>
      <UnitOfMeasurePrice>2.67</UnitOfMeasurePrice>
      <AllowDiscount>0</AllowDiscount>
      <itemStatus>1</itemStatus>
      <LastUpdateDate />
      <LastUpdateTime />
    </Product>
    <Product>
      <PriceUpdateDate>2018/08/23 13:31</PriceUpdateDate>
      <ItemCode>7290107957991</ItemCode>
      <ItemType>1</ItemType>
      <ItemName>מילקי מיניייס cake</ItemName>
      <ManufactureName>שטראוס גרופ בעמ/מצונן</ManufactureName>
      <ManufactureCountry />
      <ManufactureItemDescription />
      <UnitQty>יח`</UnitQty>
      <Quantity>144</Quantity>
      <UnitMeasure>גרם</UnitMeasure>
      <BisWeighted>0</BisWeighted>
      <QtyInPackage>1</QtyInPackage>
      <ItemPrice>13.90</ItemPrice>
      <UnitOfMeasurePrice>9.65</UnitOfMeasurePrice>
      <AllowDiscount>0</AllowDiscount>
      <itemStatus>1</itemStatus>
      <LastUpdateDate />
      <LastUpdateTime />
    </Product>
    <Product>
      <PriceUpdateDate>2017/12/17 10:10</PriceUpdateDate>
      <ItemCode>7290107958035</ItemCode>
      <ItemType>1</ItemType>
      <ItemName>מארז 8 דנונה מתיקות מעודנת ללא סוכר וממת</ItemName>
      <ManufactureName>שטראוס גרופ בעמ/מצונן</ManufactureName>
      <ManufactureCountry />
      <ManufactureItemDescription />
      <UnitQty>יח`</UnitQty>
      <Quantity>1.20</Quantity>
      <UnitMeasure>1 ליטר</UnitMeasure>
      <BisWeighted>0</BisWeighted>
      <QtyInPackage>1</QtyInPackage>
      <ItemPrice>18.50</ItemPrice>
      <UnitOfMeasurePrice>15.42</UnitOfMeasurePrice>
      <AllowDiscount>0</AllowDiscount>
      <itemStatus>1</itemStatus>
      <LastUpdateDate />
      <LastUpdateTime />
    </Product>
    <Product>
      <PriceUpdateDate>2018/05/13 11:11</PriceUpdateDate>
      <ItemCode>7290107958448</ItemCode>
      <ItemType>1</ItemType>
      <ItemName>עוגת שוקולד פה לבן 380 גר` עלית</ItemName>
      <ManufactureName>שטראוס גרופ בעמ</ManufactureName>
      <ManufactureCountry />
      <ManufactureItemDescription />
      <UnitQty>יח`</UnitQty>
      <Quantity>380</Quantity>
      <UnitMeasure>גרם</UnitMeasure>
      <BisWeighted>0</BisWeighted>
      <QtyInPackage>1</QtyInPackage>
      <ItemPrice>17.90</ItemPrice>
      <UnitOfMeasurePrice>4.71</UnitOfMeasurePrice>
      <AllowDiscount>0</AllowDiscount>
      <itemStatus>1</itemStatus>
      <LastUpdateDate />
      <LastUpdateTime />
    </Product>
    <Product>
      <PriceUpdateDate>2019/07/14 08:44</PriceUpdateDate>
      <ItemCode>7290107958578</ItemCode>
      <ItemType>1</ItemType>
      <ItemName>אצבעות שוקולד קרם חלבי ועדשים 96 גר`</ItemName>
      <ManufactureName>שטראוס גרופ בעמ</ManufactureName>
      <ManufactureCountry />
      <ManufactureItemDescription />
      <UnitQty>יח`</UnitQty>
      <Quantity>96</Quantity>
      <UnitMeasure>גרם</UnitMeasure>
      <BisWeighted>0</BisWeighted>
      <QtyInPackage>1</QtyInPackage>
      <ItemPrice>7.90</ItemPrice>
      <UnitOfMeasurePrice>8.23</UnitOfMeasurePrice>
      <AllowDiscount>0</AllowDiscount>
      <itemStatus>1</itemStatus>
      <LastUpdateDate />
      <LastUpdateTime />
    </Product>
    <Product>
      <PriceUpdateDate>2017/12/17 10:10</PriceUpdateDate>
      <ItemCode>7290107958639</ItemCode>
      <ItemType>1</ItemType>
      <ItemName>מטבוחה מרוקאית חריפה 400  גר`אחלה</ItemName>
      <ManufactureName>שטראוס גרופ בעמ/מצונן</ManufactureName>
      <ManufactureCountry />
      <ManufactureItemDescription />
      <UnitQty>יח`</UnitQty>
      <Quantity>400</Quantity>
      <UnitMeasure>גרם</UnitMeasure>
      <BisWeighted>0</BisWeighted>
      <QtyInPackage>1</QtyInPackage>
      <ItemPrice>16.50</ItemPrice>
      <UnitOfMeasurePrice>4.13</UnitOfMeasurePrice>
      <AllowDiscount>0</AllowDiscount>
      <itemStatus>1</itemStatus>
      <LastUpdateDate />
      <LastUpdateTime />
    </Product>
    <Product>
      <PriceUpdateDate>2018/12/19 10:35</PriceUpdateDate>
      <ItemCode>7290107959032</ItemCode>
      <ItemType>1</ItemType>
      <ItemName>מעדן טחינה בטעם נוגט 125 גר` SOOM</ItemName>
      <ManufactureName>שטראוס גרופ בעמ/מצונן</ManufactureName>
      <ManufactureCountry />
      <ManufactureItemDescription />
      <UnitQty>יח`</UnitQty>
      <Quantity>125</Quantity>
      <UnitMeasure>גרם</UnitMeasure>
      <BisWeighted>0</BisWeighted>
      <QtyInPackage>1</QtyInPackage>
      <ItemPrice>3.90</ItemPrice>
      <UnitOfMeasurePrice>3.12</UnitOfMeasurePrice>
      <AllowDiscount>0</AllowDiscount>
      <itemStatus>1</itemStatus>
      <LastUpdateDate />
      <LastUpdateTime />
    </Product>
    <Product>
      <PriceUpdateDate>2018/12/19 10:35</PriceUpdateDate>
      <ItemCode>7290107959049</ItemCode>
      <ItemType>1</ItemType>
      <ItemName>מעדן טחינה בטעם וניל 125 גר` SOOM</ItemName>
      <ManufactureName>שטראוס גרופ בעמ/מצונן</ManufactureName>
      <ManufactureCountry />
      <ManufactureItemDescription />
      <UnitQty>יח`</UnitQty>
      <Quantity>125</Quantity>
      <UnitMeasure>גרם</UnitMeasure>
      <BisWeighted>0</BisWeighted>
      <QtyInPackage>1</QtyInPackage>
      <ItemPrice>3.90</ItemPrice>
      <UnitOfMeasurePrice>3.12</UnitOfMeasurePrice>
      <AllowDiscount>0</AllowDiscount>
      <itemStatus>1</itemStatus>
      <LastUpdateDate />
      <LastUpdateTime />
    </Product>
    <Product>
      <PriceUpdateDate>2018/12/19 10:35</PriceUpdateDate>
      <ItemCode>7290107959056</ItemCode>
      <ItemType>1</ItemType>
      <ItemName>מעדן טחינה בטעם שוקולד 125 גר` SOOM</ItemName>
      <ManufactureName>שטראוס גרופ בעמ/מצונן</ManufactureName>
      <ManufactureCountry />
      <ManufactureItemDescription />
      <UnitQty>יח`</UnitQty>
      <Quantity>125</Quantity>
      <UnitMeasure>גרם</UnitMeasure>
      <BisWeighted>0</BisWeighted>
      <QtyInPackage>1</QtyInPackage>
      <ItemPrice>3.90</ItemPrice>
      <UnitOfMeasurePrice>3.12</UnitOfMeasurePrice>
      <AllowDiscount>0</AllowDiscount>
      <itemStatus>1</itemStatus>
      <LastUpdateDate />
      <LastUpdateTime />
    </Product>
    <Product>
      <PriceUpdateDate>2016/03/03 08:26</PriceUpdateDate>
      <ItemCode>7290107970266</ItemCode>
      <ItemType>1</ItemType>
      <ItemName>פירורים אפויים בסגנון גריסני 300  גר`מנה</ItemName>
      <ManufactureName>ש.שסטוביץ בעמ</ManufactureName>
      <ManufactureCountry />
      <ManufactureItemDescription />
      <UnitQty>יח`</UnitQty>
      <Quantity>300</Quantity>
      <UnitMeasure>גרם</UnitMeasure>
      <BisWeighted>0</BisWeighted>
      <QtyInPackage>1</QtyInPackage>
      <ItemPrice>8.90</ItemPrice>
      <UnitOfMeasurePrice>2.97</UnitOfMeasurePrice>
      <AllowDiscount>0</AllowDiscount>
      <itemStatus>1</itemStatus>
      <LastUpdateDate />
      <LastUpdateTime />
    </Product>
    <Product>
      <PriceUpdateDate>2020/03/03 13:42</PriceUpdateDate>
      <ItemCode>7290107973038</ItemCode>
      <ItemType>1</ItemType>
      <ItemName>סבון ידיים אקוורים 300 מל פלמוליב</ItemName>
      <ManufactureName>ש.שסטוביץ בעמ</ManufactureName>
      <ManufactureCountry />
      <ManufactureItemDescription />
      <UnitQty>יח`</UnitQty>
      <Quantity>1</Quantity>
      <UnitMeasure />
      <BisWeighted>0</BisWeighted>
      <QtyInPackage>1</QtyInPackage>
      <ItemPrice>7.90</ItemPrice>
      <UnitOfMeasurePrice>7.90</UnitOfMeasurePrice>
      <AllowDiscount>0</AllowDiscount>
      <itemStatus>1</itemStatus>
      <LastUpdateDate />
      <LastUpdateTime />
    </Product>
    <Product>
      <PriceUpdateDate>2016/10/31 09:56</PriceUpdateDate>
      <ItemCode>7290107973793</ItemCode>
      <ItemType>1</ItemType>
      <ItemName>רסק עגבניות שלמות 400  גר`מנה מאסטר שף</ItemName>
      <ManufactureName>ש.שסטוביץ בעמ</ManufactureName>
      <ManufactureCountry />
      <ManufactureItemDescription />
      <UnitQty>יח`</UnitQty>
      <Quantity>400</Quantity>
      <UnitMeasure>גרם</UnitMeasure>
      <BisWeighted>0</BisWeighted>
      <QtyInPackage>1</QtyInPackage>
      <ItemPrice>5.90</ItemPrice>
      <UnitOfMeasurePrice>1.48</UnitOfMeasurePrice>
      <AllowDiscount>0</AllowDiscount>
      <itemStatus>1</itemStatus>
      <LastUpdateDate />
      <LastUpdateTime />
    </Product>
    <Product>
      <PriceUpdateDate>2016/10/31 09:56</PriceUpdateDate>
      <ItemCode>7290107973861</ItemCode>
      <ItemType>1</ItemType>
      <ItemName>מארז עגבניות קצוצות דק שלישייה מנה מאסט</ItemName>
      <ManufactureName>ש.שסטוביץ בעמ</ManufactureName>
      <ManufactureCountry />
      <ManufactureItemDescription />
      <UnitQty>יח`</UnitQty>
      <Quantity>1200</Quantity>
      <UnitMeasure>גרם</UnitMeasure>
      <BisWeighted>0</BisWeighted>
      <QtyInPackage>1</QtyInPackage>
      <ItemPrice>16.90</ItemPrice>
      <UnitOfMeasurePrice>1.41</UnitOfMeasurePrice>
      <AllowDiscount>1</AllowDiscount>
      <itemStatus>1</itemStatus>
      <LastUpdateDate />
      <LastUpdateTime />
    </Product>
    <Product>
      <PriceUpdateDate>2017/01/03 18:10</PriceUpdateDate>
      <ItemCode>7290107974004</ItemCode>
      <ItemType>1</ItemType>
      <ItemName>מנה קוסקוס דק 500 גר מאסטר שף</ItemName>
      <ManufactureName>ש.שסטוביץ בעמ</ManufactureName>
      <ManufactureCountry />
      <ManufactureItemDescription />
      <UnitQty>יח`</UnitQty>
      <Quantity>500</Quantity>
      <UnitMeasure>גרם</UnitMeasure>
      <BisWeighted>0</BisWeighted>
      <QtyInPackage>1</QtyInPackage>
      <ItemPrice>7.90</ItemPrice>
      <UnitOfMeasurePrice>1.58</UnitOfMeasurePrice>
      <AllowDiscount>0</AllowDiscount>
      <itemStatus>1</itemStatus>
      <LastUpdateDate />
      <LastUpdateTime />
    </Product>
    <Product>
      <PriceUpdateDate>2017/01/03 18:10</PriceUpdateDate>
      <ItemCode>7290107974011</ItemCode>
      <ItemType>1</ItemType>
      <ItemName>מנה קוסקוס דורום בינוני 500 גר`</ItemName>
      <ManufactureName>ש.שסטוביץ בעמ</ManufactureName>
      <ManufactureCountry />
      <ManufactureItemDescription />
      <UnitQty>יח`</UnitQty>
      <Quantity>500</Quantity>
      <UnitMeasure>גרם</UnitMeasure>
      <BisWeighted>0</BisWeighted>
      <QtyInPackage>1</QtyInPackage>
      <ItemPrice>7.90</ItemPrice>
      <UnitOfMeasurePrice>1.58</UnitOfMeasurePrice>
      <AllowDiscount>0</AllowDiscount>
      <itemStatus>1</itemStatus>
      <LastUpdateDate />
      <LastUpdateTime />
    </Product>
    <Product>
      <PriceUpdateDate>2016/10/31 14:50</PriceUpdateDate>
      <ItemCode>7290107974066</ItemCode>
      <ItemType>1</ItemType>
      <ItemName>עלי טורטיה קמח מלא 320 גר` מנה מאסטר שף</ItemName>
      <ManufactureName>ש.שסטוביץ בעמ</ManufactureName>
      <ManufactureCountry />
      <ManufactureItemDescription />
      <UnitQty>יח`</UnitQty>
      <Quantity>320</Quantity>
      <UnitMeasure>גרם</UnitMeasure>
      <BisWeighted>0</BisWeighted>
      <QtyInPackage>1</QtyInPackage>
      <ItemPrice>9.90</ItemPrice>
      <UnitOfMeasurePrice>3.09</UnitOfMeasurePrice>
      <AllowDiscount>0</AllowDiscount>
      <itemStatus>1</itemStatus>
      <LastUpdateDate />
      <LastUpdateTime />
    </Product>
    <Product>
      <PriceUpdateDate>2016/10/31 14:50</PriceUpdateDate>
      <ItemCode>7290107974073</ItemCode>
      <ItemType>1</ItemType>
      <ItemName>עלי טורטיה קמח לבן 320 גר` מנה מאסטר שף</ItemName>
      <ManufactureName>ש.שסטוביץ בעמ</ManufactureName>
      <ManufactureCountry />
      <ManufactureItemDescription />
      <UnitQty>יח`</UnitQty>
      <Quantity>320</Quantity>
      <UnitMeasure>גרם</UnitMeasure>
      <BisWeighted>0</BisWeighted>
      <QtyInPackage>1</QtyInPackage>
      <ItemPrice>9.90</ItemPrice>
      <UnitOfMeasurePrice>3.09</UnitOfMeasurePrice>
      <AllowDiscount>0</AllowDiscount>
      <itemStatus>1</itemStatus>
      <LastUpdateDate />
      <LastUpdateTime />
    </Product>
    <Product>
      <PriceUpdateDate>2017/03/13 08:00</PriceUpdateDate>
      <ItemCode>7290107974806</ItemCode>
      <ItemType>1</ItemType>
      <ItemName>מנה אורז בסמטי 1 קג</ItemName>
      <ManufactureName>ש.שסטוביץ בעמ</ManufactureName>
      <ManufactureCountry />
      <ManufactureItemDescription />
      <UnitQty>יח`</UnitQty>
      <Quantity>100</Quantity>
      <UnitMeasure>גרם</UnitMeasure>
      <BisWeighted>0</BisWeighted>
      <QtyInPackage>1</QtyInPackage>
      <ItemPrice>9.90</ItemPrice>
      <UnitOfMeasurePrice>9.90</UnitOfMeasurePrice>
      <AllowDiscount>0</AllowDiscount>
      <itemStatus>1</itemStatus>
      <LastUpdateDate />
      <LastUpdateTime />
    </Product>
    <Product>
      <PriceUpdateDate>2017/03/13 08:00</PriceUpdateDate>
      <ItemCode>7290107974813</ItemCode>
      <ItemType>1</ItemType>
      <ItemName>מנה אורז יסמין 1 קג כשר לפסח</ItemName>
      <ManufactureName>ש.שסטוביץ בעמ</ManufactureName>
      <ManufactureCountry />
      <ManufactureItemDescription />
      <UnitQty>יח`</UnitQty>
      <Quantity>1000</Quantity>
      <UnitMeasure>גרם</UnitMeasure>
      <BisWeighted>0</BisWeighted>
      <QtyInPackage>1</QtyInPackage>
      <ItemPrice>8.90</ItemPrice>
      <UnitOfMeasurePrice>0.89</UnitOfMeasurePrice>
      <AllowDiscount>0</AllowDiscount>
      <itemStatus>1</itemStatus>
      <LastUpdateDate />
      <LastUpdateTime />
    </Product>
    <Product>
      <PriceUpdateDate>2016/12/07 08:54</PriceUpdateDate>
      <ItemCode>7290107974837</ItemCode>
      <ItemType>1</ItemType>
      <ItemName>ממרח מתובל שום 253 גר מנה מאסטר שף</ItemName>
      <ManufactureName>ש.שסטוביץ בעמ</ManufactureName>
      <ManufactureCountry />
      <ManufactureItemDescription />
      <UnitQty>יח`</UnitQty>
      <Quantity>253</Quantity>
      <UnitMeasure>גרם</UnitMeasure>
      <BisWeighted>0</BisWeighted>
      <QtyInPackage>1</QtyInPackage>
      <ItemPrice>7.90</ItemPrice>
      <UnitOfMeasurePrice>3.12</UnitOfMeasurePrice>
      <AllowDiscount>0</AllowDiscount>
      <itemStatus>1</itemStatus>
      <LastUpdateDate />
      <LastUpdateTime />
    </Product>
    <Product>
      <PriceUpdateDate>2017/01/27 07:38</PriceUpdateDate>
      <ItemCode>7290107975094</ItemCode>
      <ItemType>1</ItemType>
      <ItemName>גרגירי חומוס 400 גר` מאסטר שף</ItemName>
      <ManufactureName>ש.שסטוביץ בעמ</ManufactureName>
      <ManufactureCountry />
      <ManufactureItemDescription />
      <UnitQty>יח`</UnitQty>
      <Quantity>400</Quantity>
      <UnitMeasure>גרם</UnitMeasure>
      <BisWeighted>0</BisWeighted>
      <QtyInPackage>1</QtyInPackage>
      <ItemPrice>5.90</ItemPrice>
      <UnitOfMeasurePrice>1.48</UnitOfMeasurePrice>
      <AllowDiscount>0</AllowDiscount>
      <itemStatus>1</itemStatus>
      <LastUpdateDate />
      <LastUpdateTime />
    </Product>
    <Product>
      <PriceUpdateDate>2017/01/27 07:38</PriceUpdateDate>
      <ItemCode>7290107975100</ItemCode>
      <ItemType>1</ItemType>
      <ItemName>שעועית לבנה גדולה 400 גר מאסטר שף</ItemName>
      <ManufactureName>ש.שסטוביץ בעמ</ManufactureName>
      <ManufactureCountry />
      <ManufactureItemDescription />
      <UnitQty>יח`</UnitQty>
      <Quantity>400</Quantity>
      <UnitMeasure>גרם</UnitMeasure>
      <BisWeighted>0</BisWeighted>
      <QtyInPackage>1</QtyInPackage>
      <ItemPrice>5.90</ItemPrice>
      <UnitOfMeasurePrice>1.48</UnitOfMeasurePrice>
      <AllowDiscount>0</AllowDiscount>
      <itemStatus>1</itemStatus>
      <LastUpdateDate />
      <LastUpdateTime />
    </Product>
    <Product>
      <PriceUpdateDate>2020/03/01 07:28</PriceUpdateDate>
      <ItemCode>7290107975346</ItemCode>
      <ItemType>1</ItemType>
      <ItemName>ספיד סטיק כח הטבע אולנג ג`ל</ItemName>
      <ManufactureName>ש.שסטוביץ בעמ</ManufactureName>
      <ManufactureCountry />
      <ManufactureItemDescription />
      <UnitQty>יח`</UnitQty>
      <Quantity>65</Quantity>
      <UnitMeasure>גרם</UnitMeasure>
      <BisWeighted>0</BisWeighted>
      <QtyInPackage>1</QtyInPackage>
      <ItemPrice>14.90</ItemPrice>
      <UnitOfMeasurePrice>22.92</UnitOfMeasurePrice>
      <AllowDiscount>0</AllowDiscount>
      <itemStatus>1</itemStatus>
      <LastUpdateDate />
      <LastUpdateTime />
    </Product>
    <Product>
      <PriceUpdateDate>2017/11/09 11:18</PriceUpdateDate>
      <ItemCode>7290107976848</ItemCode>
      <ItemType>1</ItemType>
      <ItemName>פלמוליב סבון מוצק רביעייה קמומיל</ItemName>
      <ManufactureName>ש.שסטוביץ בעמ</ManufactureName>
      <ManufactureCountry />
      <ManufactureItemDescription />
      <UnitQty>יח`</UnitQty>
      <Quantity>360</Quantity>
      <UnitMeasure>גרם</UnitMeasure>
      <BisWeighted>0</BisWeighted>
      <QtyInPackage>1</QtyInPackage>
      <ItemPrice>16.90</ItemPrice>
      <UnitOfMeasurePrice>4.69</UnitOfMeasurePrice>
      <AllowDiscount>0</AllowDiscount>
      <itemStatus>1</itemStatus>
      <LastUpdateDate />
      <LastUpdateTime />
    </Product>
    <Product>
      <PriceUpdateDate>2017/05/07 07:29</PriceUpdateDate>
      <ItemCode>7290107976862</ItemCode>
      <ItemType>1</ItemType>
      <ItemName>פלמוליב סבון לומינוס מקדמיה 500 מל</ItemName>
      <ManufactureName>ש.שסטוביץ בעמ</ManufactureName>
      <ManufactureCountry />
      <ManufactureItemDescription />
      <UnitQty>יח`</UnitQty>
      <Quantity>500</Quantity>
      <UnitMeasure>מ"ל</UnitMeasure>
      <BisWeighted>0</BisWeighted>
      <QtyInPackage>1</QtyInPackage>
      <ItemPrice>19.90</ItemPrice>
      <UnitOfMeasurePrice>3.98</UnitOfMeasurePrice>
      <AllowDiscount>1</AllowDiscount>
      <itemStatus>1</itemStatus>
      <LastUpdateDate />
      <LastUpdateTime />
    </Product>
    <Product>
      <PriceUpdateDate>2017/07/16 08:35</PriceUpdateDate>
      <ItemCode>7290107978323</ItemCode>
      <ItemType>1</ItemType>
      <ItemName>מאסטר שף איטריות דקיקות 400 גר</ItemName>
      <ManufactureName>ש.שסטוביץ בעמ</ManufactureName>
      <ManufactureCountry />
      <ManufactureItemDescription />
      <UnitQty>יח`</UnitQty>
      <Quantity>400</Quantity>
      <UnitMeasure>גרם</UnitMeasure>
      <BisWeighted>0</BisWeighted>
      <QtyInPackage>1</QtyInPackage>
      <ItemPrice>5.90</ItemPrice>
      <UnitOfMeasurePrice>1.48</UnitOfMeasurePrice>
      <AllowDiscount>1</AllowDiscount>
      <itemStatus>1</itemStatus>
      <LastUpdateDate />
      <LastUpdateTime />
    </Product>
    <Product>
      <PriceUpdateDate>2017/06/01 09:05</PriceUpdateDate>
      <ItemCode>7290107978637</ItemCode>
      <ItemType>1</ItemType>
      <ItemName>מרידול משחת שיניים 75מל</ItemName>
      <ManufactureName>ש.שסטוביץ בעמ</ManufactureName>
      <ManufactureCountry />
      <ManufactureItemDescription />
      <UnitQty>יח`</UnitQty>
      <Quantity>75</Quantity>
      <UnitMeasure>גרם</UnitMeasure>
      <BisWeighted>0</BisWeighted>
      <QtyInPackage>1</QtyInPackage>
      <ItemPrice>19.90</ItemPrice>
      <UnitOfMeasurePrice>26.53</UnitOfMeasurePrice>
      <AllowDiscount>0</AllowDiscount>
      <itemStatus>1</itemStatus>
      <LastUpdateDate />
      <LastUpdateTime />
    </Product>
    <Product>
      <PriceUpdateDate>2016/02/29 11:20</PriceUpdateDate>
      <ItemCode>7290108200225</ItemCode>
      <ItemType>1</ItemType>
      <ItemName>וניש גולד אבקה 470גר` ורוד</ItemName>
      <ManufactureName>רקיט בנקיזר (ניר איסט) בעמ</ManufactureName>
      <ManufactureCountry />
      <ManufactureItemDescription />
      <UnitQty>יח`</UnitQty>
      <Quantity>470</Quantity>
      <UnitMeasure>גרם</UnitMeasure>
      <BisWeighted>0</BisWeighted>
      <QtyInPackage>1</QtyInPackage>
      <ItemPrice>19.90</ItemPrice>
      <UnitOfMeasurePrice>4.23</UnitOfMeasurePrice>
      <AllowDiscount>1</AllowDiscount>
      <itemStatus>1</itemStatus>
      <LastUpdateDate />
      <LastUpdateTime />
    </Product>
    <Product>
      <PriceUpdateDate>2016/02/29 11:20</PriceUpdateDate>
      <ItemCode>7290108200232</ItemCode>
      <ItemType>1</ItemType>
      <ItemName>וניש גולד אבקה 470 גר` לבן</ItemName>
      <ManufactureName>רקיט בנקיזר (ניר איסט) בעמ</ManufactureName>
      <ManufactureCountry />
      <ManufactureItemDescription />
      <UnitQty>יח`</UnitQty>
      <Quantity>470</Quantity>
      <UnitMeasure>גרם</UnitMeasure>
      <BisWeighted>0</BisWeighted>
      <QtyInPackage>1</QtyInPackage>
      <ItemPrice>19.90</ItemPrice>
      <UnitOfMeasurePrice>4.23</UnitOfMeasurePrice>
      <AllowDiscount>1</AllowDiscount>
      <itemStatus>1</itemStatus>
      <LastUpdateDate />
      <LastUpdateTime />
    </Product>
    <Product>
      <PriceUpdateDate>2017/03/01 08:11</PriceUpdateDate>
      <ItemCode>7290108201284</ItemCode>
      <ItemType>1</ItemType>
      <ItemName>אירוויק מקלות לבנדר</ItemName>
      <ManufactureName>רקיט בנקיזר (ניר איסט) בעמ</ManufactureName>
      <ManufactureCountry />
      <ManufactureItemDescription />
      <UnitQty>יח`</UnitQty>
      <Quantity>30</Quantity>
      <UnitMeasure>מ"ל</UnitMeasure>
      <BisWeighted>0</BisWeighted>
      <QtyInPackage>1</QtyInPackage>
      <ItemPrice>25.90</ItemPrice>
      <UnitOfMeasurePrice>86.33</UnitOfMeasurePrice>
      <AllowDiscount>1</AllowDiscount>
      <itemStatus>1</itemStatus>
      <LastUpdateDate />
      <LastUpdateTime />
    </Product>
    <Product>
      <PriceUpdateDate>2017/03/29 07:22</PriceUpdateDate>
      <ItemCode>7290108201437</ItemCode>
      <ItemType>1</ItemType>
      <ItemName>קולון 101 אבקה 2.5 קג</ItemName>
      <ManufactureName>רקיט בנקיזר (ניר איסט) בעמ</ManufactureName>
      <ManufactureCountry />
      <ManufactureItemDescription />
      <UnitQty>יח`</UnitQty>
      <Quantity>1</Quantity>
      <UnitMeasure />
      <BisWeighted>0</BisWeighted>
      <QtyInPackage>1</QtyInPackage>
      <ItemPrice>24.90</ItemPrice>
      <UnitOfMeasurePrice>24.90</UnitOfMeasurePrice>
      <AllowDiscount>1</AllowDiscount>
      <itemStatus>1</itemStatus>
      <LastUpdateDate />
      <LastUpdateTime />
    </Product>
    <Product>
      <PriceUpdateDate>2017/10/02 15:23</PriceUpdateDate>
      <ItemCode>7290108201574</ItemCode>
      <ItemType>1</ItemType>
      <ItemName>וניש אבקה 1620 גר` ורוד</ItemName>
      <ManufactureName>רקיט בנקיזר (ניר איסט) בעמ</ManufactureName>
      <ManufactureCountry />
      <ManufactureItemDescription />
      <UnitQty>יח`</UnitQty>
      <Quantity>1620</Quantity>
      <UnitMeasure>גרם</UnitMeasure>
      <BisWeighted>0</BisWeighted>
      <QtyInPackage>1</QtyInPackage>
      <ItemPrice>29.90</ItemPrice>
      <UnitOfMeasurePrice>1.85</UnitOfMeasurePrice>
      <AllowDiscount>0</AllowDiscount>
      <itemStatus>1</itemStatus>
      <LastUpdateDate />
      <LastUpdateTime />
    </Product>
    <Product>
      <PriceUpdateDate>2017/11/16 08:16</PriceUpdateDate>
      <ItemCode>7290108201819</ItemCode>
      <ItemType>1</ItemType>
      <ItemName>וולייט ג`ל כביסה גולד 1.5 ליטר</ItemName>
      <ManufactureName>רקיט בנקיזר (ניר איסט) בעמ</ManufactureName>
      <ManufactureCountry />
      <ManufactureItemDescription />
      <UnitQty>יח`</UnitQty>
      <Quantity>1.50</Quantity>
      <UnitMeasure>מ"ל</UnitMeasure>
      <BisWeighted>0</BisWeighted>
      <QtyInPackage>1</QtyInPackage>
      <ItemPrice>19.90</ItemPrice>
      <UnitOfMeasurePrice>1326.67</UnitOfMeasurePrice>
      <AllowDiscount>1</AllowDiscount>
      <itemStatus>1</itemStatus>
      <LastUpdateDate />
      <LastUpdateTime />
    </Product>
    <Product>
      <PriceUpdateDate>2017/10/02 15:23</PriceUpdateDate>
      <ItemCode>7290108201857</ItemCode>
      <ItemType>1</ItemType>
      <ItemName>וניש אבקה 1620 גר` לבן</ItemName>
      <ManufactureName>רקיט בנקיזר (ניר איסט) בעמ</ManufactureName>
      <ManufactureCountry />
      <ManufactureItemDescription />
      <UnitQty>יח`</UnitQty>
      <Quantity>1620</Quantity>
      <UnitMeasure>גרם</UnitMeasure>
      <BisWeighted>0</BisWeighted>
      <QtyInPackage>1</QtyInPackage>
      <ItemPrice>29.90</ItemPrice>
      <UnitOfMeasurePrice>1.85</UnitOfMeasurePrice>
      <AllowDiscount>0</AllowDiscount>
      <itemStatus>1</itemStatus>
      <LastUpdateDate />
      <LastUpdateTime />
    </Product>
    <Product>
      <PriceUpdateDate>2020/02/02 13:13</PriceUpdateDate>
      <ItemCode>7290108201871</ItemCode>
      <ItemType>1</ItemType>
      <ItemName>קולון קפסולות לכביסה 42 יח</ItemName>
      <ManufactureName>רקיט בנקיזר (ניר איסט) בעמ</ManufactureName>
      <ManufactureCountry />
      <ManufactureItemDescription />
      <UnitQty>יח`</UnitQty>
      <Quantity>1</Quantity>
      <UnitMeasure />
      <BisWeighted>0</BisWeighted>
      <QtyInPackage>1</QtyInPackage>
      <ItemPrice>34.90</ItemPrice>
      <UnitOfMeasurePrice>34.90</UnitOfMeasurePrice>
      <AllowDiscount>0</AllowDiscount>
      <itemStatus>1</itemStatus>
      <LastUpdateDate />
      <LastUpdateTime />
    </Product>
    <Product>
      <PriceUpdateDate>2018/02/14 15:59</PriceUpdateDate>
      <ItemCode>7290108350142</ItemCode>
      <ItemType>1</ItemType>
      <ItemName> סושי-שקיות רב שימושיותXXL</ItemName>
      <ManufactureName>החברה הדרומית לשיווק בעמ</ManufactureName>
      <ManufactureCountry />
      <ManufactureItemDescription />
      <UnitQty>יח`</UnitQty>
      <Quantity>1</Quantity>
      <UnitMeasure />
      <BisWeighted>0</BisWeighted>
      <QtyInPackage>1</QtyInPackage>
      <ItemPrice>13.90</ItemPrice>
      <UnitOfMeasurePrice>13.90</UnitOfMeasurePrice>
      <AllowDiscount>0</AllowDiscount>
      <itemStatus>1</itemStatus>
      <LastUpdateDate />
      <LastUpdateTime />
    </Product>
    <Product>
      <PriceUpdateDate>2016/08/17 10:47</PriceUpdateDate>
      <ItemCode>7290108350203</ItemCode>
      <ItemType>1</ItemType>
      <ItemName>כרית קרצוף עם ספוג מקציף סנו סושי (6)</ItemName>
      <ManufactureName>החברה הדרומית לשיווק בעמ</ManufactureName>
      <ManufactureCountry />
      <ManufactureItemDescription />
      <UnitQty>יח`</UnitQty>
      <Quantity>1</Quantity>
      <UnitMeasure />
      <BisWeighted>0</BisWeighted>
      <QtyInPackage>1</QtyInPackage>
      <ItemPrice>10.90</ItemPrice>
      <UnitOfMeasurePrice>10.90</UnitOfMeasurePrice>
      <AllowDiscount>1</AllowDiscount>
      <itemStatus>1</itemStatus>
      <LastUpdateDate />
      <LastUpdateTime />
    </Product>
    <Product>
      <PriceUpdateDate>2016/01/27 08:18</PriceUpdateDate>
      <ItemCode>7290108350210</ItemCode>
      <ItemType>1</ItemType>
      <ItemName>סנו סושי-שקיות אשפה XL חזקות במיוחד!</ItemName>
      <ManufactureName>החברה הדרומית לשיווק בעמ</ManufactureName>
      <ManufactureCountry />
      <ManufactureItemDescription />
      <UnitQty>יח`</UnitQty>
      <Quantity>1</Quantity>
      <UnitMeasure />
      <BisWeighted>0</BisWeighted>
      <QtyInPackage>1</QtyInPackage>
      <ItemPrice>24.90</ItemPrice>
      <UnitOfMeasurePrice>24.90</UnitOfMeasurePrice>
      <AllowDiscount>0</AllowDiscount>
      <itemStatus>1</itemStatus>
      <LastUpdateDate />
      <LastUpdateTime />
    </Product>
    <Product>
      <PriceUpdateDate>2016/01/27 08:18</PriceUpdateDate>
      <ItemCode>7290108350227</ItemCode>
      <ItemType>1</ItemType>
      <ItemName>סנו 500 מגבוני אף דו שכבתיים במארז -ECO</ItemName>
      <ManufactureName>החברה הדרומית לשיווק בעמ</ManufactureName>
      <ManufactureCountry />
      <ManufactureItemDescription />
      <UnitQty>יח`</UnitQty>
      <Quantity>1</Quantity>
      <UnitMeasure />
      <BisWeighted>0</BisWeighted>
      <QtyInPackage>1</QtyInPackage>
      <ItemPrice>11.90</ItemPrice>
      <UnitOfMeasurePrice>11.90</UnitOfMeasurePrice>
      <AllowDiscount>0</AllowDiscount>
      <itemStatus>1</itemStatus>
      <LastUpdateDate />
      <LastUpdateTime />
    </Product>
    <Product>
      <PriceUpdateDate>2018/12/23 12:33</PriceUpdateDate>
      <ItemCode>7290108350586</ItemCode>
      <ItemType>1</ItemType>
      <ItemName>ספארק 1.5 ליטר נוזל כלים</ItemName>
      <ManufactureName>החברה הדרומית לשיווק בעמ</ManufactureName>
      <ManufactureCountry />
      <ManufactureItemDescription />
      <UnitQty>יח`</UnitQty>
      <Quantity>1500</Quantity>
      <UnitMeasure>מ"ל</UnitMeasure>
      <BisWeighted>0</BisWeighted>
      <QtyInPackage>1</QtyInPackage>
      <ItemPrice>14.90</ItemPrice>
      <UnitOfMeasurePrice>0.99</UnitOfMeasurePrice>
      <AllowDiscount>0</AllowDiscount>
      <itemStatus>1</itemStatus>
      <LastUpdateDate />
      <LastUpdateTime />
    </Product>
    <Product>
      <PriceUpdateDate>2018/01/10 11:24</PriceUpdateDate>
      <ItemCode>7290108350616</ItemCode>
      <ItemType>1</ItemType>
      <ItemName>סנו מקסימה מרכך 1 ליטר blue blossom</ItemName>
      <ManufactureName>החברה הדרומית לשיווק בעמ</ManufactureName>
      <ManufactureCountry />
      <ManufactureItemDescription />
      <UnitQty>יח`</UnitQty>
      <Quantity>1000</Quantity>
      <UnitMeasure>מ"ל</UnitMeasure>
      <BisWeighted>0</BisWeighted>
      <QtyInPackage>1</QtyInPackage>
      <ItemPrice>17.90</ItemPrice>
      <UnitOfMeasurePrice>1.79</UnitOfMeasurePrice>
      <AllowDiscount>1</AllowDiscount>
      <itemStatus>1</itemStatus>
      <LastUpdateDate />
      <LastUpdateTime />
    </Product>
    <Product>
      <PriceUpdateDate>2018/01/10 11:24</PriceUpdateDate>
      <ItemCode>7290108350623</ItemCode>
      <ItemType>1</ItemType>
      <ItemName>מקסימה מרכך כביסה סופט סילק סנו (1 ליטר)</ItemName>
      <ManufactureName>החברה הדרומית לשיווק בעמ</ManufactureName>
      <ManufactureCountry />
      <ManufactureItemDescription />
      <UnitQty>יח`</UnitQty>
      <Quantity>1000</Quantity>
      <UnitMeasure>מ"ל</UnitMeasure>
      <BisWeighted>0</BisWeighted>
      <QtyInPackage>1</QtyInPackage>
      <ItemPrice>17.90</ItemPrice>
      <UnitOfMeasurePrice>1.79</UnitOfMeasurePrice>
      <AllowDiscount>1</AllowDiscount>
      <itemStatus>1</itemStatus>
      <LastUpdateDate />
      <LastUpdateTime />
    </Product>
    <Product>
      <PriceUpdateDate>2017/05/03 14:46</PriceUpdateDate>
      <ItemCode>7290108350715</ItemCode>
      <ItemType>1</ItemType>
      <ItemName>פורטה 750 מל free</ItemName>
      <ManufactureName>החברה הדרומית לשיווק בעמ</ManufactureName>
      <ManufactureCountry />
      <ManufactureItemDescription />
      <UnitQty>יח`</UnitQty>
      <Quantity>750</Quantity>
      <UnitMeasure>מ"ל</UnitMeasure>
      <BisWeighted>0</BisWeighted>
      <QtyInPackage>1</QtyInPackage>
      <ItemPrice>16.90</ItemPrice>
      <UnitOfMeasurePrice>2.25</UnitOfMeasurePrice>
      <AllowDiscount>1</AllowDiscount>
      <itemStatus>1</itemStatus>
      <LastUpdateDate />
      <LastUpdateTime />
    </Product>
    <Product>
      <PriceUpdateDate>2018/12/19 10:30</PriceUpdateDate>
      <ItemCode>7290108350739</ItemCode>
      <ItemType>1</ItemType>
      <ItemName>משחת שיניים אורביטול קידס</ItemName>
      <ManufactureName>החברה הדרומית לשיווק בעמ</ManufactureName>
      <ManufactureCountry />
      <ManufactureItemDescription />
      <UnitQty>יח`</UnitQty>
      <Quantity>70</Quantity>
      <UnitMeasure>גרם</UnitMeasure>
      <BisWeighted>0</BisWeighted>
      <QtyInPackage>1</QtyInPackage>
      <ItemPrice>7.90</ItemPrice>
      <UnitOfMeasurePrice>11.29</UnitOfMeasurePrice>
      <AllowDiscount>0</AllowDiscount>
      <itemStatus>1</itemStatus>
      <LastUpdateDate />
      <LastUpdateTime />
    </Product>
    <Product>
      <PriceUpdateDate>2018/07/24 22:00</PriceUpdateDate>
      <ItemCode>7290108350777</ItemCode>
      <ItemType>1</ItemType>
      <ItemName>אל סבון נוזלי כיף מיניונים (500x3 מל)</ItemName>
      <ManufactureName>החברה הדרומית לשיווק בעמ</ManufactureName>
      <ManufactureCountry />
      <ManufactureItemDescription />
      <UnitQty>יח`</UnitQty>
      <Quantity>1</Quantity>
      <UnitMeasure />
      <BisWeighted>0</BisWeighted>
      <QtyInPackage>1</QtyInPackage>
      <ItemPrice>19.90</ItemPrice>
      <UnitOfMeasurePrice>19.90</UnitOfMeasurePrice>
      <AllowDiscount>0</AllowDiscount>
      <itemStatus>1</itemStatus>
      <LastUpdateDate />
      <LastUpdateTime />
    </Product>
    <Product>
      <PriceUpdateDate>2017/06/05 09:55</PriceUpdateDate>
      <ItemCode>7290108351118</ItemCode>
      <ItemType>1</ItemType>
      <ItemName>K4000</ItemName>
      <ManufactureName>החברה הדרומית לשיווק בעמ</ManufactureName>
      <ManufactureCountry />
      <ManufactureItemDescription />
      <UnitQty>יח`</UnitQty>
      <Quantity>1</Quantity>
      <UnitMeasure />
      <BisWeighted>0</BisWeighted>
      <QtyInPackage>1</QtyInPackage>
      <ItemPrice>31.90</ItemPrice>
      <UnitOfMeasurePrice>31.90</UnitOfMeasurePrice>
      <AllowDiscount>0</AllowDiscount>
      <itemStatus>1</itemStatus>
      <LastUpdateDate />
      <LastUpdateTime />
    </Product>
    <Product>
      <PriceUpdateDate>2017/03/21 07:49</PriceUpdateDate>
      <ItemCode>7290108351149</ItemCode>
      <ItemType>1</ItemType>
      <ItemName>סנו ג`ט פלוס לניקוי כללי ורצפות בתוספת</ItemName>
      <ManufactureName>החברה הדרומית לשיווק בעמ</ManufactureName>
      <ManufactureCountry />
      <ManufactureItemDescription />
      <UnitQty>יח`</UnitQty>
      <Quantity>1.50</Quantity>
      <UnitMeasure>1 ליטר</UnitMeasure>
      <BisWeighted>0</BisWeighted>
      <QtyInPackage>1</QtyInPackage>
      <ItemPrice>15.90</ItemPrice>
      <UnitOfMeasurePrice>10.60</UnitOfMeasurePrice>
      <AllowDiscount>0</AllowDiscount>
      <itemStatus>1</itemStatus>
      <LastUpdateDate />
      <LastUpdateTime />
    </Product>
    <Product>
      <PriceUpdateDate>2017/06/21 10:27</PriceUpdateDate>
      <ItemCode>7290108351156</ItemCode>
      <ItemType>1</ItemType>
      <ItemName>סנו ג`ט לניקוי כללי ורצפות בתוספת חומץ 1</ItemName>
      <ManufactureName>החברה הדרומית לשיווק בעמ</ManufactureName>
      <ManufactureCountry />
      <ManufactureItemDescription />
      <UnitQty>יח`</UnitQty>
      <Quantity>1.50</Quantity>
      <UnitMeasure>1 ליטר</UnitMeasure>
      <BisWeighted>0</BisWeighted>
      <QtyInPackage>1</QtyInPackage>
      <ItemPrice>15.90</ItemPrice>
      <UnitOfMeasurePrice>10.60</UnitOfMeasurePrice>
      <AllowDiscount>0</AllowDiscount>
      <itemStatus>1</itemStatus>
      <LastUpdateDate />
      <LastUpdateTime />
    </Product>
    <Product>
      <PriceUpdateDate>2019/02/03 12:17</PriceUpdateDate>
      <ItemCode>7290108351507</ItemCode>
      <ItemType>1</ItemType>
      <ItemName>מרכך כביסה מקסימה Soft Silk</ItemName>
      <ManufactureName>החברה הדרומית לשיווק בעמ</ManufactureName>
      <ManufactureCountry />
      <ManufactureItemDescription />
      <UnitQty>יח`</UnitQty>
      <Quantity>4</Quantity>
      <UnitMeasure>1 ליטר</UnitMeasure>
      <BisWeighted>0</BisWeighted>
      <QtyInPackage>1</QtyInPackage>
      <ItemPrice>19.90</ItemPrice>
      <UnitOfMeasurePrice>4.98</UnitOfMeasurePrice>
      <AllowDiscount>0</AllowDiscount>
      <itemStatus>1</itemStatus>
      <LastUpdateDate />
      <LastUpdateTime />
    </Product>
    <Product>
      <PriceUpdateDate>2019/02/03 12:17</PriceUpdateDate>
      <ItemCode>7290108351514</ItemCode>
      <ItemType>1</ItemType>
      <ItemName>מרכך כביסה מקסימה 4 ליטר Blue Dlosson</ItemName>
      <ManufactureName>החברה הדרומית לשיווק בעמ</ManufactureName>
      <ManufactureCountry />
      <ManufactureItemDescription />
      <UnitQty>יח`</UnitQty>
      <Quantity>4</Quantity>
      <UnitMeasure>1 ליטר</UnitMeasure>
      <BisWeighted>0</BisWeighted>
      <QtyInPackage>1</QtyInPackage>
      <ItemPrice>19.90</ItemPrice>
      <UnitOfMeasurePrice>4.98</UnitOfMeasurePrice>
      <AllowDiscount>0</AllowDiscount>
      <itemStatus>1</itemStatus>
      <LastUpdateDate />
      <LastUpdateTime />
    </Product>
    <Product>
      <PriceUpdateDate>2018/06/11 19:08</PriceUpdateDate>
      <ItemCode>7290108351545</ItemCode>
      <ItemType>1</ItemType>
      <ItemName>סנופרש יבש מבשם לבית</ItemName>
      <ManufactureName>החברה הדרומית לשיווק בעמ</ManufactureName>
      <ManufactureCountry />
      <ManufactureItemDescription />
      <UnitQty>יח`</UnitQty>
      <Quantity>1</Quantity>
      <UnitMeasure />
      <BisWeighted>0</BisWeighted>
      <QtyInPackage>1</QtyInPackage>
      <ItemPrice>12.90</ItemPrice>
      <UnitOfMeasurePrice>12.90</UnitOfMeasurePrice>
      <AllowDiscount>0</AllowDiscount>
      <itemStatus>1</itemStatus>
      <LastUpdateDate />
      <LastUpdateTime />
    </Product>
    <Product>
      <PriceUpdateDate>2018/01/01 14:07</PriceUpdateDate>
      <ItemCode>7290108351552</ItemCode>
      <ItemType>1</ItemType>
      <ItemName>ג`ט פלוס לניקוי כללי+חומץ 750 ל סנו</ItemName>
      <ManufactureName>החברה הדרומית לשיווק בעמ</ManufactureName>
      <ManufactureCountry />
      <ManufactureItemDescription />
      <UnitQty>יח`</UnitQty>
      <Quantity>750</Quantity>
      <UnitMeasure>מ"ל</UnitMeasure>
      <BisWeighted>0</BisWeighted>
      <QtyInPackage>1</QtyInPackage>
      <ItemPrice>14.90</ItemPrice>
      <UnitOfMeasurePrice>1.99</UnitOfMeasurePrice>
      <AllowDiscount>0</AllowDiscount>
      <itemStatus>1</itemStatus>
      <LastUpdateDate />
      <LastUpdateTime />
    </Product>
    <Product>
      <PriceUpdateDate>2017/08/08 10:27</PriceUpdateDate>
      <ItemCode>7290108351569</ItemCode>
      <ItemType>1</ItemType>
      <ItemName>סנו מקסימה למייבש 750 מל בייבי</ItemName>
      <ManufactureName>החברה הדרומית לשיווק בעמ</ManufactureName>
      <ManufactureCountry />
      <ManufactureItemDescription />
      <UnitQty>יח`</UnitQty>
      <Quantity>750</Quantity>
      <UnitMeasure>מ"ל</UnitMeasure>
      <BisWeighted>0</BisWeighted>
      <QtyInPackage>1</QtyInPackage>
      <ItemPrice>19.90</ItemPrice>
      <UnitOfMeasurePrice>2.65</UnitOfMeasurePrice>
      <AllowDiscount>0</AllowDiscount>
      <itemStatus>1</itemStatus>
      <LastUpdateDate />
      <LastUpdateTime />
    </Product>
    <Product>
      <PriceUpdateDate>2018/05/23 20:09</PriceUpdateDate>
      <ItemCode>7290108351583</ItemCode>
      <ItemType>1</ItemType>
      <ItemName>ג`ט פלוס לניקוי אסלות+חומץ  750 ל סנו</ItemName>
      <ManufactureName>החברה הדרומית לשיווק בעמ</ManufactureName>
      <ManufactureCountry />
      <ManufactureItemDescription />
      <UnitQty>יח`</UnitQty>
      <Quantity>750</Quantity>
      <UnitMeasure>מ"ל</UnitMeasure>
      <BisWeighted>0</BisWeighted>
      <QtyInPackage>1</QtyInPackage>
      <ItemPrice>13.90</ItemPrice>
      <UnitOfMeasurePrice>1.85</UnitOfMeasurePrice>
      <AllowDiscount>0</AllowDiscount>
      <itemStatus>1</itemStatus>
      <LastUpdateDate />
      <LastUpdateTime />
    </Product>
    <Product>
      <PriceUpdateDate>2017/10/30 10:21</PriceUpdateDate>
      <ItemCode>7290108351590</ItemCode>
      <ItemType>1</ItemType>
      <ItemName>סנופרש הום נטול גז 350 מל הום בלו בלוסו</ItemName>
      <ManufactureName>החברה הדרומית לשיווק בעמ</ManufactureName>
      <ManufactureCountry />
      <ManufactureItemDescription />
      <UnitQty>יח`</UnitQty>
      <Quantity>350</Quantity>
      <UnitMeasure>מ"ל</UnitMeasure>
      <BisWeighted>0</BisWeighted>
      <QtyInPackage>1</QtyInPackage>
      <ItemPrice>14.90</ItemPrice>
      <UnitOfMeasurePrice>4.26</UnitOfMeasurePrice>
      <AllowDiscount>0</AllowDiscount>
      <itemStatus>1</itemStatus>
      <LastUpdateDate />
      <LastUpdateTime />
    </Product>
    <Product>
      <PriceUpdateDate>2017/10/30 10:21</PriceUpdateDate>
      <ItemCode>7290108351606</ItemCode>
      <ItemType>1</ItemType>
      <ItemName>סנופרש הום נטול גז 350 מל הום סופט סילק</ItemName>
      <ManufactureName>החברה הדרומית לשיווק בעמ</ManufactureName>
      <ManufactureCountry />
      <ManufactureItemDescription />
      <UnitQty>יח`</UnitQty>
      <Quantity>350</Quantity>
      <UnitMeasure>מ"ל</UnitMeasure>
      <BisWeighted>0</BisWeighted>
      <QtyInPackage>1</QtyInPackage>
      <ItemPrice>14.90</ItemPrice>
      <UnitOfMeasurePrice>4.26</UnitOfMeasurePrice>
      <AllowDiscount>0</AllowDiscount>
      <itemStatus>1</itemStatus>
      <LastUpdateDate />
      <LastUpdateTime />
    </Product>
    <Product>
      <PriceUpdateDate>2019/02/03 12:17</PriceUpdateDate>
      <ItemCode>7290108351613</ItemCode>
      <ItemType>1</ItemType>
      <ItemName>ריצפז פרש הום בניחות מלון חלומי 2 ליטר</ItemName>
      <ManufactureName>החברה הדרומית לשיווק בעמ</ManufactureName>
      <ManufactureCountry />
      <ManufactureItemDescription />
      <UnitQty>יח`</UnitQty>
      <Quantity>2</Quantity>
      <UnitMeasure>1 ליטר</UnitMeasure>
      <BisWeighted>0</BisWeighted>
      <QtyInPackage>1</QtyInPackage>
      <ItemPrice>19.90</ItemPrice>
      <UnitOfMeasurePrice>9.95</UnitOfMeasurePrice>
      <AllowDiscount>0</AllowDiscount>
      <itemStatus>1</itemStatus>
      <LastUpdateDate />
      <LastUpdateTime />
    </Product>
    <Product>
      <PriceUpdateDate>2017/10/04 07:46</PriceUpdateDate>
      <ItemCode>7290108351637</ItemCode>
      <ItemType>1</ItemType>
      <ItemName>מקסימה אבקת כביסה סמארט סנו (5 קג)</ItemName>
      <ManufactureName>החברה הדרומית לשיווק בעמ</ManufactureName>
      <ManufactureCountry />
      <ManufactureItemDescription />
      <UnitQty>יח`</UnitQty>
      <Quantity>5</Quantity>
      <UnitMeasure>ק"ג</UnitMeasure>
      <BisWeighted>0</BisWeighted>
      <QtyInPackage>1</QtyInPackage>
      <ItemPrice>49.90</ItemPrice>
      <UnitOfMeasurePrice>9.98</UnitOfMeasurePrice>
      <AllowDiscount>0</AllowDiscount>
      <itemStatus>1</itemStatus>
      <LastUpdateDate />
      <LastUpdateTime />
    </Product>
    <Product>
      <PriceUpdateDate>2018/02/11 10:37</PriceUpdateDate>
      <ItemCode>7290108351651</ItemCode>
      <ItemType>1</ItemType>
      <ItemName>סנו מקסימה קפסולות לכביסה 28 יח</ItemName>
      <ManufactureName>החברה הדרומית לשיווק בעמ</ManufactureName>
      <ManufactureCountry />
      <ManufactureItemDescription />
      <UnitQty>יח`</UnitQty>
      <Quantity>1</Quantity>
      <UnitMeasure />
      <BisWeighted>0</BisWeighted>
      <QtyInPackage>1</QtyInPackage>
      <ItemPrice>29.90</ItemPrice>
      <UnitOfMeasurePrice>29.90</UnitOfMeasurePrice>
      <AllowDiscount>0</AllowDiscount>
      <itemStatus>1</itemStatus>
      <LastUpdateDate />
      <LastUpdateTime />
    </Product>
    <Product>
      <PriceUpdateDate>2018/07/01 14:10</PriceUpdateDate>
      <ItemCode>7290108351668</ItemCode>
      <ItemType>1</ItemType>
      <ItemName>מטליות לחות לניקוי  כללי?  ג`ט+ חומץ</ItemName>
      <ManufactureName>החברה הדרומית לשיווק בעמ</ManufactureName>
      <ManufactureCountry />
      <ManufactureItemDescription />
      <UnitQty>יח`</UnitQty>
      <Quantity>1</Quantity>
      <UnitMeasure />
      <BisWeighted>0</BisWeighted>
      <QtyInPackage>1</QtyInPackage>
      <ItemPrice>12.90</ItemPrice>
      <UnitOfMeasurePrice>12.90</UnitOfMeasurePrice>
      <AllowDiscount>0</AllowDiscount>
      <itemStatus>1</itemStatus>
      <LastUpdateDate />
      <LastUpdateTime />
    </Product>
    <Product>
      <PriceUpdateDate>2019/08/08 08:23</PriceUpdateDate>
      <ItemCode>7290108351699</ItemCode>
      <ItemType>1</ItemType>
      <ItemName>מגבונים  ג`ט+ חומץ מארז שלישייה</ItemName>
      <ManufactureName>החברה הדרומית לשיווק בעמ</ManufactureName>
      <ManufactureCountry />
      <ManufactureItemDescription />
      <UnitQty>יח`</UnitQty>
      <Quantity>1</Quantity>
      <UnitMeasure />
      <BisWeighted>0</BisWeighted>
      <QtyInPackage>1</QtyInPackage>
      <ItemPrice>20</ItemPrice>
      <UnitOfMeasurePrice>20</UnitOfMeasurePrice>
      <AllowDiscount>0</AllowDiscount>
      <itemStatus>1</itemStatus>
      <LastUpdateDate />
      <LastUpdateTime />
    </Product>
    <Product>
      <PriceUpdateDate>2019/01/06 14:38</PriceUpdateDate>
      <ItemCode>7290108351774</ItemCode>
      <ItemType>1</ItemType>
      <ItemName>מתז לניקוי וטיפול במוצרי עור</ItemName>
      <ManufactureName>החברה הדרומית לשיווק בעמ</ManufactureName>
      <ManufactureCountry />
      <ManufactureItemDescription />
      <UnitQty>יח`</UnitQty>
      <Quantity>500</Quantity>
      <UnitMeasure>מ"ל</UnitMeasure>
      <BisWeighted>0</BisWeighted>
      <QtyInPackage>1</QtyInPackage>
      <ItemPrice>29.90</ItemPrice>
      <UnitOfMeasurePrice>5.98</UnitOfMeasurePrice>
      <AllowDiscount>0</AllowDiscount>
      <itemStatus>1</itemStatus>
      <LastUpdateDate />
      <LastUpdateTime />
    </Product>
    <Product>
      <PriceUpdateDate>2019/01/06 14:38</PriceUpdateDate>
      <ItemCode>7290108351781</ItemCode>
      <ItemType>1</ItemType>
      <ItemName>ג`ט פלוס לניקוי אסלות בניחוח הדרים</ItemName>
      <ManufactureName>החברה הדרומית לשיווק בעמ</ManufactureName>
      <ManufactureCountry />
      <ManufactureItemDescription />
      <UnitQty>יח`</UnitQty>
      <Quantity>750</Quantity>
      <UnitMeasure>מ"ל</UnitMeasure>
      <BisWeighted>0</BisWeighted>
      <QtyInPackage>1</QtyInPackage>
      <ItemPrice>13.90</ItemPrice>
      <UnitOfMeasurePrice>1.85</UnitOfMeasurePrice>
      <AllowDiscount>0</AllowDiscount>
      <itemStatus>1</itemStatus>
      <LastUpdateDate />
      <LastUpdateTime />
    </Product>
    <Product>
      <PriceUpdateDate>2019/07/25 08:42</PriceUpdateDate>
      <ItemCode>7290108351804</ItemCode>
      <ItemType>1</ItemType>
      <ItemName>סנו מקסימה סופר מרוכז (1 ליטר) - בריזה</ItemName>
      <ManufactureName>החברה הדרומית לשיווק בעמ</ManufactureName>
      <ManufactureCountry />
      <ManufactureItemDescription />
      <UnitQty>יח`</UnitQty>
      <Quantity>1000</Quantity>
      <UnitMeasure>מ"ל</UnitMeasure>
      <BisWeighted>0</BisWeighted>
      <QtyInPackage>1</QtyInPackage>
      <ItemPrice>17.90</ItemPrice>
      <UnitOfMeasurePrice>1.79</UnitOfMeasurePrice>
      <AllowDiscount>0</AllowDiscount>
      <itemStatus>1</itemStatus>
      <LastUpdateDate />
      <LastUpdateTime />
    </Product>
    <Product>
      <PriceUpdateDate>2019/07/25 08:42</PriceUpdateDate>
      <ItemCode>7290108351811</ItemCode>
      <ItemType>1</ItemType>
      <ItemName>סנו מקסימה סופר מרוכז (1 ליטר) - פרחוני</ItemName>
      <ManufactureName>החברה הדרומית לשיווק בעמ</ManufactureName>
      <ManufactureCountry />
      <ManufactureItemDescription />
      <UnitQty>יח`</UnitQty>
      <Quantity>1000</Quantity>
      <UnitMeasure>מ"ל</UnitMeasure>
      <BisWeighted>0</BisWeighted>
      <QtyInPackage>1</QtyInPackage>
      <ItemPrice>17.90</ItemPrice>
      <UnitOfMeasurePrice>1.79</UnitOfMeasurePrice>
      <AllowDiscount>0</AllowDiscount>
      <itemStatus>1</itemStatus>
      <LastUpdateDate />
      <LastUpdateTime />
    </Product>
    <Product>
      <PriceUpdateDate>2019/10/17 09:44</PriceUpdateDate>
      <ItemCode>7290108351835</ItemCode>
      <ItemType>1</ItemType>
      <ItemName>סנו מקסימה מרכך כביסה 4 ליטר floral tou</ItemName>
      <ManufactureName>החברה הדרומית לשיווק בעמ</ManufactureName>
      <ManufactureCountry />
      <ManufactureItemDescription />
      <UnitQty>יח`</UnitQty>
      <Quantity>4</Quantity>
      <UnitMeasure>מ"ל</UnitMeasure>
      <BisWeighted>0</BisWeighted>
      <QtyInPackage>1</QtyInPackage>
      <ItemPrice>19.90</ItemPrice>
      <UnitOfMeasurePrice>497.50</UnitOfMeasurePrice>
      <AllowDiscount>0</AllowDiscount>
      <itemStatus>1</itemStatus>
      <LastUpdateDate />
      <LastUpdateTime />
    </Product>
    <Product>
      <PriceUpdateDate>2019/01/20 12:41</PriceUpdateDate>
      <ItemCode>7290108351910</ItemCode>
      <ItemType>1</ItemType>
      <ItemName>ספארק טבליות למדיח סנו) (30</ItemName>
      <ManufactureName>החברה הדרומית לשיווק בעמ</ManufactureName>
      <ManufactureCountry />
      <ManufactureItemDescription />
      <UnitQty>יח`</UnitQty>
      <Quantity>1</Quantity>
      <UnitMeasure />
      <BisWeighted>0</BisWeighted>
      <QtyInPackage>1</QtyInPackage>
      <ItemPrice>19.90</ItemPrice>
      <UnitOfMeasurePrice>19.90</UnitOfMeasurePrice>
      <AllowDiscount>0</AllowDiscount>
      <itemStatus>1</itemStatus>
      <LastUpdateDate />
      <LastUpdateTime />
    </Product>
    <Product>
      <PriceUpdateDate>2019/10/17 09:44</PriceUpdateDate>
      <ItemCode>7290108351972</ItemCode>
      <ItemType>1</ItemType>
      <ItemName>סנופרש הום מלון בוטיק 200 מל סנו</ItemName>
      <ManufactureName>החברה הדרומית לשיווק בעמ</ManufactureName>
      <ManufactureCountry />
      <ManufactureItemDescription />
      <UnitQty>יח`</UnitQty>
      <Quantity>1</Quantity>
      <UnitMeasure />
      <BisWeighted>0</BisWeighted>
      <QtyInPackage>1</QtyInPackage>
      <ItemPrice>12.90</ItemPrice>
      <UnitOfMeasurePrice>12.90</UnitOfMeasurePrice>
      <AllowDiscount>0</AllowDiscount>
      <itemStatus>1</itemStatus>
      <LastUpdateDate />
      <LastUpdateTime />
    </Product>
    <Product>
      <PriceUpdateDate>2019/10/17 09:44</PriceUpdateDate>
      <ItemCode>7290108351989</ItemCode>
      <ItemType>1</ItemType>
      <ItemName>סנופרש יבש הום מלון מפנק 200 מל סנו</ItemName>
      <ManufactureName>החברה הדרומית לשיווק בעמ</ManufactureName>
      <ManufactureCountry />
      <ManufactureItemDescription />
      <UnitQty>יח`</UnitQty>
      <Quantity>200</Quantity>
      <UnitMeasure>מ"ל</UnitMeasure>
      <BisWeighted>0</BisWeighted>
      <QtyInPackage>1</QtyInPackage>
      <ItemPrice>12.90</ItemPrice>
      <UnitOfMeasurePrice>6.45</UnitOfMeasurePrice>
      <AllowDiscount>0</AllowDiscount>
      <itemStatus>1</itemStatus>
      <LastUpdateDate />
      <LastUpdateTime />
    </Product>
    <Product>
      <PriceUpdateDate>2019/06/02 12:48</PriceUpdateDate>
      <ItemCode>7290108351996</ItemCode>
      <ItemType>1</ItemType>
      <ItemName>מרסס בייבי לחיטוי משטחים 750 מל סנו</ItemName>
      <ManufactureName>החברה הדרומית לשיווק בעמ</ManufactureName>
      <ManufactureCountry />
      <ManufactureItemDescription />
      <UnitQty>יח`</UnitQty>
      <Quantity>750</Quantity>
      <UnitMeasure>מ"ל</UnitMeasure>
      <BisWeighted>0</BisWeighted>
      <QtyInPackage>1</QtyInPackage>
      <ItemPrice>15.90</ItemPrice>
      <UnitOfMeasurePrice>2.12</UnitOfMeasurePrice>
      <AllowDiscount>0</AllowDiscount>
      <itemStatus>1</itemStatus>
      <LastUpdateDate />
      <LastUpdateTime />
    </Product>
    <Product>
      <PriceUpdateDate>2020/04/21 06:40</PriceUpdateDate>
      <ItemCode>7290108352009</ItemCode>
      <ItemType>1</ItemType>
      <ItemName>קפסולות ספארק למדיח</ItemName>
      <ManufactureName>החברה הדרומית לשיווק בעמ</ManufactureName>
      <ManufactureCountry />
      <ManufactureItemDescription />
      <UnitQty>יח`</UnitQty>
      <Quantity>1</Quantity>
      <UnitMeasure />
      <BisWeighted>0</BisWeighted>
      <QtyInPackage>1</QtyInPackage>
      <ItemPrice>39.90</ItemPrice>
      <UnitOfMeasurePrice>39.90</UnitOfMeasurePrice>
      <AllowDiscount>0</AllowDiscount>
      <itemStatus>1</itemStatus>
      <LastUpdateDate />
      <LastUpdateTime />
    </Product>
    <Product>
      <PriceUpdateDate>2017/08/06 09:56</PriceUpdateDate>
      <ItemCode>7290108352641</ItemCode>
      <ItemType>1</ItemType>
      <ItemName>מטלית הפלא לניקוי כללי במארז שליישיה סנו</ItemName>
      <ManufactureName>החברה הדרומית לשיווק בעמ</ManufactureName>
      <ManufactureCountry />
      <ManufactureItemDescription />
      <UnitQty>יח`</UnitQty>
      <Quantity>1</Quantity>
      <UnitMeasure />
      <BisWeighted>0</BisWeighted>
      <QtyInPackage>1</QtyInPackage>
      <ItemPrice>14.90</ItemPrice>
      <UnitOfMeasurePrice>14.90</UnitOfMeasurePrice>
      <AllowDiscount>0</AllowDiscount>
      <itemStatus>1</itemStatus>
      <LastUpdateDate />
      <LastUpdateTime />
    </Product>
    <Product>
      <PriceUpdateDate>2017/08/06 09:56</PriceUpdateDate>
      <ItemCode>7290108352672</ItemCode>
      <ItemType>1</ItemType>
      <ItemName>מטלית הפלא לריצפה צמד במארז סנו סושי</ItemName>
      <ManufactureName>החברה הדרומית לשיווק בעמ</ManufactureName>
      <ManufactureCountry />
      <ManufactureItemDescription />
      <UnitQty>יח`</UnitQty>
      <Quantity>1</Quantity>
      <UnitMeasure />
      <BisWeighted>0</BisWeighted>
      <QtyInPackage>1</QtyInPackage>
      <ItemPrice>19.90</ItemPrice>
      <UnitOfMeasurePrice>19.90</UnitOfMeasurePrice>
      <AllowDiscount>0</AllowDiscount>
      <itemStatus>1</itemStatus>
      <LastUpdateDate />
      <LastUpdateTime />
    </Product>
    <Product>
      <PriceUpdateDate>2016/07/27 08:37</PriceUpdateDate>
      <ItemCode>7290108352689</ItemCode>
      <ItemType>1</ItemType>
      <ItemName>כרית קרצוף ללכלוך קשה סנו סושי) (9</ItemName>
      <ManufactureName>החברה הדרומית לשיווק בעמ</ManufactureName>
      <ManufactureCountry />
      <ManufactureItemDescription />
      <UnitQty>יח`</UnitQty>
      <Quantity>1</Quantity>
      <UnitMeasure />
      <BisWeighted>0</BisWeighted>
      <QtyInPackage>1</QtyInPackage>
      <ItemPrice>11.90</ItemPrice>
      <UnitOfMeasurePrice>11.90</UnitOfMeasurePrice>
      <AllowDiscount>0</AllowDiscount>
      <itemStatus>1</itemStatus>
      <LastUpdateDate />
      <LastUpdateTime />
    </Product>
    <Product>
      <PriceUpdateDate>2019/02/03 12:17</PriceUpdateDate>
      <ItemCode>7290108352788</ItemCode>
      <ItemType>1</ItemType>
      <ItemName>שקית זיפר 20 יח מידה L סנו סושי</ItemName>
      <ManufactureName>החברה הדרומית לשיווק בעמ</ManufactureName>
      <ManufactureCountry />
      <ManufactureItemDescription />
      <UnitQty>יח`</UnitQty>
      <Quantity>1</Quantity>
      <UnitMeasure />
      <BisWeighted>0</BisWeighted>
      <QtyInPackage>1</QtyInPackage>
      <ItemPrice>11.90</ItemPrice>
      <UnitOfMeasurePrice>11.90</UnitOfMeasurePrice>
      <AllowDiscount>0</AllowDiscount>
      <itemStatus>1</itemStatus>
      <LastUpdateDate />
      <LastUpdateTime />
    </Product>
    <Product>
      <PriceUpdateDate>2019/02/03 12:17</PriceUpdateDate>
      <ItemCode>7290108352795</ItemCode>
      <ItemType>1</ItemType>
      <ItemName>שקית זיפר 50 יח במידה M סנו סושי</ItemName>
      <ManufactureName>החברה הדרומית לשיווק בעמ</ManufactureName>
      <ManufactureCountry />
      <ManufactureItemDescription />
      <UnitQty>יח`</UnitQty>
      <Quantity>1</Quantity>
      <UnitMeasure />
      <BisWeighted>0</BisWeighted>
      <QtyInPackage>1</QtyInPackage>
      <ItemPrice>11.90</ItemPrice>
      <UnitOfMeasurePrice>11.90</UnitOfMeasurePrice>
      <AllowDiscount>0</AllowDiscount>
      <itemStatus>1</itemStatus>
      <LastUpdateDate />
      <LastUpdateTime />
    </Product>
    <Product>
      <PriceUpdateDate>2019/02/11 09:35</PriceUpdateDate>
      <ItemCode>7290108352818</ItemCode>
      <ItemType>1</ItemType>
      <ItemName>מטלית במבוק לניקוי סנו סושי</ItemName>
      <ManufactureName>החברה הדרומית לשיווק בעמ</ManufactureName>
      <ManufactureCountry />
      <ManufactureItemDescription />
      <UnitQty>יח`</UnitQty>
      <Quantity>1</Quantity>
      <UnitMeasure />
      <BisWeighted>0</BisWeighted>
      <QtyInPackage>1</QtyInPackage>
      <ItemPrice>8.90</ItemPrice>
      <UnitOfMeasurePrice>8.90</UnitOfMeasurePrice>
      <AllowDiscount>0</AllowDiscount>
      <itemStatus>1</itemStatus>
      <LastUpdateDate />
      <LastUpdateTime />
    </Product>
    <Product>
      <PriceUpdateDate>2018/07/22 11:52</PriceUpdateDate>
      <ItemCode>7290108352825</ItemCode>
      <ItemType>1</ItemType>
      <ItemName>ספוג הפלא נירוסטה סנו סושי</ItemName>
      <ManufactureName>החברה הדרומית לשיווק בעמ</ManufactureName>
      <ManufactureCountry />
      <ManufactureItemDescription />
      <UnitQty>יח`</UnitQty>
      <Quantity>1</Quantity>
      <UnitMeasure />
      <BisWeighted>0</BisWeighted>
      <QtyInPackage>1</QtyInPackage>
      <ItemPrice>10.90</ItemPrice>
      <UnitOfMeasurePrice>10.90</UnitOfMeasurePrice>
      <AllowDiscount>0</AllowDiscount>
      <itemStatus>1</itemStatus>
      <LastUpdateDate />
      <LastUpdateTime />
    </Product>
    <Product>
      <PriceUpdateDate>2018/10/25 11:07</PriceUpdateDate>
      <ItemCode>7290108352863</ItemCode>
      <ItemType>1</ItemType>
      <ItemName>10 שקיות צלייה XL סנו סושי</ItemName>
      <ManufactureName>החברה הדרומית לשיווק בעמ</ManufactureName>
      <ManufactureCountry />
      <ManufactureItemDescription />
      <UnitQty>יח`</UnitQty>
      <Quantity>1</Quantity>
      <UnitMeasure />
      <BisWeighted>0</BisWeighted>
      <QtyInPackage>1</QtyInPackage>
      <ItemPrice>8.90</ItemPrice>
      <UnitOfMeasurePrice>8.90</UnitOfMeasurePrice>
      <AllowDiscount>0</AllowDiscount>
      <itemStatus>1</itemStatus>
      <LastUpdateDate />
      <LastUpdateTime />
    </Product>
    <Product>
      <PriceUpdateDate>2018/10/14 13:06</PriceUpdateDate>
      <ItemCode>7290108352870</ItemCode>
      <ItemType>1</ItemType>
      <ItemName>10 שקיות צלייה XL סנו סושי</ItemName>
      <ManufactureName>החברה הדרומית לשיווק בעמ</ManufactureName>
      <ManufactureCountry />
      <ManufactureItemDescription />
      <UnitQty>יח`</UnitQty>
      <Quantity>1</Quantity>
      <UnitMeasure />
      <BisWeighted>0</BisWeighted>
      <QtyInPackage>1</QtyInPackage>
      <ItemPrice>8.90</ItemPrice>
      <UnitOfMeasurePrice>8.90</UnitOfMeasurePrice>
      <AllowDiscount>0</AllowDiscount>
      <itemStatus>1</itemStatus>
      <LastUpdateDate />
      <LastUpdateTime />
    </Product>
    <Product>
      <PriceUpdateDate>2019/04/07 10:02</PriceUpdateDate>
      <ItemCode>7290108352917</ItemCode>
      <ItemType>1</ItemType>
      <ItemName>כפפות כחולות ניטריל 80 יח-סנו  סושי(מי </ItemName>
      <ManufactureName>החברה הדרומית לשיווק בעמ</ManufactureName>
      <ManufactureCountry />
      <ManufactureItemDescription />
      <UnitQty>יח`</UnitQty>
      <Quantity>1</Quantity>
      <UnitMeasure />
      <BisWeighted>0</BisWeighted>
      <QtyInPackage>1</QtyInPackage>
      <ItemPrice>24.90</ItemPrice>
      <UnitOfMeasurePrice>24.90</UnitOfMeasurePrice>
      <AllowDiscount>0</AllowDiscount>
      <itemStatus>1</itemStatus>
      <LastUpdateDate />
      <LastUpdateTime />
    </Product>
    <Product>
      <PriceUpdateDate>2019/04/07 10:02</PriceUpdateDate>
      <ItemCode>7290108352924</ItemCode>
      <ItemType>1</ItemType>
      <ItemName>כפפות כחולות ניטריל 80 יח-סנו  סושי(מי </ItemName>
      <ManufactureName>החברה הדרומית לשיווק בעמ</ManufactureName>
      <ManufactureCountry />
      <ManufactureItemDescription />
      <UnitQty>יח`</UnitQty>
      <Quantity>1</Quantity>
      <UnitMeasure />
      <BisWeighted>0</BisWeighted>
      <QtyInPackage>1</QtyInPackage>
      <ItemPrice>24.90</ItemPrice>
      <UnitOfMeasurePrice>24.90</UnitOfMeasurePrice>
      <AllowDiscount>0</AllowDiscount>
      <itemStatus>1</itemStatus>
      <LastUpdateDate />
      <LastUpdateTime />
    </Product>
    <Product>
      <PriceUpdateDate>2019/06/02 12:48</PriceUpdateDate>
      <ItemCode>7290108353006</ItemCode>
      <ItemType>1</ItemType>
      <ItemName>שקיות מזון סנו סושי) (300</ItemName>
      <ManufactureName>החברה הדרומית לשיווק בעמ</ManufactureName>
      <ManufactureCountry />
      <ManufactureItemDescription />
      <UnitQty>יח`</UnitQty>
      <Quantity>1</Quantity>
      <UnitMeasure />
      <BisWeighted>0</BisWeighted>
      <QtyInPackage>1</QtyInPackage>
      <ItemPrice>11.90</ItemPrice>
      <UnitOfMeasurePrice>11.90</UnitOfMeasurePrice>
      <AllowDiscount>0</AllowDiscount>
      <itemStatus>1</itemStatus>
      <LastUpdateDate />
      <LastUpdateTime />
    </Product>
    <Product>
      <PriceUpdateDate>2019/07/21 09:54</PriceUpdateDate>
      <ItemCode>7290108353068</ItemCode>
      <ItemType>1</ItemType>
      <ItemName>כרית קרצוף עם סיבי נירוסטה</ItemName>
      <ManufactureName>החברה הדרומית לשיווק בעמ</ManufactureName>
      <ManufactureCountry />
      <ManufactureItemDescription />
      <UnitQty>יח`</UnitQty>
      <Quantity>1</Quantity>
      <UnitMeasure />
      <BisWeighted>0</BisWeighted>
      <QtyInPackage>1</QtyInPackage>
      <ItemPrice>9.90</ItemPrice>
      <UnitOfMeasurePrice>9.90</UnitOfMeasurePrice>
      <AllowDiscount>0</AllowDiscount>
      <itemStatus>1</itemStatus>
      <LastUpdateDate />
      <LastUpdateTime />
    </Product>
    <Product>
      <PriceUpdateDate>2019/07/03 08:51</PriceUpdateDate>
      <ItemCode>7290108353075</ItemCode>
      <ItemType>1</ItemType>
      <ItemName>מפיות אירוח איכותיות  סנו( 50 יח)</ItemName>
      <ManufactureName>החברה הדרומית לשיווק בעמ</ManufactureName>
      <ManufactureCountry />
      <ManufactureItemDescription />
      <UnitQty>יח`</UnitQty>
      <Quantity>1</Quantity>
      <UnitMeasure />
      <BisWeighted>0</BisWeighted>
      <QtyInPackage>1</QtyInPackage>
      <ItemPrice>11.90</ItemPrice>
      <UnitOfMeasurePrice>11.90</UnitOfMeasurePrice>
      <AllowDiscount>0</AllowDiscount>
      <itemStatus>1</itemStatus>
      <LastUpdateDate />
      <LastUpdateTime />
    </Product>
    <Product>
      <PriceUpdateDate>2019/07/21 09:54</PriceUpdateDate>
      <ItemCode>7290108353099</ItemCode>
      <ItemType>1</ItemType>
      <ItemName>ממחטות אף סנו סופט חמישייה</ItemName>
      <ManufactureName>החברה הדרומית לשיווק בעמ</ManufactureName>
      <ManufactureCountry />
      <ManufactureItemDescription />
      <UnitQty>יח`</UnitQty>
      <Quantity>1</Quantity>
      <UnitMeasure />
      <BisWeighted>0</BisWeighted>
      <QtyInPackage>1</QtyInPackage>
      <ItemPrice>11.90</ItemPrice>
      <UnitOfMeasurePrice>11.90</UnitOfMeasurePrice>
      <AllowDiscount>0</AllowDiscount>
      <itemStatus>1</itemStatus>
      <LastUpdateDate />
      <LastUpdateTime />
    </Product>
    <Product>
      <PriceUpdateDate>2019/10/23 09:37</PriceUpdateDate>
      <ItemCode>7290108353334</ItemCode>
      <ItemType>1</ItemType>
      <ItemName>כיף שמפו לשיער למניעת קשקשים 700</ItemName>
      <ManufactureName>החברה הדרומית לשיווק בעמ</ManufactureName>
      <ManufactureCountry />
      <ManufactureItemDescription />
      <UnitQty>יח`</UnitQty>
      <Quantity>700</Quantity>
      <UnitMeasure>מ"ל</UnitMeasure>
      <BisWeighted>0</BisWeighted>
      <QtyInPackage>1</QtyInPackage>
      <ItemPrice>12.90</ItemPrice>
      <UnitOfMeasurePrice>1.84</UnitOfMeasurePrice>
      <AllowDiscount>0</AllowDiscount>
      <itemStatus>1</itemStatus>
      <LastUpdateDate />
      <LastUpdateTime />
    </Product>
    <Product>
      <PriceUpdateDate>2019/10/23 09:37</PriceUpdateDate>
      <ItemCode>7290108353341</ItemCode>
      <ItemType>1</ItemType>
      <ItemName>כיף מרכך לשיער למניעת קשקשים 700</ItemName>
      <ManufactureName>החברה הדרומית לשיווק בעמ</ManufactureName>
      <ManufactureCountry />
      <ManufactureItemDescription />
      <UnitQty>יח`</UnitQty>
      <Quantity>700</Quantity>
      <UnitMeasure>מ"ל</UnitMeasure>
      <BisWeighted>0</BisWeighted>
      <QtyInPackage>1</QtyInPackage>
      <ItemPrice>12.90</ItemPrice>
      <UnitOfMeasurePrice>1.84</UnitOfMeasurePrice>
      <AllowDiscount>0</AllowDiscount>
      <itemStatus>1</itemStatus>
      <LastUpdateDate />
      <LastUpdateTime />
    </Product>
    <Product>
      <PriceUpdateDate>2019/12/15 13:45</PriceUpdateDate>
      <ItemCode>7290108353501</ItemCode>
      <ItemType>1</ItemType>
      <ItemName>שקיות אשפה עם ידיות 25 יח סנו סושי</ItemName>
      <ManufactureName>החברה הדרומית לשיווק בעמ</ManufactureName>
      <ManufactureCountry />
      <ManufactureItemDescription />
      <UnitQty>יח`</UnitQty>
      <Quantity>1</Quantity>
      <UnitMeasure />
      <BisWeighted>0</BisWeighted>
      <QtyInPackage>1</QtyInPackage>
      <ItemPrice>19.90</ItemPrice>
      <UnitOfMeasurePrice>19.90</UnitOfMeasurePrice>
      <AllowDiscount>0</AllowDiscount>
      <itemStatus>1</itemStatus>
      <LastUpdateDate />
      <LastUpdateTime />
    </Product>
    <Product>
      <PriceUpdateDate>2019/12/15 13:45</PriceUpdateDate>
      <ItemCode>7290108353532</ItemCode>
      <ItemType>1</ItemType>
      <ItemName>שקית אשפה בגליל 100 יח סנו סושי</ItemName>
      <ManufactureName>החברה הדרומית לשיווק בעמ</ManufactureName>
      <ManufactureCountry />
      <ManufactureItemDescription />
      <UnitQty>יח`</UnitQty>
      <Quantity>1</Quantity>
      <UnitMeasure />
      <BisWeighted>0</BisWeighted>
      <QtyInPackage>1</QtyInPackage>
      <ItemPrice>29.90</ItemPrice>
      <UnitOfMeasurePrice>29.90</UnitOfMeasurePrice>
      <AllowDiscount>0</AllowDiscount>
      <itemStatus>1</itemStatus>
      <LastUpdateDate />
      <LastUpdateTime />
    </Product>
    <Product>
      <PriceUpdateDate>2018/12/19 10:30</PriceUpdateDate>
      <ItemCode>7290108354751</ItemCode>
      <ItemType>1</ItemType>
      <ItemName>ג`ט פלוס לניקוי כללי+סודה 750 ל סנו</ItemName>
      <ManufactureName>החברה הדרומית לשיווק בעמ</ManufactureName>
      <ManufactureCountry />
      <ManufactureItemDescription />
      <UnitQty>יח`</UnitQty>
      <Quantity>750</Quantity>
      <UnitMeasure>מ"ל</UnitMeasure>
      <BisWeighted>0</BisWeighted>
      <QtyInPackage>1</QtyInPackage>
      <ItemPrice>14.90</ItemPrice>
      <UnitOfMeasurePrice>1.99</UnitOfMeasurePrice>
      <AllowDiscount>0</AllowDiscount>
      <itemStatus>1</itemStatus>
      <LastUpdateDate />
      <LastUpdateTime />
    </Product>
    <Product>
      <PriceUpdateDate>2019/07/03 08:51</PriceUpdateDate>
      <ItemCode>7290108354904</ItemCode>
      <ItemType>1</ItemType>
      <ItemName>סבון מוצק קרמה  בוץ( 400 גר`)</ItemName>
      <ManufactureName>החברה הדרומית לשיווק בעמ</ManufactureName>
      <ManufactureCountry />
      <ManufactureItemDescription />
      <UnitQty>יח`</UnitQty>
      <Quantity>400</Quantity>
      <UnitMeasure>גרם</UnitMeasure>
      <BisWeighted>0</BisWeighted>
      <QtyInPackage>1</QtyInPackage>
      <ItemPrice>12.90</ItemPrice>
      <UnitOfMeasurePrice>3.23</UnitOfMeasurePrice>
      <AllowDiscount>0</AllowDiscount>
      <itemStatus>1</itemStatus>
      <LastUpdateDate />
      <LastUpdateTime />
    </Product>
    <Product>
      <PriceUpdateDate>2016/04/15 08:00</PriceUpdateDate>
      <ItemCode>7290108355017</ItemCode>
      <ItemType>1</ItemType>
      <ItemName>מרכך לילדים מיניונים נקה 7 (750 מל)</ItemName>
      <ManufactureName>החברה הדרומית לשיווק בעמ</ManufactureName>
      <ManufactureCountry />
      <ManufactureItemDescription />
      <UnitQty>יח`</UnitQty>
      <Quantity>750</Quantity>
      <UnitMeasure>מ"ל</UnitMeasure>
      <BisWeighted>0</BisWeighted>
      <QtyInPackage>1</QtyInPackage>
      <ItemPrice>14.90</ItemPrice>
      <UnitOfMeasurePrice>1.99</UnitOfMeasurePrice>
      <AllowDiscount>1</AllowDiscount>
      <itemStatus>1</itemStatus>
      <LastUpdateDate />
      <LastUpdateTime />
    </Product>
    <Product>
      <PriceUpdateDate>2016/04/15 08:00</PriceUpdateDate>
      <ItemCode>7290108355024</ItemCode>
      <ItemType>1</ItemType>
      <ItemName>שמפו/מרכך מיניונים נקה 7 - קידס</ItemName>
      <ManufactureName>החברה הדרומית לשיווק בעמ</ManufactureName>
      <ManufactureCountry />
      <ManufactureItemDescription />
      <UnitQty>יח`</UnitQty>
      <Quantity>750</Quantity>
      <UnitMeasure>מ"ל</UnitMeasure>
      <BisWeighted>0</BisWeighted>
      <QtyInPackage>1</QtyInPackage>
      <ItemPrice>14.90</ItemPrice>
      <UnitOfMeasurePrice>1.99</UnitOfMeasurePrice>
      <AllowDiscount>1</AllowDiscount>
      <itemStatus>1</itemStatus>
      <LastUpdateDate />
      <LastUpdateTime />
    </Product>
    <Product>
      <PriceUpdateDate>2016/04/15 08:00</PriceUpdateDate>
      <ItemCode>7290108355031</ItemCode>
      <ItemType>1</ItemType>
      <ItemName>אל סבון מיניונים נקה 7 - קידס</ItemName>
      <ManufactureName>החברה הדרומית לשיווק בעמ</ManufactureName>
      <ManufactureCountry />
      <ManufactureItemDescription />
      <UnitQty>יח`</UnitQty>
      <Quantity>750</Quantity>
      <UnitMeasure>מ"ל</UnitMeasure>
      <BisWeighted>0</BisWeighted>
      <QtyInPackage>1</QtyInPackage>
      <ItemPrice>14.90</ItemPrice>
      <UnitOfMeasurePrice>1.99</UnitOfMeasurePrice>
      <AllowDiscount>1</AllowDiscount>
      <itemStatus>1</itemStatus>
      <LastUpdateDate />
      <LastUpdateTime />
    </Product>
    <Product>
      <PriceUpdateDate>2018/07/01 14:10</PriceUpdateDate>
      <ItemCode>7290108355147</ItemCode>
      <ItemType>1</ItemType>
      <ItemName>תחליב רחצה שמנהי הזנה נקה  (7507 מל)</ItemName>
      <ManufactureName>החברה הדרומית לשיווק בעמ</ManufactureName>
      <ManufactureCountry />
      <ManufactureItemDescription />
      <UnitQty>יח`</UnitQty>
      <Quantity>750</Quantity>
      <UnitMeasure>מ"ל</UnitMeasure>
      <BisWeighted>0</BisWeighted>
      <QtyInPackage>1</QtyInPackage>
      <ItemPrice>11.90</ItemPrice>
      <UnitOfMeasurePrice>1.59</UnitOfMeasurePrice>
      <AllowDiscount>0</AllowDiscount>
      <itemStatus>1</itemStatus>
      <LastUpdateDate />
      <LastUpdateTime />
    </Product>
    <Product>
      <PriceUpdateDate>2019/02/03 12:29</PriceUpdateDate>
      <ItemCode>7290108355154</ItemCode>
      <ItemType>1</ItemType>
      <ItemName>נקה 7 שמפו שמני הזנה 750 מל</ItemName>
      <ManufactureName>החברה הדרומית לשיווק בעמ</ManufactureName>
      <ManufactureCountry />
      <ManufactureItemDescription />
      <UnitQty>יח`</UnitQty>
      <Quantity>750</Quantity>
      <UnitMeasure>מ"ל</UnitMeasure>
      <BisWeighted>0</BisWeighted>
      <QtyInPackage>1</QtyInPackage>
      <ItemPrice>10.90</ItemPrice>
      <UnitOfMeasurePrice>1.45</UnitOfMeasurePrice>
      <AllowDiscount>1</AllowDiscount>
      <itemStatus>1</itemStatus>
      <LastUpdateDate />
      <LastUpdateTime />
    </Product>
    <Product>
      <PriceUpdateDate>2019/02/03 12:29</PriceUpdateDate>
      <ItemCode>7290108355161</ItemCode>
      <ItemType>1</ItemType>
      <ItemName>נקה 7 מרכך שמני הזנה 750 מל</ItemName>
      <ManufactureName>החברה הדרומית לשיווק בעמ</ManufactureName>
      <ManufactureCountry />
      <ManufactureItemDescription />
      <UnitQty>יח`</UnitQty>
      <Quantity>750</Quantity>
      <UnitMeasure>מ"ל</UnitMeasure>
      <BisWeighted>0</BisWeighted>
      <QtyInPackage>1</QtyInPackage>
      <ItemPrice>10.90</ItemPrice>
      <UnitOfMeasurePrice>1.45</UnitOfMeasurePrice>
      <AllowDiscount>1</AllowDiscount>
      <itemStatus>1</itemStatus>
      <LastUpdateDate />
      <LastUpdateTime />
    </Product>
    <Product>
      <PriceUpdateDate>2018/01/12 10:48</PriceUpdateDate>
      <ItemCode>7290108355192</ItemCode>
      <ItemType>1</ItemType>
      <ItemName>מרכך קרטין נטורל למניעת קשקשים (400 מל)</ItemName>
      <ManufactureName>החברה הדרומית לשיווק בעמ</ManufactureName>
      <ManufactureCountry />
      <ManufactureItemDescription />
      <UnitQty>יח`</UnitQty>
      <Quantity>400</Quantity>
      <UnitMeasure>מ"ל</UnitMeasure>
      <BisWeighted>0</BisWeighted>
      <QtyInPackage>1</QtyInPackage>
      <ItemPrice>29.90</ItemPrice>
      <UnitOfMeasurePrice>7.48</UnitOfMeasurePrice>
      <AllowDiscount>0</AllowDiscount>
      <itemStatus>1</itemStatus>
      <LastUpdateDate />
      <LastUpdateTime />
    </Product>
    <Product>
      <PriceUpdateDate>2019/06/20 15:39</PriceUpdateDate>
      <ItemCode>7290108355307</ItemCode>
      <ItemType>1</ItemType>
      <ItemName>נקה 7 שמפו 750 מל סירוק קל</ItemName>
      <ManufactureName>החברה הדרומית לשיווק בעמ</ManufactureName>
      <ManufactureCountry />
      <ManufactureItemDescription />
      <UnitQty>יח`</UnitQty>
      <Quantity>750</Quantity>
      <UnitMeasure>מ"ל</UnitMeasure>
      <BisWeighted>0</BisWeighted>
      <QtyInPackage>1</QtyInPackage>
      <ItemPrice>12.90</ItemPrice>
      <UnitOfMeasurePrice>1.72</UnitOfMeasurePrice>
      <AllowDiscount>0</AllowDiscount>
      <itemStatus>1</itemStatus>
      <LastUpdateDate />
      <LastUpdateTime />
    </Product>
    <Product>
      <PriceUpdateDate>2018/12/09 11:30</PriceUpdateDate>
      <ItemCode>7290108356007</ItemCode>
      <ItemType>1</ItemType>
      <ItemName>תחליב רחצה כיף בניחוח גלידת מרשמלו 700</ItemName>
      <ManufactureName>החברה הדרומית לשיווק בעמ</ManufactureName>
      <ManufactureCountry />
      <ManufactureItemDescription />
      <UnitQty>יח`</UnitQty>
      <Quantity>700</Quantity>
      <UnitMeasure>מ"ל</UnitMeasure>
      <BisWeighted>0</BisWeighted>
      <QtyInPackage>1</QtyInPackage>
      <ItemPrice>12.90</ItemPrice>
      <UnitOfMeasurePrice>1.84</UnitOfMeasurePrice>
      <AllowDiscount>0</AllowDiscount>
      <itemStatus>1</itemStatus>
      <LastUpdateDate />
      <LastUpdateTime />
    </Product>
    <Product>
      <PriceUpdateDate>2019/07/25 08:42</PriceUpdateDate>
      <ItemCode>7290108356014</ItemCode>
      <ItemType>1</ItemType>
      <ItemName>תחליב רחצה כיף מסקרפונה ופירות 700</ItemName>
      <ManufactureName>החברה הדרומית לשיווק בעמ</ManufactureName>
      <ManufactureCountry />
      <ManufactureItemDescription />
      <UnitQty>יח`</UnitQty>
      <Quantity>700</Quantity>
      <UnitMeasure>מ"ל</UnitMeasure>
      <BisWeighted>0</BisWeighted>
      <QtyInPackage>1</QtyInPackage>
      <ItemPrice>12.90</ItemPrice>
      <UnitOfMeasurePrice>1.84</UnitOfMeasurePrice>
      <AllowDiscount>0</AllowDiscount>
      <itemStatus>1</itemStatus>
      <LastUpdateDate />
      <LastUpdateTime />
    </Product>
    <Product>
      <PriceUpdateDate>2018/12/09 11:30</PriceUpdateDate>
      <ItemCode>7290108356021</ItemCode>
      <ItemType>1</ItemType>
      <ItemName>תחליב רחצה כיף בניחוח קרם עוגיות 700</ItemName>
      <ManufactureName>החברה הדרומית לשיווק בעמ</ManufactureName>
      <ManufactureCountry />
      <ManufactureItemDescription />
      <UnitQty>יח`</UnitQty>
      <Quantity>700</Quantity>
      <UnitMeasure>מ"ל</UnitMeasure>
      <BisWeighted>0</BisWeighted>
      <QtyInPackage>1</QtyInPackage>
      <ItemPrice>12.90</ItemPrice>
      <UnitOfMeasurePrice>1.84</UnitOfMeasurePrice>
      <AllowDiscount>0</AllowDiscount>
      <itemStatus>1</itemStatus>
      <LastUpdateDate />
      <LastUpdateTime />
    </Product>
    <Product>
      <PriceUpdateDate>2018/12/09 11:30</PriceUpdateDate>
      <ItemCode>7290108356038</ItemCode>
      <ItemType>1</ItemType>
      <ItemName>תחליב רחצה כיף בניחוח גלידת שוקולד 700</ItemName>
      <ManufactureName>החברה הדרומית לשיווק בעמ</ManufactureName>
      <ManufactureCountry />
      <ManufactureItemDescription />
      <UnitQty>יח`</UnitQty>
      <Quantity>700</Quantity>
      <UnitMeasure>מ"ל</UnitMeasure>
      <BisWeighted>0</BisWeighted>
      <QtyInPackage>1</QtyInPackage>
      <ItemPrice>12.90</ItemPrice>
      <UnitOfMeasurePrice>1.84</UnitOfMeasurePrice>
      <AllowDiscount>0</AllowDiscount>
      <itemStatus>1</itemStatus>
      <LastUpdateDate />
      <LastUpdateTime />
    </Product>
    <Product>
      <PriceUpdateDate>2018/12/09 11:30</PriceUpdateDate>
      <ItemCode>7290108356106</ItemCode>
      <ItemType>1</ItemType>
      <ItemName>תחליב רחצה כיף ניחוח שקד 700 מל</ItemName>
      <ManufactureName>החברה הדרומית לשיווק בעמ</ManufactureName>
      <ManufactureCountry />
      <ManufactureItemDescription />
      <UnitQty>יח`</UnitQty>
      <Quantity>700</Quantity>
      <UnitMeasure>מ"ל</UnitMeasure>
      <BisWeighted>0</BisWeighted>
      <QtyInPackage>1</QtyInPackage>
      <ItemPrice>12.90</ItemPrice>
      <UnitOfMeasurePrice>1.84</UnitOfMeasurePrice>
      <AllowDiscount>1</AllowDiscount>
      <itemStatus>1</itemStatus>
      <LastUpdateDate />
      <LastUpdateTime />
    </Product>
    <Product>
      <PriceUpdateDate>2018/12/09 11:30</PriceUpdateDate>
      <ItemCode>7290108356113</ItemCode>
      <ItemType>1</ItemType>
      <ItemName>תחליב רחצה כיף ניחוח דבש 700 מל</ItemName>
      <ManufactureName>החברה הדרומית לשיווק בעמ</ManufactureName>
      <ManufactureCountry />
      <ManufactureItemDescription />
      <UnitQty>יח`</UnitQty>
      <Quantity>700</Quantity>
      <UnitMeasure>מ"ל</UnitMeasure>
      <BisWeighted>0</BisWeighted>
      <QtyInPackage>1</QtyInPackage>
      <ItemPrice>12.90</ItemPrice>
      <UnitOfMeasurePrice>1.84</UnitOfMeasurePrice>
      <AllowDiscount>1</AllowDiscount>
      <itemStatus>1</itemStatus>
      <LastUpdateDate />
      <LastUpdateTime />
    </Product>
    <Product>
      <PriceUpdateDate>2018/12/09 11:30</PriceUpdateDate>
      <ItemCode>7290108356137</ItemCode>
      <ItemType>1</ItemType>
      <ItemName>תחליב רחצה כיף ניחוח לבנדר 700 מל</ItemName>
      <ManufactureName>החברה הדרומית לשיווק בעמ</ManufactureName>
      <ManufactureCountry />
      <ManufactureItemDescription />
      <UnitQty>יח`</UnitQty>
      <Quantity>700</Quantity>
      <UnitMeasure>מ"ל</UnitMeasure>
      <BisWeighted>0</BisWeighted>
      <QtyInPackage>1</QtyInPackage>
      <ItemPrice>12.90</ItemPrice>
      <UnitOfMeasurePrice>1.84</UnitOfMeasurePrice>
      <AllowDiscount>1</AllowDiscount>
      <itemStatus>1</itemStatus>
      <LastUpdateDate />
      <LastUpdateTime />
    </Product>
    <Product>
      <PriceUpdateDate>2020/05/01 06:20</PriceUpdateDate>
      <ItemCode>7290108356144</ItemCode>
      <ItemType>1</ItemType>
      <ItemName>תחליב רחצה כיף בניחוח שמן אמבר וגרדניה 7</ItemName>
      <ManufactureName>החברה הדרומית לשיווק בעמ</ManufactureName>
      <ManufactureCountry />
      <ManufactureItemDescription />
      <UnitQty>יח`</UnitQty>
      <Quantity>700</Quantity>
      <UnitMeasure>מ"ל</UnitMeasure>
      <BisWeighted>0</BisWeighted>
      <QtyInPackage>1</QtyInPackage>
      <ItemPrice>12.90</ItemPrice>
      <UnitOfMeasurePrice>1.84</UnitOfMeasurePrice>
      <AllowDiscount>0</AllowDiscount>
      <itemStatus>1</itemStatus>
      <LastUpdateDate />
      <LastUpdateTime />
    </Product>
    <Product>
      <PriceUpdateDate>2018/12/09 11:30</PriceUpdateDate>
      <ItemCode>7290108356151</ItemCode>
      <ItemType>1</ItemType>
      <ItemName>תחליב רחצה כיף ניחוח מאסק יסמין 700 מל</ItemName>
      <ManufactureName>החברה הדרומית לשיווק בעמ</ManufactureName>
      <ManufactureCountry />
      <ManufactureItemDescription />
      <UnitQty>יח`</UnitQty>
      <Quantity>700</Quantity>
      <UnitMeasure>מ"ל</UnitMeasure>
      <BisWeighted>0</BisWeighted>
      <QtyInPackage>1</QtyInPackage>
      <ItemPrice>12.90</ItemPrice>
      <UnitOfMeasurePrice>1.84</UnitOfMeasurePrice>
      <AllowDiscount>1</AllowDiscount>
      <itemStatus>1</itemStatus>
      <LastUpdateDate />
      <LastUpdateTime />
    </Product>
    <Product>
      <PriceUpdateDate>2018/12/09 11:30</PriceUpdateDate>
      <ItemCode>7290108356168</ItemCode>
      <ItemType>1</ItemType>
      <ItemName>תחליב רחצה כיף ניחוח אוקיינס 700 מל</ItemName>
      <ManufactureName>החברה הדרומית לשיווק בעמ</ManufactureName>
      <ManufactureCountry />
      <ManufactureItemDescription />
      <UnitQty>יח`</UnitQty>
      <Quantity>700</Quantity>
      <UnitMeasure>מ"ל</UnitMeasure>
      <BisWeighted>0</BisWeighted>
      <QtyInPackage>1</QtyInPackage>
      <ItemPrice>12.90</ItemPrice>
      <UnitOfMeasurePrice>1.84</UnitOfMeasurePrice>
      <AllowDiscount>1</AllowDiscount>
      <itemStatus>1</itemStatus>
      <LastUpdateDate />
      <LastUpdateTime />
    </Product>
    <Product>
      <PriceUpdateDate>2020/05/01 06:20</PriceUpdateDate>
      <ItemCode>7290108356281</ItemCode>
      <ItemType>1</ItemType>
      <ItemName>תחליב רחצה כיף בניחוח אננס וקוקס 700</ItemName>
      <ManufactureName>החברה הדרומית לשיווק בעמ</ManufactureName>
      <ManufactureCountry />
      <ManufactureItemDescription />
      <UnitQty>יח`</UnitQty>
      <Quantity>700</Quantity>
      <UnitMeasure>מ"ל</UnitMeasure>
      <BisWeighted>0</BisWeighted>
      <QtyInPackage>1</QtyInPackage>
      <ItemPrice>12.90</ItemPrice>
      <UnitOfMeasurePrice>1.84</UnitOfMeasurePrice>
      <AllowDiscount>0</AllowDiscount>
      <itemStatus>1</itemStatus>
      <LastUpdateDate />
      <LastUpdateTime />
    </Product>
    <Product>
      <PriceUpdateDate>2020/05/01 06:20</PriceUpdateDate>
      <ItemCode>7290108356304</ItemCode>
      <ItemType>1</ItemType>
      <ItemName>תחליב רחצה בניחוח וטיבר ומלח ים 700</ItemName>
      <ManufactureName>החברה הדרומית לשיווק בעמ</ManufactureName>
      <ManufactureCountry />
      <ManufactureItemDescription />
      <UnitQty>יח`</UnitQty>
      <Quantity>700</Quantity>
      <UnitMeasure>מ"ל</UnitMeasure>
      <BisWeighted>0</BisWeighted>
      <QtyInPackage>1</QtyInPackage>
      <ItemPrice>12.90</ItemPrice>
      <UnitOfMeasurePrice>1.84</UnitOfMeasurePrice>
      <AllowDiscount>0</AllowDiscount>
      <itemStatus>1</itemStatus>
      <LastUpdateDate />
      <LastUpdateTime />
    </Product>
    <Product>
      <PriceUpdateDate>2020/05/01 06:20</PriceUpdateDate>
      <ItemCode>7290108356328</ItemCode>
      <ItemType>1</ItemType>
      <ItemName>תחליב רחצה כיף בניחוח ברגמוט ונרולי 700</ItemName>
      <ManufactureName>החברה הדרומית לשיווק בעמ</ManufactureName>
      <ManufactureCountry />
      <ManufactureItemDescription />
      <UnitQty>יח`</UnitQty>
      <Quantity>700</Quantity>
      <UnitMeasure>מ"ל</UnitMeasure>
      <BisWeighted>0</BisWeighted>
      <QtyInPackage>1</QtyInPackage>
      <ItemPrice>12.90</ItemPrice>
      <UnitOfMeasurePrice>1.84</UnitOfMeasurePrice>
      <AllowDiscount>0</AllowDiscount>
      <itemStatus>1</itemStatus>
      <LastUpdateDate />
      <LastUpdateTime />
    </Product>
    <Product>
      <PriceUpdateDate>2020/01/26 12:59</PriceUpdateDate>
      <ItemCode>7290108357189</ItemCode>
      <ItemType>1</ItemType>
      <ItemName>סנו מקסימה למייבש 750 מל</ItemName>
      <ManufactureName>החברה הדרומית לשיווק בעמ</ManufactureName>
      <ManufactureCountry />
      <ManufactureItemDescription />
      <UnitQty>יח`</UnitQty>
      <Quantity>750</Quantity>
      <UnitMeasure>מ"ל</UnitMeasure>
      <BisWeighted>0</BisWeighted>
      <QtyInPackage>1</QtyInPackage>
      <ItemPrice>19.90</ItemPrice>
      <UnitOfMeasurePrice>2.65</UnitOfMeasurePrice>
      <AllowDiscount>0</AllowDiscount>
      <itemStatus>1</itemStatus>
      <LastUpdateDate />
      <LastUpdateTime />
    </Product>
    <Product>
      <PriceUpdateDate>2019/02/18 14:14</PriceUpdateDate>
      <ItemCode>7290108357707</ItemCode>
      <ItemType>1</ItemType>
      <ItemName>כיף שמפו לשיער רגיל תפוח זרעי צ`יה 700</ItemName>
      <ManufactureName>החברה הדרומית לשיווק בעמ</ManufactureName>
      <ManufactureCountry />
      <ManufactureItemDescription />
      <UnitQty>יח`</UnitQty>
      <Quantity>700</Quantity>
      <UnitMeasure>מ"ל</UnitMeasure>
      <BisWeighted>0</BisWeighted>
      <QtyInPackage>1</QtyInPackage>
      <ItemPrice>12.90</ItemPrice>
      <UnitOfMeasurePrice>1.84</UnitOfMeasurePrice>
      <AllowDiscount>1</AllowDiscount>
      <itemStatus>1</itemStatus>
      <LastUpdateDate />
      <LastUpdateTime />
    </Product>
    <Product>
      <PriceUpdateDate>2019/02/18 14:14</PriceUpdateDate>
      <ItemCode>7290108357714</ItemCode>
      <ItemType>1</ItemType>
      <ItemName>כיף שמפו לשיער רגיל יבש רימונים ושמן ארג</ItemName>
      <ManufactureName>החברה הדרומית לשיווק בעמ</ManufactureName>
      <ManufactureCountry />
      <ManufactureItemDescription />
      <UnitQty>יח`</UnitQty>
      <Quantity>700</Quantity>
      <UnitMeasure>מ"ל</UnitMeasure>
      <BisWeighted>0</BisWeighted>
      <QtyInPackage>1</QtyInPackage>
      <ItemPrice>12.90</ItemPrice>
      <UnitOfMeasurePrice>1.84</UnitOfMeasurePrice>
      <AllowDiscount>1</AllowDiscount>
      <itemStatus>1</itemStatus>
      <LastUpdateDate />
      <LastUpdateTime />
    </Product>
    <Product>
      <PriceUpdateDate>2019/02/18 14:14</PriceUpdateDate>
      <ItemCode>7290108357745</ItemCode>
      <ItemType>1</ItemType>
      <ItemName>כיף שמפו ומרכך 2+1 תאנה ומנטה 700</ItemName>
      <ManufactureName>החברה הדרומית לשיווק בעמ</ManufactureName>
      <ManufactureCountry />
      <ManufactureItemDescription />
      <UnitQty>יח`</UnitQty>
      <Quantity>700</Quantity>
      <UnitMeasure>מ"ל</UnitMeasure>
      <BisWeighted>0</BisWeighted>
      <QtyInPackage>1</QtyInPackage>
      <ItemPrice>12.90</ItemPrice>
      <UnitOfMeasurePrice>1.84</UnitOfMeasurePrice>
      <AllowDiscount>1</AllowDiscount>
      <itemStatus>1</itemStatus>
      <LastUpdateDate />
      <LastUpdateTime />
    </Product>
    <Product>
      <PriceUpdateDate>2019/02/18 14:14</PriceUpdateDate>
      <ItemCode>7290108357752</ItemCode>
      <ItemType>1</ItemType>
      <ItemName>כיף שמפו לשיער מעוצב קרטין וחמאת שיאה 70</ItemName>
      <ManufactureName>החברה הדרומית לשיווק בעמ</ManufactureName>
      <ManufactureCountry />
      <ManufactureItemDescription />
      <UnitQty>יח`</UnitQty>
      <Quantity>700</Quantity>
      <UnitMeasure>מ"ל</UnitMeasure>
      <BisWeighted>0</BisWeighted>
      <QtyInPackage>1</QtyInPackage>
      <ItemPrice>12.90</ItemPrice>
      <UnitOfMeasurePrice>1.84</UnitOfMeasurePrice>
      <AllowDiscount>1</AllowDiscount>
      <itemStatus>1</itemStatus>
      <LastUpdateDate />
      <LastUpdateTime />
    </Product>
    <Product>
      <PriceUpdateDate>2019/02/18 14:14</PriceUpdateDate>
      <ItemCode>7290108357769</ItemCode>
      <ItemType>1</ItemType>
      <ItemName>כיף מרכך לשיער רגיל תפוח זרעי צ`יה 700</ItemName>
      <ManufactureName>החברה הדרומית לשיווק בעמ</ManufactureName>
      <ManufactureCountry />
      <ManufactureItemDescription />
      <UnitQty>יח`</UnitQty>
      <Quantity>700</Quantity>
      <UnitMeasure>מ"ל</UnitMeasure>
      <BisWeighted>0</BisWeighted>
      <QtyInPackage>1</QtyInPackage>
      <ItemPrice>12.90</ItemPrice>
      <UnitOfMeasurePrice>1.84</UnitOfMeasurePrice>
      <AllowDiscount>1</AllowDiscount>
      <itemStatus>1</itemStatus>
      <LastUpdateDate />
      <LastUpdateTime />
    </Product>
    <Product>
      <PriceUpdateDate>2019/02/18 14:14</PriceUpdateDate>
      <ItemCode>7290108357776</ItemCode>
      <ItemType>1</ItemType>
      <ItemName>כיף מרכך לשיער רגיל יבש רימונים ושמן ארג</ItemName>
      <ManufactureName>החברה הדרומית לשיווק בעמ</ManufactureName>
      <ManufactureCountry />
      <ManufactureItemDescription />
      <UnitQty>יח`</UnitQty>
      <Quantity>700</Quantity>
      <UnitMeasure>מ"ל</UnitMeasure>
      <BisWeighted>0</BisWeighted>
      <QtyInPackage>1</QtyInPackage>
      <ItemPrice>12.90</ItemPrice>
      <UnitOfMeasurePrice>1.84</UnitOfMeasurePrice>
      <AllowDiscount>1</AllowDiscount>
      <itemStatus>1</itemStatus>
      <LastUpdateDate />
      <LastUpdateTime />
    </Product>
    <Product>
      <PriceUpdateDate>2019/02/18 14:14</PriceUpdateDate>
      <ItemCode>7290108357806</ItemCode>
      <ItemType>1</ItemType>
      <ItemName>כיף מרכך לשיער מעוצב קרטין וחמאת שיאה 70</ItemName>
      <ManufactureName>החברה הדרומית לשיווק בעמ</ManufactureName>
      <ManufactureCountry />
      <ManufactureItemDescription />
      <UnitQty>יח`</UnitQty>
      <Quantity>700</Quantity>
      <UnitMeasure>מ"ל</UnitMeasure>
      <BisWeighted>0</BisWeighted>
      <QtyInPackage>1</QtyInPackage>
      <ItemPrice>12.90</ItemPrice>
      <UnitOfMeasurePrice>1.84</UnitOfMeasurePrice>
      <AllowDiscount>1</AllowDiscount>
      <itemStatus>1</itemStatus>
      <LastUpdateDate />
      <LastUpdateTime />
    </Product>
    <Product>
      <PriceUpdateDate>2018/12/19 10:29</PriceUpdateDate>
      <ItemCode>7290108359824</ItemCode>
      <ItemType>1</ItemType>
      <ItemName>בייבי קרם גוף כיף (500 מל)</ItemName>
      <ManufactureName>החברה הדרומית לשיווק בעמ</ManufactureName>
      <ManufactureCountry />
      <ManufactureItemDescription />
      <UnitQty>יח`</UnitQty>
      <Quantity>500</Quantity>
      <UnitMeasure>מ"ל</UnitMeasure>
      <BisWeighted>0</BisWeighted>
      <QtyInPackage>1</QtyInPackage>
      <ItemPrice>24.90</ItemPrice>
      <UnitOfMeasurePrice>4.98</UnitOfMeasurePrice>
      <AllowDiscount>0</AllowDiscount>
      <itemStatus>1</itemStatus>
      <LastUpdateDate />
      <LastUpdateTime />
    </Product>
    <Product>
      <PriceUpdateDate>2018/12/19 10:29</PriceUpdateDate>
      <ItemCode>7290108359848</ItemCode>
      <ItemType>1</ItemType>
      <ItemName>בייבי כיף שמפו אל דמע (1 ליטר)</ItemName>
      <ManufactureName>החברה הדרומית לשיווק בעמ</ManufactureName>
      <ManufactureCountry />
      <ManufactureItemDescription />
      <UnitQty>יח`</UnitQty>
      <Quantity>1</Quantity>
      <UnitMeasure>1 ליטר</UnitMeasure>
      <BisWeighted>0</BisWeighted>
      <QtyInPackage>1</QtyInPackage>
      <ItemPrice>22.90</ItemPrice>
      <UnitOfMeasurePrice>22.90</UnitOfMeasurePrice>
      <AllowDiscount>0</AllowDiscount>
      <itemStatus>1</itemStatus>
      <LastUpdateDate />
      <LastUpdateTime />
    </Product>
    <Product>
      <PriceUpdateDate>2018/12/19 10:29</PriceUpdateDate>
      <ItemCode>7290108359862</ItemCode>
      <ItemType>1</ItemType>
      <ItemName>בייבי כיף אלסבון 1 ליטר</ItemName>
      <ManufactureName>החברה הדרומית לשיווק בעמ</ManufactureName>
      <ManufactureCountry />
      <ManufactureItemDescription />
      <UnitQty>יח`</UnitQty>
      <Quantity>1</Quantity>
      <UnitMeasure>1 ליטר</UnitMeasure>
      <BisWeighted>0</BisWeighted>
      <QtyInPackage>1</QtyInPackage>
      <ItemPrice>22.90</ItemPrice>
      <UnitOfMeasurePrice>22.90</UnitOfMeasurePrice>
      <AllowDiscount>0</AllowDiscount>
      <itemStatus>1</itemStatus>
      <LastUpdateDate />
      <LastUpdateTime />
    </Product>
    <Product>
      <PriceUpdateDate>2019/10/23 09:37</PriceUpdateDate>
      <ItemCode>7290108500271</ItemCode>
      <ItemType>1</ItemType>
      <ItemName>שלישית פטריות חתוכות כשרות מהודרת</ItemName>
      <ManufactureName>ג.וילי-פוד אינטרנשיונל בעמ</ManufactureName>
      <ManufactureCountry />
      <ManufactureItemDescription />
      <UnitQty>יח`</UnitQty>
      <Quantity>870</Quantity>
      <UnitMeasure>גרם</UnitMeasure>
      <BisWeighted>0</BisWeighted>
      <QtyInPackage>1</QtyInPackage>
      <ItemPrice>9.90</ItemPrice>
      <UnitOfMeasurePrice>1.14</UnitOfMeasurePrice>
      <AllowDiscount>0</AllowDiscount>
      <itemStatus>1</itemStatus>
      <LastUpdateDate />
      <LastUpdateTime />
    </Product>
    <Product>
      <PriceUpdateDate>2020/01/05 11:30</PriceUpdateDate>
      <ItemCode>7290108500820</ItemCode>
      <ItemType>1</ItemType>
      <ItemName>חמאה ללא תוספת מלח 250 גרם וילי פוד</ItemName>
      <ManufactureName>ג.וילי-פוד אינטרנשיונל בעמ</ManufactureName>
      <ManufactureCountry />
      <ManufactureItemDescription />
      <UnitQty>יח`</UnitQty>
      <Quantity>250</Quantity>
      <UnitMeasure>גרם</UnitMeasure>
      <BisWeighted>0</BisWeighted>
      <QtyInPackage>1</QtyInPackage>
      <ItemPrice>12.90</ItemPrice>
      <UnitOfMeasurePrice>5.16</UnitOfMeasurePrice>
      <AllowDiscount>0</AllowDiscount>
      <itemStatus>1</itemStatus>
      <LastUpdateDate />
      <LastUpdateTime />
    </Product>
    <Product>
      <PriceUpdateDate>2017/10/11 11:53</PriceUpdateDate>
      <ItemCode>7290108501346</ItemCode>
      <ItemType>1</ItemType>
      <ItemName>גבינת גאודה מגורדת 500 גר` 28% שומן הולנ</ItemName>
      <ManufactureName>ג.וילי-פוד אינטרנשיונל בעמ</ManufactureName>
      <ManufactureCountry />
      <ManufactureItemDescription />
      <UnitQty>יח`</UnitQty>
      <Quantity>500</Quantity>
      <UnitMeasure>גרם</UnitMeasure>
      <BisWeighted>0</BisWeighted>
      <QtyInPackage>1</QtyInPackage>
      <ItemPrice>26.90</ItemPrice>
      <UnitOfMeasurePrice>5.38</UnitOfMeasurePrice>
      <AllowDiscount>1</AllowDiscount>
      <itemStatus>1</itemStatus>
      <LastUpdateDate />
      <LastUpdateTime />
    </Product>
    <Product>
      <PriceUpdateDate>2017/11/30 07:45</PriceUpdateDate>
      <ItemCode>7290108501353</ItemCode>
      <ItemType>1</ItemType>
      <ItemName>אנשובי ארוך אמיתי בשמן 45  גר`וילי פוד</ItemName>
      <ManufactureName>ג.וילי-פוד אינטרנשיונל בעמ</ManufactureName>
      <ManufactureCountry />
      <ManufactureItemDescription />
      <UnitQty>יח`</UnitQty>
      <Quantity>0</Quantity>
      <UnitMeasure>גרם</UnitMeasure>
      <BisWeighted>0</BisWeighted>
      <QtyInPackage>1</QtyInPackage>
      <ItemPrice>6.90</ItemPrice>
      <UnitOfMeasurePrice>6.90</UnitOfMeasurePrice>
      <AllowDiscount>0</AllowDiscount>
      <itemStatus>1</itemStatus>
      <LastUpdateDate />
      <LastUpdateTime />
    </Product>
    <Product>
      <PriceUpdateDate>2018/08/12 12:25</PriceUpdateDate>
      <ItemCode>7290108501407</ItemCode>
      <ItemType>1</ItemType>
      <ItemName>גבינת צ`דר מיושנת 200  גר`VINTAGE</ItemName>
      <ManufactureName>ג.וילי-פוד אינטרנשיונל בעמ</ManufactureName>
      <ManufactureCountry />
      <ManufactureItemDescription />
      <UnitQty>יח`</UnitQty>
      <Quantity>200</Quantity>
      <UnitMeasure>גרם</UnitMeasure>
      <BisWeighted>0</BisWeighted>
      <QtyInPackage>1</QtyInPackage>
      <ItemPrice>19.90</ItemPrice>
      <UnitOfMeasurePrice>9.95</UnitOfMeasurePrice>
      <AllowDiscount>0</AllowDiscount>
      <itemStatus>1</itemStatus>
      <LastUpdateDate />
      <LastUpdateTime />
    </Product>
    <Product>
      <PriceUpdateDate>2019/09/01 13:52</PriceUpdateDate>
      <ItemCode>7290108501773</ItemCode>
      <ItemType>1</ItemType>
      <ItemName>ממרח חמאה 250 גר` במליחות עדינה Euro spr</ItemName>
      <ManufactureName>ג.וילי-פוד אינטרנשיונל בעמ</ManufactureName>
      <ManufactureCountry />
      <ManufactureItemDescription />
      <UnitQty>יח`</UnitQty>
      <Quantity>250</Quantity>
      <UnitMeasure>גרם</UnitMeasure>
      <BisWeighted>0</BisWeighted>
      <QtyInPackage>1</QtyInPackage>
      <ItemPrice>11.90</ItemPrice>
      <UnitOfMeasurePrice>4.76</UnitOfMeasurePrice>
      <AllowDiscount>1</AllowDiscount>
      <itemStatus>1</itemStatus>
      <LastUpdateDate />
      <LastUpdateTime />
    </Product>
    <Product>
      <PriceUpdateDate>2019/09/01 13:52</PriceUpdateDate>
      <ItemCode>7290108501810</ItemCode>
      <ItemType>1</ItemType>
      <ItemName>ממרח חמאה 250 גר` לייט במליחות עדינה Eur</ItemName>
      <ManufactureName>ג.וילי-פוד אינטרנשיונל בעמ</ManufactureName>
      <ManufactureCountry />
      <ManufactureItemDescription />
      <UnitQty>יח`</UnitQty>
      <Quantity>250</Quantity>
      <UnitMeasure>גרם</UnitMeasure>
      <BisWeighted>0</BisWeighted>
      <QtyInPackage>1</QtyInPackage>
      <ItemPrice>11.90</ItemPrice>
      <UnitOfMeasurePrice>4.76</UnitOfMeasurePrice>
      <AllowDiscount>1</AllowDiscount>
      <itemStatus>1</itemStatus>
      <LastUpdateDate />
      <LastUpdateTime />
    </Product>
    <Product>
      <PriceUpdateDate>2018/05/18 10:29</PriceUpdateDate>
      <ItemCode>7290108501827</ItemCode>
      <ItemType>1</ItemType>
      <ItemName>קדאיף שערות בצק 450  גר`וילי פוד</ItemName>
      <ManufactureName>ג.וילי-פוד אינטרנשיונל בעמ</ManufactureName>
      <ManufactureCountry />
      <ManufactureItemDescription />
      <UnitQty>יח`</UnitQty>
      <Quantity>450</Quantity>
      <UnitMeasure>גרם</UnitMeasure>
      <BisWeighted>0</BisWeighted>
      <QtyInPackage>1</QtyInPackage>
      <ItemPrice>19.90</ItemPrice>
      <UnitOfMeasurePrice>4.42</UnitOfMeasurePrice>
      <AllowDiscount>0</AllowDiscount>
      <itemStatus>1</itemStatus>
      <LastUpdateDate />
      <LastUpdateTime />
    </Product>
    <Product>
      <PriceUpdateDate>2018/10/18 08:35</PriceUpdateDate>
      <ItemCode>7290108502305</ItemCode>
      <ItemType>1</ItemType>
      <ItemName>גבינת גרדה פדנו משולש 150  גר`וילי פוד</ItemName>
      <ManufactureName>ג.וילי-פוד אינטרנשיונל בעמ</ManufactureName>
      <ManufactureCountry />
      <ManufactureItemDescription />
      <UnitQty>יח`</UnitQty>
      <Quantity>150</Quantity>
      <UnitMeasure>גרם</UnitMeasure>
      <BisWeighted>0</BisWeighted>
      <QtyInPackage>1</QtyInPackage>
      <ItemPrice>23.90</ItemPrice>
      <UnitOfMeasurePrice>15.93</UnitOfMeasurePrice>
      <AllowDiscount>0</AllowDiscount>
      <itemStatus>1</itemStatus>
      <LastUpdateDate />
      <LastUpdateTime />
    </Product>
    <Product>
      <PriceUpdateDate>2018/09/04 17:17</PriceUpdateDate>
      <ItemCode>7290108502541</ItemCode>
      <ItemType>1</ItemType>
      <ItemName>גבינת שמנת טבעי 200 גר` EURO CHEESE</ItemName>
      <ManufactureName>ג.וילי-פוד אינטרנשיונל בעמ</ManufactureName>
      <ManufactureCountry />
      <ManufactureItemDescription />
      <UnitQty>יח`</UnitQty>
      <Quantity>200</Quantity>
      <UnitMeasure>גרם</UnitMeasure>
      <BisWeighted>0</BisWeighted>
      <QtyInPackage>1</QtyInPackage>
      <ItemPrice>12.90</ItemPrice>
      <UnitOfMeasurePrice>6.45</UnitOfMeasurePrice>
      <AllowDiscount>1</AllowDiscount>
      <itemStatus>1</itemStatus>
      <LastUpdateDate />
      <LastUpdateTime />
    </Product>
    <Product>
      <PriceUpdateDate>2018/09/04 17:17</PriceUpdateDate>
      <ItemCode>7290108502565</ItemCode>
      <ItemType>1</ItemType>
      <ItemName>גבינת שמנת עשבי תיבול 200 גר` EURO CHEES</ItemName>
      <ManufactureName>ג.וילי-פוד אינטרנשיונל בעמ</ManufactureName>
      <ManufactureCountry />
      <ManufactureItemDescription />
      <UnitQty>יח`</UnitQty>
      <Quantity>200</Quantity>
      <UnitMeasure>גרם</UnitMeasure>
      <BisWeighted>0</BisWeighted>
      <QtyInPackage>1</QtyInPackage>
      <ItemPrice>12.90</ItemPrice>
      <UnitOfMeasurePrice>6.45</UnitOfMeasurePrice>
      <AllowDiscount>1</AllowDiscount>
      <itemStatus>1</itemStatus>
      <LastUpdateDate />
      <LastUpdateTime />
    </Product>
    <Product>
      <PriceUpdateDate>2018/07/19 20:10</PriceUpdateDate>
      <ItemCode>7290108502626</ItemCode>
      <ItemType>1</ItemType>
      <ItemName>גבינת אדם מותכת 6יח *20גר` (120  גר`)23%</ItemName>
      <ManufactureName>ג.וילי-פוד אינטרנשיונל בעמ</ManufactureName>
      <ManufactureCountry />
      <ManufactureItemDescription />
      <UnitQty>יח`</UnitQty>
      <Quantity>120</Quantity>
      <UnitMeasure>גרם</UnitMeasure>
      <BisWeighted>0</BisWeighted>
      <QtyInPackage>1</QtyInPackage>
      <ItemPrice>14.90</ItemPrice>
      <UnitOfMeasurePrice>12.42</UnitOfMeasurePrice>
      <AllowDiscount>0</AllowDiscount>
      <itemStatus>1</itemStatus>
      <LastUpdateDate />
      <LastUpdateTime />
    </Product>
    <Product>
      <PriceUpdateDate>2018/07/19 20:10</PriceUpdateDate>
      <ItemCode>7290108502633</ItemCode>
      <ItemType>1</ItemType>
      <ItemName>גבינת צ`דר 6יח*20גר` (120  גר)26% שומן</ItemName>
      <ManufactureName>ג.וילי-פוד אינטרנשיונל בעמ</ManufactureName>
      <ManufactureCountry />
      <ManufactureItemDescription />
      <UnitQty>יח`</UnitQty>
      <Quantity>120</Quantity>
      <UnitMeasure>גרם</UnitMeasure>
      <BisWeighted>0</BisWeighted>
      <QtyInPackage>1</QtyInPackage>
      <ItemPrice>14.90</ItemPrice>
      <UnitOfMeasurePrice>12.42</UnitOfMeasurePrice>
      <AllowDiscount>0</AllowDiscount>
      <itemStatus>1</itemStatus>
      <LastUpdateDate />
      <LastUpdateTime />
    </Product>
    <Product>
      <PriceUpdateDate>2018/08/12 12:25</PriceUpdateDate>
      <ItemCode>7290108502725</ItemCode>
      <ItemType>1</ItemType>
      <ItemName>גבינת גאודה פרוסות 400 גר` וילי פוד</ItemName>
      <ManufactureName>ג.וילי-פוד אינטרנשיונל בעמ</ManufactureName>
      <ManufactureCountry />
      <ManufactureItemDescription />
      <UnitQty>יח`</UnitQty>
      <Quantity>400</Quantity>
      <UnitMeasure>גרם</UnitMeasure>
      <BisWeighted>0</BisWeighted>
      <QtyInPackage>1</QtyInPackage>
      <ItemPrice>19.90</ItemPrice>
      <UnitOfMeasurePrice>4.98</UnitOfMeasurePrice>
      <AllowDiscount>1</AllowDiscount>
      <itemStatus>1</itemStatus>
      <LastUpdateDate />
      <LastUpdateTime />
    </Product>
    <Product>
      <PriceUpdateDate>2018/12/25 18:40</PriceUpdateDate>
      <ItemCode>7290108502831</ItemCode>
      <ItemType>1</ItemType>
      <ItemName>גבינת ברי עם עשבי תיבול ושום 125  גר`EU</ItemName>
      <ManufactureName>ג.וילי-פוד אינטרנשיונל בעמ</ManufactureName>
      <ManufactureCountry />
      <ManufactureItemDescription />
      <UnitQty>יח`</UnitQty>
      <Quantity>125</Quantity>
      <UnitMeasure>גרם</UnitMeasure>
      <BisWeighted>0</BisWeighted>
      <QtyInPackage>1</QtyInPackage>
      <ItemPrice>19.90</ItemPrice>
      <UnitOfMeasurePrice>15.92</UnitOfMeasurePrice>
      <AllowDiscount>0</AllowDiscount>
      <itemStatus>1</itemStatus>
      <LastUpdateDate />
      <LastUpdateTime />
    </Product>
    <Product>
      <PriceUpdateDate>2019/11/05 11:37</PriceUpdateDate>
      <ItemCode>7290108503296</ItemCode>
      <ItemType>1</ItemType>
      <ItemName>ממרח חמאה 250 גר` valio</ItemName>
      <ManufactureName>ג.וילי-פוד אינטרנשיונל בעמ</ManufactureName>
      <ManufactureCountry />
      <ManufactureItemDescription />
      <UnitQty>יח`</UnitQty>
      <Quantity>250</Quantity>
      <UnitMeasure>גרם</UnitMeasure>
      <BisWeighted>0</BisWeighted>
      <QtyInPackage>1</QtyInPackage>
      <ItemPrice>16.90</ItemPrice>
      <UnitOfMeasurePrice>6.76</UnitOfMeasurePrice>
      <AllowDiscount>1</AllowDiscount>
      <itemStatus>1</itemStatus>
      <LastUpdateDate />
      <LastUpdateTime />
    </Product>
    <Product>
      <PriceUpdateDate>2019/11/12 08:35</PriceUpdateDate>
      <ItemCode>7290108503395</ItemCode>
      <ItemType>1</ItemType>
      <ItemName>יוגורט יווני עם תות שדה 150 גר` ( 0.90%</ItemName>
      <ManufactureName>ג.וילי-פוד אינטרנשיונל בעמ</ManufactureName>
      <ManufactureCountry />
      <ManufactureItemDescription />
      <UnitQty>יח`</UnitQty>
      <Quantity>150</Quantity>
      <UnitMeasure>גרם</UnitMeasure>
      <BisWeighted>0</BisWeighted>
      <QtyInPackage>1</QtyInPackage>
      <ItemPrice>5.90</ItemPrice>
      <UnitOfMeasurePrice>3.93</UnitOfMeasurePrice>
      <AllowDiscount>1</AllowDiscount>
      <itemStatus>1</itemStatus>
      <LastUpdateDate />
      <LastUpdateTime />
    </Product>
    <Product>
      <PriceUpdateDate>2019/05/07 16:24</PriceUpdateDate>
      <ItemCode>7290108503463</ItemCode>
      <ItemType>1</ItemType>
      <ItemName>גבינת פטה 5%  שומ( 400  גר`)וילי פוד</ItemName>
      <ManufactureName>ג.וילי-פוד אינטרנשיונל בעמ</ManufactureName>
      <ManufactureCountry />
      <ManufactureItemDescription />
      <UnitQty>יח`</UnitQty>
      <Quantity>400</Quantity>
      <UnitMeasure>גרם</UnitMeasure>
      <BisWeighted>0</BisWeighted>
      <QtyInPackage>1</QtyInPackage>
      <ItemPrice>23.90</ItemPrice>
      <UnitOfMeasurePrice>5.98</UnitOfMeasurePrice>
      <AllowDiscount>0</AllowDiscount>
      <itemStatus>1</itemStatus>
      <LastUpdateDate />
      <LastUpdateTime />
    </Product>
    <Product>
      <PriceUpdateDate>2019/03/18 12:46</PriceUpdateDate>
      <ItemCode>7290108503722</ItemCode>
      <ItemType>1</ItemType>
      <ItemName>חמאה אורגנית ללא תוספת מלח 200  גר`BIO</ItemName>
      <ManufactureName>ג.וילי-פוד אינטרנשיונל בעמ</ManufactureName>
      <ManufactureCountry />
      <ManufactureItemDescription />
      <UnitQty>יח`</UnitQty>
      <Quantity>200</Quantity>
      <UnitMeasure>גרם</UnitMeasure>
      <BisWeighted>0</BisWeighted>
      <QtyInPackage>1</QtyInPackage>
      <ItemPrice>14.90</ItemPrice>
      <UnitOfMeasurePrice>7.45</UnitOfMeasurePrice>
      <AllowDiscount>0</AllowDiscount>
      <itemStatus>1</itemStatus>
      <LastUpdateDate />
      <LastUpdateTime />
    </Product>
    <Product>
      <PriceUpdateDate>2019/03/18 12:46</PriceUpdateDate>
      <ItemCode>7290108503746</ItemCode>
      <ItemType>1</ItemType>
      <ItemName>חמאה מלוחה 200 גר` וילי פוד</ItemName>
      <ManufactureName>ג.וילי-פוד אינטרנשיונל בעמ</ManufactureName>
      <ManufactureCountry />
      <ManufactureItemDescription />
      <UnitQty>יח`</UnitQty>
      <Quantity>200</Quantity>
      <UnitMeasure>גרם</UnitMeasure>
      <BisWeighted>0</BisWeighted>
      <QtyInPackage>1</QtyInPackage>
      <ItemPrice>12.90</ItemPrice>
      <UnitOfMeasurePrice>6.45</UnitOfMeasurePrice>
      <AllowDiscount>0</AllowDiscount>
      <itemStatus>1</itemStatus>
      <LastUpdateDate />
      <LastUpdateTime />
    </Product>
    <Product>
      <PriceUpdateDate>2019/12/12 22:19</PriceUpdateDate>
      <ItemCode>7290108504040</ItemCode>
      <ItemType>1</ItemType>
      <ItemName>משקה יוגורט אוכמניות וסמבוק 500 מל וילי</ItemName>
      <ManufactureName>ג.וילי-פוד אינטרנשיונל בעמ</ManufactureName>
      <ManufactureCountry />
      <ManufactureItemDescription />
      <UnitQty>יח`</UnitQty>
      <Quantity>1</Quantity>
      <UnitMeasure />
      <BisWeighted>0</BisWeighted>
      <QtyInPackage>1</QtyInPackage>
      <ItemPrice>9.90</ItemPrice>
      <UnitOfMeasurePrice>9.90</UnitOfMeasurePrice>
      <AllowDiscount>1</AllowDiscount>
      <itemStatus>1</itemStatus>
      <LastUpdateDate />
      <LastUpdateTime />
    </Product>
    <Product>
      <PriceUpdateDate>2019/11/20 08:48</PriceUpdateDate>
      <ItemCode>7290108504149</ItemCode>
      <ItemType>1</ItemType>
      <ItemName>ממרח חמאה 400 גר` VALIO</ItemName>
      <ManufactureName>ג.וילי-פוד אינטרנשיונל בעמ</ManufactureName>
      <ManufactureCountry />
      <ManufactureItemDescription />
      <UnitQty>יח`</UnitQty>
      <Quantity>400</Quantity>
      <UnitMeasure>גרם</UnitMeasure>
      <BisWeighted>0</BisWeighted>
      <QtyInPackage>1</QtyInPackage>
      <ItemPrice>21.90</ItemPrice>
      <UnitOfMeasurePrice>5.48</UnitOfMeasurePrice>
      <AllowDiscount>0</AllowDiscount>
      <itemStatus>1</itemStatus>
      <LastUpdateDate />
      <LastUpdateTime />
    </Product>
    <Product>
      <PriceUpdateDate>2019/11/12 08:35</PriceUpdateDate>
      <ItemCode>7290108504347</ItemCode>
      <ItemType>1</ItemType>
      <ItemName>עלי גפן ממולאים באורז פיקנטי 400 גר`</ItemName>
      <ManufactureName>ג.וילי-פוד אינטרנשיונל בעמ</ManufactureName>
      <ManufactureCountry />
      <ManufactureItemDescription />
      <UnitQty>יח`</UnitQty>
      <Quantity>400</Quantity>
      <UnitMeasure>גרם</UnitMeasure>
      <BisWeighted>0</BisWeighted>
      <QtyInPackage>1</QtyInPackage>
      <ItemPrice>8.90</ItemPrice>
      <UnitOfMeasurePrice>2.23</UnitOfMeasurePrice>
      <AllowDiscount>0</AllowDiscount>
      <itemStatus>1</itemStatus>
      <LastUpdateDate />
      <LastUpdateTime />
    </Product>
    <Product>
      <PriceUpdateDate>2019/12/25 14:38</PriceUpdateDate>
      <ItemCode>7290108504378</ItemCode>
      <ItemType>1</ItemType>
      <ItemName>גבינת שמנת עם זיתים 200 גר` EURO CHEESE</ItemName>
      <ManufactureName>ג.וילי-פוד אינטרנשיונל בעמ</ManufactureName>
      <ManufactureCountry />
      <ManufactureItemDescription />
      <UnitQty>יח`</UnitQty>
      <Quantity>200</Quantity>
      <UnitMeasure>גרם</UnitMeasure>
      <BisWeighted>0</BisWeighted>
      <QtyInPackage>1</QtyInPackage>
      <ItemPrice>12.90</ItemPrice>
      <UnitOfMeasurePrice>6.45</UnitOfMeasurePrice>
      <AllowDiscount>1</AllowDiscount>
      <itemStatus>1</itemStatus>
      <LastUpdateDate />
      <LastUpdateTime />
    </Product>
    <Product>
      <PriceUpdateDate>2020/03/12 15:48</PriceUpdateDate>
      <ItemCode>7290108505269</ItemCode>
      <ItemType>1</ItemType>
      <ItemName>טונה במים רביעייה 160 גר - וילי פוד העדה</ItemName>
      <ManufactureName>ג.וילי-פוד אינטרנשיונל בעמ</ManufactureName>
      <ManufactureCountry />
      <ManufactureItemDescription />
      <UnitQty>יח`</UnitQty>
      <Quantity>640</Quantity>
      <UnitMeasure>גרם</UnitMeasure>
      <BisWeighted>0</BisWeighted>
      <QtyInPackage>1</QtyInPackage>
      <ItemPrice>21.90</ItemPrice>
      <UnitOfMeasurePrice>3.42</UnitOfMeasurePrice>
      <AllowDiscount>0</AllowDiscount>
      <itemStatus>1</itemStatus>
      <LastUpdateDate />
      <LastUpdateTime />
    </Product>
    <Product>
      <PriceUpdateDate>2020/04/27 06:48</PriceUpdateDate>
      <ItemCode>7290108505528</ItemCode>
      <ItemType>1</ItemType>
      <ItemName>דונאטס בציפוי עם חתיכות מרשמלו 61 גר ויל</ItemName>
      <ManufactureName>ג.וילי-פוד אינטרנשיונל בעמ</ManufactureName>
      <ManufactureCountry />
      <ManufactureItemDescription />
      <UnitQty>יח`</UnitQty>
      <Quantity>61</Quantity>
      <UnitMeasure>גרם</UnitMeasure>
      <BisWeighted>0</BisWeighted>
      <QtyInPackage>1</QtyInPackage>
      <ItemPrice>5.90</ItemPrice>
      <UnitOfMeasurePrice>9.67</UnitOfMeasurePrice>
      <AllowDiscount>0</AllowDiscount>
      <itemStatus>1</itemStatus>
      <LastUpdateDate />
      <LastUpdateTime />
    </Product>
    <Product>
      <PriceUpdateDate>2020/03/12 15:48</PriceUpdateDate>
      <ItemCode>7290108505955</ItemCode>
      <ItemType>1</ItemType>
      <ItemName>טונה בשמן רביעייה 160 גר - וילי פוד העדה</ItemName>
      <ManufactureName>ג.וילי-פוד אינטרנשיונל בעמ</ManufactureName>
      <ManufactureCountry />
      <ManufactureItemDescription />
      <UnitQty>יח`</UnitQty>
      <Quantity>640</Quantity>
      <UnitMeasure>גרם</UnitMeasure>
      <BisWeighted>0</BisWeighted>
      <QtyInPackage>1</QtyInPackage>
      <ItemPrice>21.90</ItemPrice>
      <UnitOfMeasurePrice>3.42</UnitOfMeasurePrice>
      <AllowDiscount>0</AllowDiscount>
      <itemStatus>1</itemStatus>
      <LastUpdateDate />
      <LastUpdateTime />
    </Product>
    <Product>
      <PriceUpdateDate>2020/04/27 06:48</PriceUpdateDate>
      <ItemCode>7290108506136</ItemCode>
      <ItemType>1</ItemType>
      <ItemName>דונאטס עם מילוי בטעם קפוצ`נו 73  גר`וילי</ItemName>
      <ManufactureName>ג.וילי-פוד אינטרנשיונל בעמ</ManufactureName>
      <ManufactureCountry />
      <ManufactureItemDescription />
      <UnitQty>יח`</UnitQty>
      <Quantity>73</Quantity>
      <UnitMeasure>גרם</UnitMeasure>
      <BisWeighted>0</BisWeighted>
      <QtyInPackage>1</QtyInPackage>
      <ItemPrice>5.90</ItemPrice>
      <UnitOfMeasurePrice>8.08</UnitOfMeasurePrice>
      <AllowDiscount>0</AllowDiscount>
      <itemStatus>1</itemStatus>
      <LastUpdateDate />
      <LastUpdateTime />
    </Product>
    <Product>
      <PriceUpdateDate>2020/02/20 06:42</PriceUpdateDate>
      <ItemCode>7290108506167</ItemCode>
      <ItemType>1</ItemType>
      <ItemName>גבינה צהובה פרוסות(אריזה   רכה)400  גר`פ</ItemName>
      <ManufactureName>ג.וילי-פוד אינטרנשיונל בעמ</ManufactureName>
      <ManufactureCountry />
      <ManufactureItemDescription />
      <UnitQty>יח`</UnitQty>
      <Quantity>400</Quantity>
      <UnitMeasure>גרם</UnitMeasure>
      <BisWeighted>0</BisWeighted>
      <QtyInPackage>1</QtyInPackage>
      <ItemPrice>13.60</ItemPrice>
      <UnitOfMeasurePrice>3.40</UnitOfMeasurePrice>
      <AllowDiscount>0</AllowDiscount>
      <itemStatus>1</itemStatus>
      <LastUpdateDate />
      <LastUpdateTime />
    </Product>
    <Product>
      <PriceUpdateDate>2020/04/27 06:48</PriceUpdateDate>
      <ItemCode>7290108506396</ItemCode>
      <ItemType>1</ItemType>
      <ItemName>מארז מיני דונאטס מיקס  -(261 9 יח)</ItemName>
      <ManufactureName>ג.וילי-פוד אינטרנשיונל בעמ</ManufactureName>
      <ManufactureCountry />
      <ManufactureItemDescription />
      <UnitQty>יח`</UnitQty>
      <Quantity>261</Quantity>
      <UnitMeasure>גרם</UnitMeasure>
      <BisWeighted>0</BisWeighted>
      <QtyInPackage>1</QtyInPackage>
      <ItemPrice>19.90</ItemPrice>
      <UnitOfMeasurePrice>7.62</UnitOfMeasurePrice>
      <AllowDiscount>0</AllowDiscount>
      <itemStatus>1</itemStatus>
      <LastUpdateDate />
      <LastUpdateTime />
    </Product>
    <Product>
      <PriceUpdateDate>2020/04/24 06:16</PriceUpdateDate>
      <ItemCode>7290108506488</ItemCode>
      <ItemType>1</ItemType>
      <ItemName>סופלה שוקולד קפוא 200  גר`וילי פוד</ItemName>
      <ManufactureName>ג.וילי-פוד אינטרנשיונל בעמ</ManufactureName>
      <ManufactureCountry />
      <ManufactureItemDescription />
      <UnitQty>יח`</UnitQty>
      <Quantity>200</Quantity>
      <UnitMeasure>גרם</UnitMeasure>
      <BisWeighted>0</BisWeighted>
      <QtyInPackage>1</QtyInPackage>
      <ItemPrice>15.90</ItemPrice>
      <UnitOfMeasurePrice>7.95</UnitOfMeasurePrice>
      <AllowDiscount>0</AllowDiscount>
      <itemStatus>1</itemStatus>
      <LastUpdateDate />
      <LastUpdateTime />
    </Product>
    <Product>
      <PriceUpdateDate>2020/04/24 06:16</PriceUpdateDate>
      <ItemCode>7290108506495</ItemCode>
      <ItemType>1</ItemType>
      <ItemName>כנאפה קפוא 192.5  גר`ולי פוד</ItemName>
      <ManufactureName>ג.וילי-פוד אינטרנשיונל בעמ</ManufactureName>
      <ManufactureCountry />
      <ManufactureItemDescription />
      <UnitQty>יח`</UnitQty>
      <Quantity>192.50</Quantity>
      <UnitMeasure>גרם</UnitMeasure>
      <BisWeighted>0</BisWeighted>
      <QtyInPackage>1</QtyInPackage>
      <ItemPrice>14.90</ItemPrice>
      <UnitOfMeasurePrice>7.74</UnitOfMeasurePrice>
      <AllowDiscount>0</AllowDiscount>
      <itemStatus>1</itemStatus>
      <LastUpdateDate />
      <LastUpdateTime />
    </Product>
    <Product>
      <PriceUpdateDate>2017/12/25 12:47</PriceUpdateDate>
      <ItemCode>7290109351315</ItemCode>
      <ItemType>1</ItemType>
      <ItemName>ביסלי חטיף בטעם סלסה פיקנטית 70 גר` אס</ItemName>
      <ManufactureName>קבוצת אסם סחר שות. מוגבלת</ManufactureName>
      <ManufactureCountry />
      <ManufactureItemDescription />
      <UnitQty>יח`</UnitQty>
      <Quantity>70</Quantity>
      <UnitMeasure>גרם</UnitMeasure>
      <BisWeighted>0</BisWeighted>
      <QtyInPackage>1</QtyInPackage>
      <ItemPrice>3.90</ItemPrice>
      <UnitOfMeasurePrice>5.57</UnitOfMeasurePrice>
      <AllowDiscount>1</AllowDiscount>
      <itemStatus>1</itemStatus>
      <LastUpdateDate />
      <LastUpdateTime />
    </Product>
    <Product>
      <PriceUpdateDate>2016/09/05 08:44</PriceUpdateDate>
      <ItemCode>7290109351971</ItemCode>
      <ItemType>1</ItemType>
      <ItemName>פיטנס בר פריכיות שוקולד חלב 84 גרם</ItemName>
      <ManufactureName>קבוצת אסם סחר שות. מוגבלת</ManufactureName>
      <ManufactureCountry />
      <ManufactureItemDescription />
      <UnitQty>יח`</UnitQty>
      <Quantity>84</Quantity>
      <UnitMeasure>גרם</UnitMeasure>
      <BisWeighted>0</BisWeighted>
      <QtyInPackage>1</QtyInPackage>
      <ItemPrice>14.90</ItemPrice>
      <UnitOfMeasurePrice>17.74</UnitOfMeasurePrice>
      <AllowDiscount>0</AllowDiscount>
      <itemStatus>1</itemStatus>
      <LastUpdateDate />
      <LastUpdateTime />
    </Product>
    <Product>
      <PriceUpdateDate>2016/09/05 08:44</PriceUpdateDate>
      <ItemCode>7290109352916</ItemCode>
      <ItemType>1</ItemType>
      <ItemName>פיטנס בר פריכיות שוקולד לבן 84 גרם</ItemName>
      <ManufactureName>קבוצת אסם סחר שות. מוגבלת</ManufactureName>
      <ManufactureCountry />
      <ManufactureItemDescription />
      <UnitQty>יח`</UnitQty>
      <Quantity>84</Quantity>
      <UnitMeasure>גרם</UnitMeasure>
      <BisWeighted>0</BisWeighted>
      <QtyInPackage>1</QtyInPackage>
      <ItemPrice>14.90</ItemPrice>
      <UnitOfMeasurePrice>17.74</UnitOfMeasurePrice>
      <AllowDiscount>0</AllowDiscount>
      <itemStatus>1</itemStatus>
      <LastUpdateDate />
      <LastUpdateTime />
    </Product>
    <Product>
      <PriceUpdateDate>2019/02/07 13:36</PriceUpdateDate>
      <ItemCode>7290109353753</ItemCode>
      <ItemType>1</ItemType>
      <ItemName>פסטה ספירלי טריו אסם פרפקטו (500 גרם)</ItemName>
      <ManufactureName>קבוצת אסם סחר שות. מוגבלת</ManufactureName>
      <ManufactureCountry />
      <ManufactureItemDescription />
      <UnitQty>יח`</UnitQty>
      <Quantity>500</Quantity>
      <UnitMeasure>גרם</UnitMeasure>
      <BisWeighted>0</BisWeighted>
      <QtyInPackage>1</QtyInPackage>
      <ItemPrice>6.90</ItemPrice>
      <UnitOfMeasurePrice>1.38</UnitOfMeasurePrice>
      <AllowDiscount>1</AllowDiscount>
      <itemStatus>1</itemStatus>
      <LastUpdateDate />
      <LastUpdateTime />
    </Product>
    <Product>
      <PriceUpdateDate>2018/03/06 10:45</PriceUpdateDate>
      <ItemCode>7290109354057</ItemCode>
      <ItemType>1</ItemType>
      <ItemName>מאגדת לה פרוטה מיקס - תפוז אננס</ItemName>
      <ManufactureName>נגה גלידות שותפות מוגבלת</ManufactureName>
      <ManufactureCountry />
      <ManufactureItemDescription />
      <UnitQty>יח`</UnitQty>
      <Quantity>350</Quantity>
      <UnitMeasure>גרם</UnitMeasure>
      <BisWeighted>0</BisWeighted>
      <QtyInPackage>1</QtyInPackage>
      <ItemPrice>25.90</ItemPrice>
      <UnitOfMeasurePrice>7.40</UnitOfMeasurePrice>
      <AllowDiscount>1</AllowDiscount>
      <itemStatus>1</itemStatus>
      <LastUpdateDate />
      <LastUpdateTime />
    </Product>
    <Product>
      <PriceUpdateDate>2017/11/29 13:55</PriceUpdateDate>
      <ItemCode>7290109354330</ItemCode>
      <ItemType>1</ItemType>
      <ItemName>צבר אריסה 180 גר`</ItemName>
      <ManufactureName>קבוצת אסם סחר שות. מוגבלת</ManufactureName>
      <ManufactureCountry />
      <ManufactureItemDescription />
      <UnitQty>יח`</UnitQty>
      <Quantity>180</Quantity>
      <UnitMeasure>גרם</UnitMeasure>
      <BisWeighted>0</BisWeighted>
      <QtyInPackage>1</QtyInPackage>
      <ItemPrice>10.90</ItemPrice>
      <UnitOfMeasurePrice>6.06</UnitOfMeasurePrice>
      <AllowDiscount>0</AllowDiscount>
      <itemStatus>1</itemStatus>
      <LastUpdateDate />
      <LastUpdateTime />
    </Product>
    <Product>
      <PriceUpdateDate>2016/08/16 13:17</PriceUpdateDate>
      <ItemCode>7290109354972</ItemCode>
      <ItemType>1</ItemType>
      <ItemName>ביסקוויט פתי בר ללא גלוטן אסם (200 גרם)</ItemName>
      <ManufactureName>קבוצת אסם סחר שות. מוגבלת</ManufactureName>
      <ManufactureCountry />
      <ManufactureItemDescription />
      <UnitQty>יח`</UnitQty>
      <Quantity>200</Quantity>
      <UnitMeasure>גרם</UnitMeasure>
      <BisWeighted>0</BisWeighted>
      <QtyInPackage>1</QtyInPackage>
      <ItemPrice>9.90</ItemPrice>
      <UnitOfMeasurePrice>4.95</UnitOfMeasurePrice>
      <AllowDiscount>1</AllowDiscount>
      <itemStatus>1</itemStatus>
      <LastUpdateDate />
      <LastUpdateTime />
    </Product>
    <Product>
      <PriceUpdateDate>2016/08/16 13:17</PriceUpdateDate>
      <ItemCode>7290109354996</ItemCode>
      <ItemType>1</ItemType>
      <ItemName>פתי בר שוקו ללא גלוטן 200 גרם</ItemName>
      <ManufactureName>קבוצת אסם סחר שות. מוגבלת</ManufactureName>
      <ManufactureCountry />
      <ManufactureItemDescription />
      <UnitQty>יח`</UnitQty>
      <Quantity>200</Quantity>
      <UnitMeasure>גרם</UnitMeasure>
      <BisWeighted>0</BisWeighted>
      <QtyInPackage>1</QtyInPackage>
      <ItemPrice>9.90</ItemPrice>
      <UnitOfMeasurePrice>4.95</UnitOfMeasurePrice>
      <AllowDiscount>1</AllowDiscount>
      <itemStatus>1</itemStatus>
      <LastUpdateDate />
      <LastUpdateTime />
    </Product>
    <Product>
      <PriceUpdateDate>2018/01/23 15:38</PriceUpdateDate>
      <ItemCode>7290109358130</ItemCode>
      <ItemType>1</ItemType>
      <ItemName>מאגדת לה פרוטה יוגורט אננס פסיפלורה מנגו</ItemName>
      <ManufactureName>נגה גלידות שותפות מוגבלת</ManufactureName>
      <ManufactureCountry />
      <ManufactureItemDescription />
      <UnitQty>יח`</UnitQty>
      <Quantity>300</Quantity>
      <UnitMeasure>גרם</UnitMeasure>
      <BisWeighted>0</BisWeighted>
      <QtyInPackage>1</QtyInPackage>
      <ItemPrice>25.90</ItemPrice>
      <UnitOfMeasurePrice>8.63</UnitOfMeasurePrice>
      <AllowDiscount>1</AllowDiscount>
      <itemStatus>1</itemStatus>
      <LastUpdateDate />
      <LastUpdateTime />
    </Product>
    <Product>
      <PriceUpdateDate>2017/08/06 09:56</PriceUpdateDate>
      <ItemCode>7290109358284</ItemCode>
      <ItemType>1</ItemType>
      <ItemName>טבעול-שניצל תירס עם חלבון 664 גר`</ItemName>
      <ManufactureName>קבוצת אסם סחר שות. מוגבלת</ManufactureName>
      <ManufactureCountry />
      <ManufactureItemDescription />
      <UnitQty>יח`</UnitQty>
      <Quantity>664</Quantity>
      <UnitMeasure>גרם</UnitMeasure>
      <BisWeighted>0</BisWeighted>
      <QtyInPackage>1</QtyInPackage>
      <ItemPrice>24.90</ItemPrice>
      <UnitOfMeasurePrice>3.75</UnitOfMeasurePrice>
      <AllowDiscount>0</AllowDiscount>
      <itemStatus>1</itemStatus>
      <LastUpdateDate />
      <LastUpdateTime />
    </Product>
    <Product>
      <PriceUpdateDate>2019/01/20 12:05</PriceUpdateDate>
      <ItemCode>7290109358482</ItemCode>
      <ItemType>1</ItemType>
      <ItemName>קרמוגית במילוי חלווה 200 גר` אסם</ItemName>
      <ManufactureName>קבוצת אסם סחר שות. מוגבלת</ManufactureName>
      <ManufactureCountry />
      <ManufactureItemDescription />
      <UnitQty>יח`</UnitQty>
      <Quantity>200</Quantity>
      <UnitMeasure>גרם</UnitMeasure>
      <BisWeighted>0</BisWeighted>
      <QtyInPackage>1</QtyInPackage>
      <ItemPrice>11.90</ItemPrice>
      <UnitOfMeasurePrice>5.95</UnitOfMeasurePrice>
      <AllowDiscount>0</AllowDiscount>
      <itemStatus>1</itemStatus>
      <LastUpdateDate />
      <LastUpdateTime />
    </Product>
    <Product>
      <PriceUpdateDate>2017/05/15 16:51</PriceUpdateDate>
      <ItemCode>7290109358529</ItemCode>
      <ItemType>1</ItemType>
      <ItemName>אטריות דקיקות פלוס 330גר אסם</ItemName>
      <ManufactureName>קבוצת אסם סחר שות. מוגבלת</ManufactureName>
      <ManufactureCountry />
      <ManufactureItemDescription />
      <UnitQty>יח`</UnitQty>
      <Quantity>330</Quantity>
      <UnitMeasure>גרם</UnitMeasure>
      <BisWeighted>0</BisWeighted>
      <QtyInPackage>1</QtyInPackage>
      <ItemPrice>7.90</ItemPrice>
      <UnitOfMeasurePrice>2.39</UnitOfMeasurePrice>
      <AllowDiscount>1</AllowDiscount>
      <itemStatus>1</itemStatus>
      <LastUpdateDate />
      <LastUpdateTime />
    </Product>
    <Product>
      <PriceUpdateDate>2018/03/05 09:34</PriceUpdateDate>
      <ItemCode>7290109358734</ItemCode>
      <ItemType>1</ItemType>
      <ItemName>קטשופ מופחת סוכר אסם (710 גרם)</ItemName>
      <ManufactureName>קבוצת אסם סחר שות. מוגבלת</ManufactureName>
      <ManufactureCountry />
      <ManufactureItemDescription />
      <UnitQty>יח`</UnitQty>
      <Quantity>750</Quantity>
      <UnitMeasure>גרם</UnitMeasure>
      <BisWeighted>0</BisWeighted>
      <QtyInPackage>1</QtyInPackage>
      <ItemPrice>11.90</ItemPrice>
      <UnitOfMeasurePrice>1.59</UnitOfMeasurePrice>
      <AllowDiscount>0</AllowDiscount>
      <itemStatus>1</itemStatus>
      <LastUpdateDate />
      <LastUpdateTime />
    </Product>
    <Product>
      <PriceUpdateDate>2018/07/02 09:29</PriceUpdateDate>
      <ItemCode>7290109358765</ItemCode>
      <ItemType>1</ItemType>
      <ItemName>קראנץ` רולס 450 גר דגני בוקר</ItemName>
      <ManufactureName>קבוצת אסם סחר שות. מוגבלת</ManufactureName>
      <ManufactureCountry />
      <ManufactureItemDescription />
      <UnitQty>יח`</UnitQty>
      <Quantity>450</Quantity>
      <UnitMeasure>גרם</UnitMeasure>
      <BisWeighted>0</BisWeighted>
      <QtyInPackage>1</QtyInPackage>
      <ItemPrice>26.90</ItemPrice>
      <UnitOfMeasurePrice>5.98</UnitOfMeasurePrice>
      <AllowDiscount>1</AllowDiscount>
      <itemStatus>1</itemStatus>
      <LastUpdateDate />
      <LastUpdateTime />
    </Product>
    <Product>
      <PriceUpdateDate>2020/03/30 06:46</PriceUpdateDate>
      <ItemCode>7290109580005</ItemCode>
      <ItemType>1</ItemType>
      <ItemName>המבורגר אנטריקוט בתוספת פטריות יער 360 ג</ItemName>
      <ManufactureName>זוגלובק שיווק בעמ</ManufactureName>
      <ManufactureCountry />
      <ManufactureItemDescription />
      <UnitQty>יח`</UnitQty>
      <Quantity>360</Quantity>
      <UnitMeasure>גרם</UnitMeasure>
      <BisWeighted>0</BisWeighted>
      <QtyInPackage>1</QtyInPackage>
      <ItemPrice>23.90</ItemPrice>
      <UnitOfMeasurePrice>6.64</UnitOfMeasurePrice>
      <AllowDiscount>0</AllowDiscount>
      <itemStatus>1</itemStatus>
      <LastUpdateDate />
      <LastUpdateTime />
    </Product>
    <Product>
      <PriceUpdateDate>2020/03/30 06:46</PriceUpdateDate>
      <ItemCode>7290109580012</ItemCode>
      <ItemType>1</ItemType>
      <ItemName>המבורגר אנטריקוט קלאסי 360 גר` זוגלובק</ItemName>
      <ManufactureName>זוגלובק שיווק בעמ</ManufactureName>
      <ManufactureCountry />
      <ManufactureItemDescription />
      <UnitQty>יח`</UnitQty>
      <Quantity>360</Quantity>
      <UnitMeasure>גרם</UnitMeasure>
      <BisWeighted>0</BisWeighted>
      <QtyInPackage>1</QtyInPackage>
      <ItemPrice>23.90</ItemPrice>
      <UnitOfMeasurePrice>6.64</UnitOfMeasurePrice>
      <AllowDiscount>0</AllowDiscount>
      <itemStatus>1</itemStatus>
      <LastUpdateDate />
      <LastUpdateTime />
    </Product>
    <Product>
      <PriceUpdateDate>2020/03/30 06:46</PriceUpdateDate>
      <ItemCode>7290109580029</ItemCode>
      <ItemType>1</ItemType>
      <ItemName>בורגר אנטיקוט ספייסי 360 גר` זוגלובק</ItemName>
      <ManufactureName>זוגלובק שיווק בעמ</ManufactureName>
      <ManufactureCountry />
      <ManufactureItemDescription />
      <UnitQty>יח`</UnitQty>
      <Quantity>360</Quantity>
      <UnitMeasure>גרם</UnitMeasure>
      <BisWeighted>0</BisWeighted>
      <QtyInPackage>1</QtyInPackage>
      <ItemPrice>23.90</ItemPrice>
      <UnitOfMeasurePrice>6.64</UnitOfMeasurePrice>
      <AllowDiscount>0</AllowDiscount>
      <itemStatus>1</itemStatus>
      <LastUpdateDate />
      <LastUpdateTime />
    </Product>
    <Product>
      <PriceUpdateDate>2016/10/09 08:32</PriceUpdateDate>
      <ItemCode>7290109920146</ItemCode>
      <ItemType>1</ItemType>
      <ItemName>דורגול מסיר אבנית מקומקום 750-מל</ItemName>
      <ManufactureName>יעקב יעקבי ובניו בעמ</ManufactureName>
      <ManufactureCountry />
      <ManufactureItemDescription />
      <UnitQty>יח`</UnitQty>
      <Quantity>750</Quantity>
      <UnitMeasure>מ"ל</UnitMeasure>
      <BisWeighted>0</BisWeighted>
      <QtyInPackage>1</QtyInPackage>
      <ItemPrice>19.90</ItemPrice>
      <UnitOfMeasurePrice>2.65</UnitOfMeasurePrice>
      <AllowDiscount>0</AllowDiscount>
      <itemStatus>1</itemStatus>
      <LastUpdateDate />
      <LastUpdateTime />
    </Product>
    <Product>
      <PriceUpdateDate>2017/12/17 10:10</PriceUpdateDate>
      <ItemCode>7290109920580</ItemCode>
      <ItemType>1</ItemType>
      <ItemName>אסטוניש מרסס עם אקונומיקה</ItemName>
      <ManufactureName>יעקב יעקבי ובניו בעמ</ManufactureName>
      <ManufactureCountry />
      <ManufactureItemDescription />
      <UnitQty>יח`</UnitQty>
      <Quantity>750</Quantity>
      <UnitMeasure>מ"ל</UnitMeasure>
      <BisWeighted>0</BisWeighted>
      <QtyInPackage>1</QtyInPackage>
      <ItemPrice>11.90</ItemPrice>
      <UnitOfMeasurePrice>1.59</UnitOfMeasurePrice>
      <AllowDiscount>0</AllowDiscount>
      <itemStatus>1</itemStatus>
      <LastUpdateDate />
      <LastUpdateTime />
    </Product>
    <Product>
      <PriceUpdateDate>2018/02/22 10:32</PriceUpdateDate>
      <ItemCode>7290109920603</ItemCode>
      <ItemType>1</ItemType>
      <ItemName>אסטוניש קרם מטבח 500 מל</ItemName>
      <ManufactureName>יעקב יעקבי ובניו בעמ</ManufactureName>
      <ManufactureCountry />
      <ManufactureItemDescription />
      <UnitQty>יח`</UnitQty>
      <Quantity>500</Quantity>
      <UnitMeasure>מ"ל</UnitMeasure>
      <BisWeighted>0</BisWeighted>
      <QtyInPackage>1</QtyInPackage>
      <ItemPrice>17.90</ItemPrice>
      <UnitOfMeasurePrice>3.58</UnitOfMeasurePrice>
      <AllowDiscount>0</AllowDiscount>
      <itemStatus>1</itemStatus>
      <LastUpdateDate />
      <LastUpdateTime />
    </Product>
    <Product>
      <PriceUpdateDate>2017/12/17 10:10</PriceUpdateDate>
      <ItemCode>7290109920665</ItemCode>
      <ItemType>1</ItemType>
      <ItemName>אסטוניש מרסס מסיר אוכל שרוף במטבח יעקובי</ItemName>
      <ManufactureName>יעקב יעקבי ובניו בעמ</ManufactureName>
      <ManufactureCountry />
      <ManufactureItemDescription />
      <UnitQty>יח`</UnitQty>
      <Quantity>750</Quantity>
      <UnitMeasure>מ"ל</UnitMeasure>
      <BisWeighted>0</BisWeighted>
      <QtyInPackage>1</QtyInPackage>
      <ItemPrice>11.90</ItemPrice>
      <UnitOfMeasurePrice>1.59</UnitOfMeasurePrice>
      <AllowDiscount>0</AllowDiscount>
      <itemStatus>1</itemStatus>
      <LastUpdateDate />
      <LastUpdateTime />
    </Product>
    <Product>
      <PriceUpdateDate>2017/12/17 10:10</PriceUpdateDate>
      <ItemCode>7290109920849</ItemCode>
      <ItemType>1</ItemType>
      <ItemName>אסטוניש מרסס תפוז לניקוי רב תכליתי יעקוב</ItemName>
      <ManufactureName>יעקב יעקבי ובניו בעמ</ManufactureName>
      <ManufactureCountry />
      <ManufactureItemDescription />
      <UnitQty>יח`</UnitQty>
      <Quantity>750</Quantity>
      <UnitMeasure>מ"ל</UnitMeasure>
      <BisWeighted>0</BisWeighted>
      <QtyInPackage>1</QtyInPackage>
      <ItemPrice>11.90</ItemPrice>
      <UnitOfMeasurePrice>1.59</UnitOfMeasurePrice>
      <AllowDiscount>0</AllowDiscount>
      <itemStatus>1</itemStatus>
      <LastUpdateDate />
      <LastUpdateTime />
    </Product>
    <Product>
      <PriceUpdateDate>2018/09/02 13:51</PriceUpdateDate>
      <ItemCode>7290109920917</ItemCode>
      <ItemType>1</ItemType>
      <ItemName>הפי ניקוי אסלה עם כלור 750 מל</ItemName>
      <ManufactureName>יעקב יעקבי ובניו בעמ</ManufactureName>
      <ManufactureCountry />
      <ManufactureItemDescription />
      <UnitQty>יח`</UnitQty>
      <Quantity>1</Quantity>
      <UnitMeasure />
      <BisWeighted>0</BisWeighted>
      <QtyInPackage>1</QtyInPackage>
      <ItemPrice>9.90</ItemPrice>
      <UnitOfMeasurePrice>9.90</UnitOfMeasurePrice>
      <AllowDiscount>0</AllowDiscount>
      <itemStatus>1</itemStatus>
      <LastUpdateDate />
      <LastUpdateTime />
    </Product>
    <Product>
      <PriceUpdateDate>2019/04/10 09:18</PriceUpdateDate>
      <ItemCode>7290109921372</ItemCode>
      <ItemType>1</ItemType>
      <ItemName>אסטוניש משחה לתנורים+ספוג  250 גר`</ItemName>
      <ManufactureName>יעקב יעקבי ובניו בעמ</ManufactureName>
      <ManufactureCountry />
      <ManufactureItemDescription />
      <UnitQty>יח`</UnitQty>
      <Quantity>250</Quantity>
      <UnitMeasure>מ"ל</UnitMeasure>
      <BisWeighted>0</BisWeighted>
      <QtyInPackage>1</QtyInPackage>
      <ItemPrice>17.90</ItemPrice>
      <UnitOfMeasurePrice>7.16</UnitOfMeasurePrice>
      <AllowDiscount>0</AllowDiscount>
      <itemStatus>1</itemStatus>
      <LastUpdateDate />
      <LastUpdateTime />
    </Product>
    <Product>
      <PriceUpdateDate>2019/10/10 12:22</PriceUpdateDate>
      <ItemCode>7290109921587</ItemCode>
      <ItemType>1</ItemType>
      <ItemName>יעקובי רצפות גרניט פורצלן 1.25 ליטר</ItemName>
      <ManufactureName>יעקב יעקבי ובניו בעמ</ManufactureName>
      <ManufactureCountry />
      <ManufactureItemDescription />
      <UnitQty>יח`</UnitQty>
      <Quantity>1.30</Quantity>
      <UnitMeasure>מ"ל</UnitMeasure>
      <BisWeighted>0</BisWeighted>
      <QtyInPackage>1</QtyInPackage>
      <ItemPrice>14.90</ItemPrice>
      <UnitOfMeasurePrice>1146.15</UnitOfMeasurePrice>
      <AllowDiscount>0</AllowDiscount>
      <itemStatus>1</itemStatus>
      <LastUpdateDate />
      <LastUpdateTime />
    </Product>
    <Product>
      <PriceUpdateDate>2017/02/06 08:07</PriceUpdateDate>
      <ItemCode>7290110056117</ItemCode>
      <ItemType>1</ItemType>
      <ItemName>מארז בלונים על מקל לניפוח עצמי i love yo</ItemName>
      <ManufactureName>שמחה זה אנחנו בעמ</ManufactureName>
      <ManufactureCountry />
      <ManufactureItemDescription />
      <UnitQty>יח`</UnitQty>
      <Quantity>1</Quantity>
      <UnitMeasure />
      <BisWeighted>0</BisWeighted>
      <QtyInPackage>1</QtyInPackage>
      <ItemPrice>29.90</ItemPrice>
      <UnitOfMeasurePrice>29.90</UnitOfMeasurePrice>
      <AllowDiscount>0</AllowDiscount>
      <itemStatus>1</itemStatus>
      <LastUpdateDate />
      <LastUpdateTime />
    </Product>
    <Product>
      <PriceUpdateDate>2017/06/25 13:11</PriceUpdateDate>
      <ItemCode>7290110058869</ItemCode>
      <ItemType>1</ItemType>
      <ItemName>שלישיית ביצי שוקולד-סמי  הכבאי</ItemName>
      <ManufactureName>שמחה זה אנחנו בעמ</ManufactureName>
      <ManufactureCountry />
      <ManufactureItemDescription />
      <UnitQty>יח`</UnitQty>
      <Quantity>60</Quantity>
      <UnitMeasure>גרם</UnitMeasure>
      <BisWeighted>0</BisWeighted>
      <QtyInPackage>1</QtyInPackage>
      <ItemPrice>12.90</ItemPrice>
      <UnitOfMeasurePrice>21.50</UnitOfMeasurePrice>
      <AllowDiscount>0</AllowDiscount>
      <itemStatus>1</itemStatus>
      <LastUpdateDate />
      <LastUpdateTime />
    </Product>
    <Product>
      <PriceUpdateDate>2018/11/16 11:33</PriceUpdateDate>
      <ItemCode>7290110110017</ItemCode>
      <ItemType>1</ItemType>
      <ItemName>משקה תות פאנטה (1.5 ליטר)</ItemName>
      <ManufactureName>החברה המרכזית להפצת משקאות בעמ</ManufactureName>
      <ManufactureCountry />
      <ManufactureItemDescription />
      <UnitQty>יח`</UnitQty>
      <Quantity>1.50</Quantity>
      <UnitMeasure>1 ליטר</UnitMeasure>
      <BisWeighted>0</BisWeighted>
      <QtyInPackage>1</QtyInPackage>
      <ItemPrice>7.70</ItemPrice>
      <UnitOfMeasurePrice>5.13</UnitOfMeasurePrice>
      <AllowDiscount>0</AllowDiscount>
      <itemStatus>1</itemStatus>
      <LastUpdateDate />
      <LastUpdateTime />
    </Product>
    <Product>
      <PriceUpdateDate>2018/11/16 11:32</PriceUpdateDate>
      <ItemCode>7290110110420</ItemCode>
      <ItemType>1</ItemType>
      <ItemName>פריגת צלול בטעם תפוחים 1.5 ליטר</ItemName>
      <ManufactureName>החברה המרכזית להפצת משקאות בעמ</ManufactureName>
      <ManufactureCountry />
      <ManufactureItemDescription />
      <UnitQty>יח`</UnitQty>
      <Quantity>1500</Quantity>
      <UnitMeasure>מ"ל</UnitMeasure>
      <BisWeighted>0</BisWeighted>
      <QtyInPackage>1</QtyInPackage>
      <ItemPrice>7.20</ItemPrice>
      <UnitOfMeasurePrice>0.48</UnitOfMeasurePrice>
      <AllowDiscount>1</AllowDiscount>
      <itemStatus>1</itemStatus>
      <LastUpdateDate />
      <LastUpdateTime />
    </Product>
    <Product>
      <PriceUpdateDate>2018/11/16 11:32</PriceUpdateDate>
      <ItemCode>7290110110437</ItemCode>
      <ItemType>1</ItemType>
      <ItemName>פריגת צלול בטעם אפרסק 1.5 ליטר</ItemName>
      <ManufactureName>החברה המרכזית להפצת משקאות בעמ</ManufactureName>
      <ManufactureCountry />
      <ManufactureItemDescription />
      <UnitQty>יח`</UnitQty>
      <Quantity>1500</Quantity>
      <UnitMeasure>מ"ל</UnitMeasure>
      <BisWeighted>0</BisWeighted>
      <QtyInPackage>1</QtyInPackage>
      <ItemPrice>7.20</ItemPrice>
      <UnitOfMeasurePrice>0.48</UnitOfMeasurePrice>
      <AllowDiscount>1</AllowDiscount>
      <itemStatus>1</itemStatus>
      <LastUpdateDate />
      <LastUpdateTime />
    </Product>
    <Product>
      <PriceUpdateDate>2018/11/16 11:32</PriceUpdateDate>
      <ItemCode>7290110110444</ItemCode>
      <ItemType>1</ItemType>
      <ItemName>פריגת צלול בטעם אננס 1.5 ליטר</ItemName>
      <ManufactureName>החברה המרכזית להפצת משקאות בעמ</ManufactureName>
      <ManufactureCountry />
      <ManufactureItemDescription />
      <UnitQty>יח`</UnitQty>
      <Quantity>1500</Quantity>
      <UnitMeasure>מ"ל</UnitMeasure>
      <BisWeighted>0</BisWeighted>
      <QtyInPackage>1</QtyInPackage>
      <ItemPrice>7.20</ItemPrice>
      <UnitOfMeasurePrice>0.48</UnitOfMeasurePrice>
      <AllowDiscount>1</AllowDiscount>
      <itemStatus>1</itemStatus>
      <LastUpdateDate />
      <LastUpdateTime />
    </Product>
    <Product>
      <PriceUpdateDate>2018/11/16 11:32</PriceUpdateDate>
      <ItemCode>7290110110581</ItemCode>
      <ItemType>1</ItemType>
      <ItemName>בקבוק קוקה-קולהז זירו נטול (1.5 ליטר)</ItemName>
      <ManufactureName>החברה המרכזית להפצת משקאות בעמ</ManufactureName>
      <ManufactureCountry />
      <ManufactureItemDescription />
      <UnitQty>יח`</UnitQty>
      <Quantity>1500</Quantity>
      <UnitMeasure>מ"ל</UnitMeasure>
      <BisWeighted>0</BisWeighted>
      <QtyInPackage>1</QtyInPackage>
      <ItemPrice>6.90</ItemPrice>
      <UnitOfMeasurePrice>0.46</UnitOfMeasurePrice>
      <AllowDiscount>0</AllowDiscount>
      <itemStatus>1</itemStatus>
      <LastUpdateDate />
      <LastUpdateTime />
    </Product>
    <Product>
      <PriceUpdateDate>2018/11/16 11:32</PriceUpdateDate>
      <ItemCode>7290110110598</ItemCode>
      <ItemType>1</ItemType>
      <ItemName>בקבוק קוקה-קולה זירו לימון 1.5 ליטר</ItemName>
      <ManufactureName>החברה המרכזית להפצת משקאות בעמ</ManufactureName>
      <ManufactureCountry />
      <ManufactureItemDescription />
      <UnitQty>יח`</UnitQty>
      <Quantity>1500</Quantity>
      <UnitMeasure>מ"ל</UnitMeasure>
      <BisWeighted>0</BisWeighted>
      <QtyInPackage>1</QtyInPackage>
      <ItemPrice>6.90</ItemPrice>
      <UnitOfMeasurePrice>0.46</UnitOfMeasurePrice>
      <AllowDiscount>0</AllowDiscount>
      <itemStatus>1</itemStatus>
      <LastUpdateDate />
      <LastUpdateTime />
    </Product>
    <Product>
      <PriceUpdateDate>2018/04/16 12:05</PriceUpdateDate>
      <ItemCode>7290110110611</ItemCode>
      <ItemType>1</ItemType>
      <ItemName>ספרייט ליים 1.5 ליטר</ItemName>
      <ManufactureName>החברה המרכזית להפצת משקאות בעמ</ManufactureName>
      <ManufactureCountry />
      <ManufactureItemDescription />
      <UnitQty>יח`</UnitQty>
      <Quantity>1.50</Quantity>
      <UnitMeasure>1 ליטר</UnitMeasure>
      <BisWeighted>0</BisWeighted>
      <QtyInPackage>1</QtyInPackage>
      <ItemPrice>6.90</ItemPrice>
      <UnitOfMeasurePrice>4.60</UnitOfMeasurePrice>
      <AllowDiscount>0</AllowDiscount>
      <itemStatus>1</itemStatus>
      <LastUpdateDate />
      <LastUpdateTime />
    </Product>
    <Product>
      <PriceUpdateDate>2018/11/16 11:33</PriceUpdateDate>
      <ItemCode>7290110110628</ItemCode>
      <ItemType>1</ItemType>
      <ItemName>מארז משקה מוגז בטעם לימון ליים ספרייט 6x</ItemName>
      <ManufactureName>החברה המרכזית להפצת משקאות בעמ</ManufactureName>
      <ManufactureCountry />
      <ManufactureItemDescription />
      <UnitQty>יח`</UnitQty>
      <Quantity>9</Quantity>
      <UnitMeasure>1 ליטר</UnitMeasure>
      <BisWeighted>0</BisWeighted>
      <QtyInPackage>1</QtyInPackage>
      <ItemPrice>37.90</ItemPrice>
      <UnitOfMeasurePrice>4.21</UnitOfMeasurePrice>
      <AllowDiscount>0</AllowDiscount>
      <itemStatus>1</itemStatus>
      <LastUpdateDate />
      <LastUpdateTime />
    </Product>
    <Product>
      <PriceUpdateDate>2018/04/15 08:48</PriceUpdateDate>
      <ItemCode>7290110110635</ItemCode>
      <ItemType>1</ItemType>
      <ItemName>ספרייט ליים 500 מל</ItemName>
      <ManufactureName>החברה המרכזית להפצת משקאות בעמ</ManufactureName>
      <ManufactureCountry />
      <ManufactureItemDescription />
      <UnitQty>יח`</UnitQty>
      <Quantity>500</Quantity>
      <UnitMeasure>מ"ל</UnitMeasure>
      <BisWeighted>0</BisWeighted>
      <QtyInPackage>1</QtyInPackage>
      <ItemPrice>5.90</ItemPrice>
      <UnitOfMeasurePrice>1.12</UnitOfMeasurePrice>
      <AllowDiscount>0</AllowDiscount>
      <itemStatus>1</itemStatus>
      <LastUpdateDate />
      <LastUpdateTime />
    </Product>
    <Product>
      <PriceUpdateDate>2018/04/15 08:48</PriceUpdateDate>
      <ItemCode>7290110110659</ItemCode>
      <ItemType>1</ItemType>
      <ItemName>פחית ספרייט ליים 330 מל סליק</ItemName>
      <ManufactureName>החברה המרכזית להפצת משקאות בעמ</ManufactureName>
      <ManufactureCountry />
      <ManufactureItemDescription />
      <UnitQty>יח`</UnitQty>
      <Quantity>330</Quantity>
      <UnitMeasure>מ"ל</UnitMeasure>
      <BisWeighted>0</BisWeighted>
      <QtyInPackage>1</QtyInPackage>
      <ItemPrice>4.50</ItemPrice>
      <UnitOfMeasurePrice>1.27</UnitOfMeasurePrice>
      <AllowDiscount>1</AllowDiscount>
      <itemStatus>1</itemStatus>
      <LastUpdateDate />
      <LastUpdateTime />
    </Product>
    <Product>
      <PriceUpdateDate>2018/11/16 11:32</PriceUpdateDate>
      <ItemCode>7290110110758</ItemCode>
      <ItemType>1</ItemType>
      <ItemName>פיוז טי לימון נענע 1.5 ליטר</ItemName>
      <ManufactureName>החברה המרכזית להפצת משקאות בעמ</ManufactureName>
      <ManufactureCountry />
      <ManufactureItemDescription />
      <UnitQty>יח`</UnitQty>
      <Quantity>1500</Quantity>
      <UnitMeasure>מ"ל</UnitMeasure>
      <BisWeighted>0</BisWeighted>
      <QtyInPackage>1</QtyInPackage>
      <ItemPrice>7.20</ItemPrice>
      <UnitOfMeasurePrice>0.48</UnitOfMeasurePrice>
      <AllowDiscount>0</AllowDiscount>
      <itemStatus>1</itemStatus>
      <LastUpdateDate />
      <LastUpdateTime />
    </Product>
    <Product>
      <PriceUpdateDate>2019/08/08 08:24</PriceUpdateDate>
      <ItemCode>7290110111687</ItemCode>
      <ItemType>1</ItemType>
      <ItemName>פריגת צלול בטעם מנגו 1.5 ליטר</ItemName>
      <ManufactureName>החברה המרכזית להפצת משקאות בעמ</ManufactureName>
      <ManufactureCountry />
      <ManufactureItemDescription />
      <UnitQty>יח`</UnitQty>
      <Quantity>1500</Quantity>
      <UnitMeasure>מ"ל</UnitMeasure>
      <BisWeighted>0</BisWeighted>
      <QtyInPackage>1</QtyInPackage>
      <ItemPrice>7.20</ItemPrice>
      <UnitOfMeasurePrice>0.48</UnitOfMeasurePrice>
      <AllowDiscount>0</AllowDiscount>
      <itemStatus>1</itemStatus>
      <LastUpdateDate />
      <LastUpdateTime />
    </Product>
    <Product>
      <PriceUpdateDate>2019/05/16 10:10</PriceUpdateDate>
      <ItemCode>7290110111694</ItemCode>
      <ItemType>1</ItemType>
      <ItemName>פריגת צלול בטעם לימוענע 1.5 ליטר</ItemName>
      <ManufactureName>החברה המרכזית להפצת משקאות בעמ</ManufactureName>
      <ManufactureCountry />
      <ManufactureItemDescription />
      <UnitQty>יח`</UnitQty>
      <Quantity>1500</Quantity>
      <UnitMeasure>מ"ל</UnitMeasure>
      <BisWeighted>0</BisWeighted>
      <QtyInPackage>1</QtyInPackage>
      <ItemPrice>7.20</ItemPrice>
      <UnitOfMeasurePrice>0.48</UnitOfMeasurePrice>
      <AllowDiscount>1</AllowDiscount>
      <itemStatus>1</itemStatus>
      <LastUpdateDate />
      <LastUpdateTime />
    </Product>
    <Product>
      <PriceUpdateDate>2019/03/10 13:12</PriceUpdateDate>
      <ItemCode>7290110112134</ItemCode>
      <ItemType>1</ItemType>
      <ItemName>פיוז תה גרין פירות יער 1.5 ליטר</ItemName>
      <ManufactureName>החברה המרכזית להפצת משקאות בעמ</ManufactureName>
      <ManufactureCountry />
      <ManufactureItemDescription />
      <UnitQty>יח`</UnitQty>
      <Quantity>1</Quantity>
      <UnitMeasure />
      <BisWeighted>0</BisWeighted>
      <QtyInPackage>1</QtyInPackage>
      <ItemPrice>7.20</ItemPrice>
      <UnitOfMeasurePrice>7.20</UnitOfMeasurePrice>
      <AllowDiscount>0</AllowDiscount>
      <itemStatus>1</itemStatus>
      <LastUpdateDate />
      <LastUpdateTime />
    </Product>
    <Product>
      <PriceUpdateDate>2019/07/09 14:13</PriceUpdateDate>
      <ItemCode>7290110112325</ItemCode>
      <ItemType>1</ItemType>
      <ItemName>פריגת 1.5 ליטר אננס קוקוס</ItemName>
      <ManufactureName>החברה המרכזית להפצת משקאות בעמ</ManufactureName>
      <ManufactureCountry />
      <ManufactureItemDescription />
      <UnitQty>יח`</UnitQty>
      <Quantity>1</Quantity>
      <UnitMeasure />
      <BisWeighted>0</BisWeighted>
      <QtyInPackage>1</QtyInPackage>
      <ItemPrice>7.20</ItemPrice>
      <UnitOfMeasurePrice>7.20</UnitOfMeasurePrice>
      <AllowDiscount>0</AllowDiscount>
      <itemStatus>1</itemStatus>
      <LastUpdateDate />
      <LastUpdateTime />
    </Product>
    <Product>
      <PriceUpdateDate>2019/11/21 15:32</PriceUpdateDate>
      <ItemCode>7290110113308</ItemCode>
      <ItemType>1</ItemType>
      <ItemName>פריגת צלול בטעם תפוזים 1.5 ליטר</ItemName>
      <ManufactureName>החברה המרכזית להפצת משקאות בעמ</ManufactureName>
      <ManufactureCountry />
      <ManufactureItemDescription />
      <UnitQty>יח`</UnitQty>
      <Quantity>1500</Quantity>
      <UnitMeasure>מ"ל</UnitMeasure>
      <BisWeighted>0</BisWeighted>
      <QtyInPackage>1</QtyInPackage>
      <ItemPrice>7.20</ItemPrice>
      <UnitOfMeasurePrice>0.48</UnitOfMeasurePrice>
      <AllowDiscount>1</AllowDiscount>
      <itemStatus>1</itemStatus>
      <LastUpdateDate />
      <LastUpdateTime />
    </Product>
    <Product>
      <PriceUpdateDate>2018/08/13 09:32</PriceUpdateDate>
      <ItemCode>7290110320591</ItemCode>
      <ItemType>1</ItemType>
      <ItemName>בולגרית 16% במרקם מעודן 250 גר</ItemName>
      <ManufactureName>תנובה - חלב</ManufactureName>
      <ManufactureCountry />
      <ManufactureItemDescription />
      <UnitQty>יח`</UnitQty>
      <Quantity>250</Quantity>
      <UnitMeasure>גרם</UnitMeasure>
      <BisWeighted>0</BisWeighted>
      <QtyInPackage>1</QtyInPackage>
      <ItemPrice>21.90</ItemPrice>
      <UnitOfMeasurePrice>8.76</UnitOfMeasurePrice>
      <AllowDiscount>0</AllowDiscount>
      <itemStatus>1</itemStatus>
      <LastUpdateDate />
      <LastUpdateTime />
    </Product>
    <Product>
      <PriceUpdateDate>2018/08/13 09:32</PriceUpdateDate>
      <ItemCode>7290110320683</ItemCode>
      <ItemType>1</ItemType>
      <ItemName>משקה יופלה בטעם תות שמינייה תנובה</ItemName>
      <ManufactureName>תנובה - חלב</ManufactureName>
      <ManufactureCountry />
      <ManufactureItemDescription />
      <UnitQty>יח`</UnitQty>
      <Quantity>0.90</Quantity>
      <UnitMeasure>גרם</UnitMeasure>
      <BisWeighted>0</BisWeighted>
      <QtyInPackage>1</QtyInPackage>
      <ItemPrice>17.50</ItemPrice>
      <UnitOfMeasurePrice>1944.44</UnitOfMeasurePrice>
      <AllowDiscount>1</AllowDiscount>
      <itemStatus>1</itemStatus>
      <LastUpdateDate />
      <LastUpdateTime />
    </Product>
    <Product>
      <PriceUpdateDate>2018/04/12 08:16</PriceUpdateDate>
      <ItemCode>7290110320744</ItemCode>
      <ItemType>1</ItemType>
      <ItemName>גבינת גרנה פדנו 150 גר`</ItemName>
      <ManufactureName>תנובה - חלב</ManufactureName>
      <ManufactureCountry />
      <ManufactureItemDescription />
      <UnitQty>יח`</UnitQty>
      <Quantity>150</Quantity>
      <UnitMeasure>גרם</UnitMeasure>
      <BisWeighted>0</BisWeighted>
      <QtyInPackage>1</QtyInPackage>
      <ItemPrice>21.90</ItemPrice>
      <UnitOfMeasurePrice>14.60</UnitOfMeasurePrice>
      <AllowDiscount>0</AllowDiscount>
      <itemStatus>1</itemStatus>
      <LastUpdateDate />
      <LastUpdateTime />
    </Product>
    <Product>
      <PriceUpdateDate>2018/08/13 09:32</PriceUpdateDate>
      <ItemCode>7290110320775</ItemCode>
      <ItemType>1</ItemType>
      <ItemName>משקה יופלה בטעם קלאסי שמינייה תנובה</ItemName>
      <ManufactureName>תנובה - חלב</ManufactureName>
      <ManufactureCountry />
      <ManufactureItemDescription />
      <UnitQty>יח`</UnitQty>
      <Quantity>0.90</Quantity>
      <UnitMeasure>גרם</UnitMeasure>
      <BisWeighted>0</BisWeighted>
      <QtyInPackage>1</QtyInPackage>
      <ItemPrice>17.50</ItemPrice>
      <UnitOfMeasurePrice>1944.44</UnitOfMeasurePrice>
      <AllowDiscount>1</AllowDiscount>
      <itemStatus>1</itemStatus>
      <LastUpdateDate />
      <LastUpdateTime />
    </Product>
    <Product>
      <PriceUpdateDate>2017/07/13 11:07</PriceUpdateDate>
      <ItemCode>7290110320850</ItemCode>
      <ItemType>1</ItemType>
      <ItemName>פתיתי עמק 200 גר</ItemName>
      <ManufactureName>תנובה - חלב</ManufactureName>
      <ManufactureCountry />
      <ManufactureItemDescription />
      <UnitQty>יח`</UnitQty>
      <Quantity>200</Quantity>
      <UnitMeasure>גרם</UnitMeasure>
      <BisWeighted>0</BisWeighted>
      <QtyInPackage>1</QtyInPackage>
      <ItemPrice>14.90</ItemPrice>
      <UnitOfMeasurePrice>7.45</UnitOfMeasurePrice>
      <AllowDiscount>0</AllowDiscount>
      <itemStatus>1</itemStatus>
      <LastUpdateDate />
      <LastUpdateTime />
    </Product>
    <Product>
      <PriceUpdateDate>2017/07/13 11:07</PriceUpdateDate>
      <ItemCode>7290110320867</ItemCode>
      <ItemType>1</ItemType>
      <ItemName>פתיתי עמק למאפים 28% 500 גר</ItemName>
      <ManufactureName>תנובה - חלב</ManufactureName>
      <ManufactureCountry />
      <ManufactureItemDescription />
      <UnitQty>יח`</UnitQty>
      <Quantity>500</Quantity>
      <UnitMeasure>גרם</UnitMeasure>
      <BisWeighted>0</BisWeighted>
      <QtyInPackage>1</QtyInPackage>
      <ItemPrice>34.90</ItemPrice>
      <UnitOfMeasurePrice>6.98</UnitOfMeasurePrice>
      <AllowDiscount>0</AllowDiscount>
      <itemStatus>1</itemStatus>
      <LastUpdateDate />
      <LastUpdateTime />
    </Product>
    <Product>
      <PriceUpdateDate>2017/10/04 07:46</PriceUpdateDate>
      <ItemCode>7290110321048</ItemCode>
      <ItemType>1</ItemType>
      <ItemName>GO יופלה במתיקות מעודנת 200</ItemName>
      <ManufactureName>תנובה - חלב</ManufactureName>
      <ManufactureCountry />
      <ManufactureItemDescription />
      <UnitQty>יח`</UnitQty>
      <Quantity>200</Quantity>
      <UnitMeasure>מ"ל</UnitMeasure>
      <BisWeighted>0</BisWeighted>
      <QtyInPackage>1</QtyInPackage>
      <ItemPrice>5.30</ItemPrice>
      <UnitOfMeasurePrice>2.65</UnitOfMeasurePrice>
      <AllowDiscount>1</AllowDiscount>
      <itemStatus>1</itemStatus>
      <LastUpdateDate />
      <LastUpdateTime />
    </Product>
    <Product>
      <PriceUpdateDate>2018/08/13 09:32</PriceUpdateDate>
      <ItemCode>7290110321222</ItemCode>
      <ItemType>1</ItemType>
      <ItemName>יולו שוקולד לבן בטעם קרם פטיסייר ופטל 12</ItemName>
      <ManufactureName>תנובה - חלב</ManufactureName>
      <ManufactureCountry />
      <ManufactureItemDescription />
      <UnitQty>יח`</UnitQty>
      <Quantity>122</Quantity>
      <UnitMeasure>גרם</UnitMeasure>
      <BisWeighted>0</BisWeighted>
      <QtyInPackage>1</QtyInPackage>
      <ItemPrice>4.50</ItemPrice>
      <UnitOfMeasurePrice>3.69</UnitOfMeasurePrice>
      <AllowDiscount>1</AllowDiscount>
      <itemStatus>1</itemStatus>
      <LastUpdateDate />
      <LastUpdateTime />
    </Product>
    <Product>
      <PriceUpdateDate>2018/08/13 09:32</PriceUpdateDate>
      <ItemCode>7290110321239</ItemCode>
      <ItemType>1</ItemType>
      <ItemName>מעדן יולו שכבות שוקולד לבן וחלב בטעם קרמ</ItemName>
      <ManufactureName>תנובה - חלב</ManufactureName>
      <ManufactureCountry />
      <ManufactureItemDescription />
      <UnitQty>יח`</UnitQty>
      <Quantity>122</Quantity>
      <UnitMeasure>גרם</UnitMeasure>
      <BisWeighted>0</BisWeighted>
      <QtyInPackage>1</QtyInPackage>
      <ItemPrice>4.50</ItemPrice>
      <UnitOfMeasurePrice>3.69</UnitOfMeasurePrice>
      <AllowDiscount>1</AllowDiscount>
      <itemStatus>1</itemStatus>
      <LastUpdateDate />
      <LastUpdateTime />
    </Product>
    <Product>
      <PriceUpdateDate>2018/01/23 15:38</PriceUpdateDate>
      <ItemCode>7290110321277</ItemCode>
      <ItemType>1</ItemType>
      <ItemName>קוטג בקטנה 5% מהדרין 100  גר`תנובה</ItemName>
      <ManufactureName>תנובה - חלב</ManufactureName>
      <ManufactureCountry />
      <ManufactureItemDescription />
      <UnitQty>יח`</UnitQty>
      <Quantity>100</Quantity>
      <UnitMeasure>גרם</UnitMeasure>
      <BisWeighted>0</BisWeighted>
      <QtyInPackage>1</QtyInPackage>
      <ItemPrice>2.30</ItemPrice>
      <UnitOfMeasurePrice>2.30</UnitOfMeasurePrice>
      <AllowDiscount>0</AllowDiscount>
      <itemStatus>1</itemStatus>
      <LastUpdateDate />
      <LastUpdateTime />
    </Product>
    <Product>
      <PriceUpdateDate>2018/01/23 15:38</PriceUpdateDate>
      <ItemCode>7290110321284</ItemCode>
      <ItemType>1</ItemType>
      <ItemName>קוטג בקטנה 9% מהדרין 100  גר`תנובה</ItemName>
      <ManufactureName>תנובה - חלב</ManufactureName>
      <ManufactureCountry />
      <ManufactureItemDescription />
      <UnitQty>יח`</UnitQty>
      <Quantity>100</Quantity>
      <UnitMeasure>גרם</UnitMeasure>
      <BisWeighted>0</BisWeighted>
      <QtyInPackage>1</QtyInPackage>
      <ItemPrice>2.30</ItemPrice>
      <UnitOfMeasurePrice>2.30</UnitOfMeasurePrice>
      <AllowDiscount>0</AllowDiscount>
      <itemStatus>1</itemStatus>
      <LastUpdateDate />
      <LastUpdateTime />
    </Product>
    <Product>
      <PriceUpdateDate>2018/05/13 11:13</PriceUpdateDate>
      <ItemCode>7290110321505</ItemCode>
      <ItemType>1</ItemType>
      <ItemName>יופלה דיאט קוקוס 150 מל תנובה</ItemName>
      <ManufactureName>תנובה - חלב</ManufactureName>
      <ManufactureCountry />
      <ManufactureItemDescription />
      <UnitQty>יח`</UnitQty>
      <Quantity>150</Quantity>
      <UnitMeasure>מ"ל</UnitMeasure>
      <BisWeighted>0</BisWeighted>
      <QtyInPackage>1</QtyInPackage>
      <ItemPrice>4.90</ItemPrice>
      <UnitOfMeasurePrice>3.27</UnitOfMeasurePrice>
      <AllowDiscount>1</AllowDiscount>
      <itemStatus>1</itemStatus>
      <LastUpdateDate />
      <LastUpdateTime />
    </Product>
    <Product>
      <PriceUpdateDate>2018/08/13 09:32</PriceUpdateDate>
      <ItemCode>7290110321604</ItemCode>
      <ItemType>1</ItemType>
      <ItemName>גבינה בולגרית מעודנת 5% שומן+תערובת  גרע</ItemName>
      <ManufactureName>תנובה - חלב</ManufactureName>
      <ManufactureCountry />
      <ManufactureItemDescription />
      <UnitQty>יח`</UnitQty>
      <Quantity>200</Quantity>
      <UnitMeasure>גרם</UnitMeasure>
      <BisWeighted>0</BisWeighted>
      <QtyInPackage>1</QtyInPackage>
      <ItemPrice>20.90</ItemPrice>
      <UnitOfMeasurePrice>10.45</UnitOfMeasurePrice>
      <AllowDiscount>0</AllowDiscount>
      <itemStatus>1</itemStatus>
      <LastUpdateDate />
      <LastUpdateTime />
    </Product>
    <Product>
      <PriceUpdateDate>2018/02/04 12:43</PriceUpdateDate>
      <ItemCode>7290110321680</ItemCode>
      <ItemType>1</ItemType>
      <ItemName>יופלה תות GO 200 מל</ItemName>
      <ManufactureName>תנובה - חלב</ManufactureName>
      <ManufactureCountry />
      <ManufactureItemDescription />
      <UnitQty>יח`</UnitQty>
      <Quantity>200</Quantity>
      <UnitMeasure>מ"ל</UnitMeasure>
      <BisWeighted>0</BisWeighted>
      <QtyInPackage>1</QtyInPackage>
      <ItemPrice>5.60</ItemPrice>
      <UnitOfMeasurePrice>2.80</UnitOfMeasurePrice>
      <AllowDiscount>1</AllowDiscount>
      <itemStatus>1</itemStatus>
      <LastUpdateDate />
      <LastUpdateTime />
    </Product>
    <Product>
      <PriceUpdateDate>2018/02/04 12:43</PriceUpdateDate>
      <ItemCode>7290110321697</ItemCode>
      <ItemType>1</ItemType>
      <ItemName>יופלה אפרסק GO 200 מל</ItemName>
      <ManufactureName>תנובה - חלב</ManufactureName>
      <ManufactureCountry />
      <ManufactureItemDescription />
      <UnitQty>יח`</UnitQty>
      <Quantity>200</Quantity>
      <UnitMeasure>מ"ל</UnitMeasure>
      <BisWeighted>0</BisWeighted>
      <QtyInPackage>1</QtyInPackage>
      <ItemPrice>5.60</ItemPrice>
      <UnitOfMeasurePrice>2.80</UnitOfMeasurePrice>
      <AllowDiscount>1</AllowDiscount>
      <itemStatus>1</itemStatus>
      <LastUpdateDate />
      <LastUpdateTime />
    </Product>
    <Product>
      <PriceUpdateDate>2018/05/13 11:13</PriceUpdateDate>
      <ItemCode>7290110321703</ItemCode>
      <ItemType>1</ItemType>
      <ItemName>יופלה פירות יער 200 מל GO תנובה</ItemName>
      <ManufactureName>תנובה - חלב</ManufactureName>
      <ManufactureCountry />
      <ManufactureItemDescription />
      <UnitQty>יח`</UnitQty>
      <Quantity>200</Quantity>
      <UnitMeasure>מ"ל</UnitMeasure>
      <BisWeighted>0</BisWeighted>
      <QtyInPackage>1</QtyInPackage>
      <ItemPrice>5.60</ItemPrice>
      <UnitOfMeasurePrice>2.80</UnitOfMeasurePrice>
      <AllowDiscount>1</AllowDiscount>
      <itemStatus>1</itemStatus>
      <LastUpdateDate />
      <LastUpdateTime />
    </Product>
    <Product>
      <PriceUpdateDate>2019/05/07 16:31</PriceUpdateDate>
      <ItemCode>7290110321789</ItemCode>
      <ItemType>1</ItemType>
      <ItemName>גבינת מסקרפונה 38% שומן 250  גר`השף הלבן</ItemName>
      <ManufactureName>תנובה - חלב</ManufactureName>
      <ManufactureCountry />
      <ManufactureItemDescription />
      <UnitQty>יח`</UnitQty>
      <Quantity>250</Quantity>
      <UnitMeasure>גרם</UnitMeasure>
      <BisWeighted>0</BisWeighted>
      <QtyInPackage>1</QtyInPackage>
      <ItemPrice>19.90</ItemPrice>
      <UnitOfMeasurePrice>7.96</UnitOfMeasurePrice>
      <AllowDiscount>0</AllowDiscount>
      <itemStatus>1</itemStatus>
      <LastUpdateDate />
      <LastUpdateTime />
    </Product>
    <Product>
      <PriceUpdateDate>2018/05/13 11:13</PriceUpdateDate>
      <ItemCode>7290110322014</ItemCode>
      <ItemType>1</ItemType>
      <ItemName>טופו בטעם טבעי 300  גר`תנובה</ItemName>
      <ManufactureName>תנובה - חלב</ManufactureName>
      <ManufactureCountry />
      <ManufactureItemDescription />
      <UnitQty>יח`</UnitQty>
      <Quantity>300</Quantity>
      <UnitMeasure>גרם</UnitMeasure>
      <BisWeighted>0</BisWeighted>
      <QtyInPackage>1</QtyInPackage>
      <ItemPrice>11.90</ItemPrice>
      <UnitOfMeasurePrice>3.97</UnitOfMeasurePrice>
      <AllowDiscount>0</AllowDiscount>
      <itemStatus>1</itemStatus>
      <LastUpdateDate />
      <LastUpdateTime />
    </Product>
    <Product>
      <PriceUpdateDate>2018/05/13 11:13</PriceUpdateDate>
      <ItemCode>7290110322038</ItemCode>
      <ItemType>1</ItemType>
      <ItemName>טופו בטעם פיקנטי 300  גר`תנובה</ItemName>
      <ManufactureName>תנובה - חלב</ManufactureName>
      <ManufactureCountry />
      <ManufactureItemDescription />
      <UnitQty>יח`</UnitQty>
      <Quantity>300</Quantity>
      <UnitMeasure>גרם</UnitMeasure>
      <BisWeighted>0</BisWeighted>
      <QtyInPackage>1</QtyInPackage>
      <ItemPrice>11.90</ItemPrice>
      <UnitOfMeasurePrice>3.97</UnitOfMeasurePrice>
      <AllowDiscount>0</AllowDiscount>
      <itemStatus>1</itemStatus>
      <LastUpdateDate />
      <LastUpdateTime />
    </Product>
    <Product>
      <PriceUpdateDate>2018/10/25 11:09</PriceUpdateDate>
      <ItemCode>7290110322946</ItemCode>
      <ItemType>1</ItemType>
      <ItemName>יופלה טיוב במרקם חלק בטעם תות בננה 348 ג</ItemName>
      <ManufactureName>תנובה - חלב</ManufactureName>
      <ManufactureCountry />
      <ManufactureItemDescription />
      <UnitQty>יח`</UnitQty>
      <Quantity>348</Quantity>
      <UnitMeasure>גרם</UnitMeasure>
      <BisWeighted>0</BisWeighted>
      <QtyInPackage>1</QtyInPackage>
      <ItemPrice>11.90</ItemPrice>
      <UnitOfMeasurePrice>3.42</UnitOfMeasurePrice>
      <AllowDiscount>0</AllowDiscount>
      <itemStatus>1</itemStatus>
      <LastUpdateDate />
      <LastUpdateTime />
    </Product>
    <Product>
      <PriceUpdateDate>2018/09/06 13:02</PriceUpdateDate>
      <ItemCode>7290110323066</ItemCode>
      <ItemType>1</ItemType>
      <ItemName>יופלה משקה יוגורט מועשר בחלבון עם בננה ו</ItemName>
      <ManufactureName>תנובה - חלב</ManufactureName>
      <ManufactureCountry />
      <ManufactureItemDescription />
      <UnitQty>יח`</UnitQty>
      <Quantity>1</Quantity>
      <UnitMeasure />
      <BisWeighted>0</BisWeighted>
      <QtyInPackage>1</QtyInPackage>
      <ItemPrice>6.10</ItemPrice>
      <UnitOfMeasurePrice>6.10</UnitOfMeasurePrice>
      <AllowDiscount>1</AllowDiscount>
      <itemStatus>1</itemStatus>
      <LastUpdateDate />
      <LastUpdateTime />
    </Product>
    <Product>
      <PriceUpdateDate>2018/09/06 13:02</PriceUpdateDate>
      <ItemCode>7290110323073</ItemCode>
      <ItemType>1</ItemType>
      <ItemName>יופלה משקה יוגורט מועשר בחלבון עם תות ופ</ItemName>
      <ManufactureName>תנובה - חלב</ManufactureName>
      <ManufactureCountry />
      <ManufactureItemDescription />
      <UnitQty>יח`</UnitQty>
      <Quantity>1</Quantity>
      <UnitMeasure />
      <BisWeighted>0</BisWeighted>
      <QtyInPackage>1</QtyInPackage>
      <ItemPrice>6.10</ItemPrice>
      <UnitOfMeasurePrice>6.10</UnitOfMeasurePrice>
      <AllowDiscount>1</AllowDiscount>
      <itemStatus>1</itemStatus>
      <LastUpdateDate />
      <LastUpdateTime />
    </Product>
    <Product>
      <PriceUpdateDate>2018/12/20 11:24</PriceUpdateDate>
      <ItemCode>7290110323097</ItemCode>
      <ItemType>1</ItemType>
      <ItemName>תאומים 80  גר`גביע תנובה</ItemName>
      <ManufactureName>תנובה - חלב</ManufactureName>
      <ManufactureCountry />
      <ManufactureItemDescription />
      <UnitQty>יח`</UnitQty>
      <Quantity>80</Quantity>
      <UnitMeasure>גרם</UnitMeasure>
      <BisWeighted>0</BisWeighted>
      <QtyInPackage>1</QtyInPackage>
      <ItemPrice>1.80</ItemPrice>
      <UnitOfMeasurePrice>2.25</UnitOfMeasurePrice>
      <AllowDiscount>0</AllowDiscount>
      <itemStatus>1</itemStatus>
      <LastUpdateDate />
      <LastUpdateTime />
    </Product>
    <Product>
      <PriceUpdateDate>2019/05/13 10:20</PriceUpdateDate>
      <ItemCode>7290110323202</ItemCode>
      <ItemType>1</ItemType>
      <ItemName>יופלה בטעם אננס 200 גר` GO</ItemName>
      <ManufactureName>תנובה - חלב</ManufactureName>
      <ManufactureCountry />
      <ManufactureItemDescription />
      <UnitQty>יח`</UnitQty>
      <Quantity>200</Quantity>
      <UnitMeasure>מ"ל</UnitMeasure>
      <BisWeighted>0</BisWeighted>
      <QtyInPackage>1</QtyInPackage>
      <ItemPrice>5.60</ItemPrice>
      <UnitOfMeasurePrice>2.80</UnitOfMeasurePrice>
      <AllowDiscount>1</AllowDiscount>
      <itemStatus>1</itemStatus>
      <LastUpdateDate />
      <LastUpdateTime />
    </Product>
    <Product>
      <PriceUpdateDate>2018/10/14 13:07</PriceUpdateDate>
      <ItemCode>7290110323219</ItemCode>
      <ItemType>1</ItemType>
      <ItemName>יוגורט GO בתוספת גרנולה מעושרת בחלבון ע</ItemName>
      <ManufactureName>תנובה - חלב</ManufactureName>
      <ManufactureCountry />
      <ManufactureItemDescription />
      <UnitQty>יח`</UnitQty>
      <Quantity>170</Quantity>
      <UnitMeasure>גרם</UnitMeasure>
      <BisWeighted>0</BisWeighted>
      <QtyInPackage>1</QtyInPackage>
      <ItemPrice>5.90</ItemPrice>
      <UnitOfMeasurePrice>3.47</UnitOfMeasurePrice>
      <AllowDiscount>1</AllowDiscount>
      <itemStatus>1</itemStatus>
      <LastUpdateDate />
      <LastUpdateTime />
    </Product>
    <Product>
      <PriceUpdateDate>2018/10/14 13:07</PriceUpdateDate>
      <ItemCode>7290110323226</ItemCode>
      <ItemType>1</ItemType>
      <ItemName>יוגורט GO בתוספת גרנולה מעושרת בחלבון ע</ItemName>
      <ManufactureName>תנובה - חלב</ManufactureName>
      <ManufactureCountry />
      <ManufactureItemDescription />
      <UnitQty>יח`</UnitQty>
      <Quantity>170</Quantity>
      <UnitMeasure>גרם</UnitMeasure>
      <BisWeighted>0</BisWeighted>
      <QtyInPackage>1</QtyInPackage>
      <ItemPrice>5.90</ItemPrice>
      <UnitOfMeasurePrice>3.47</UnitOfMeasurePrice>
      <AllowDiscount>1</AllowDiscount>
      <itemStatus>1</itemStatus>
      <LastUpdateDate />
      <LastUpdateTime />
    </Product>
    <Product>
      <PriceUpdateDate>2018/12/23 11:03</PriceUpdateDate>
      <ItemCode>7290110323585</ItemCode>
      <ItemType>1</ItemType>
      <ItemName>יוגורט GO עם דובדבן מופחת קולריות 200 ג</ItemName>
      <ManufactureName>תנובה - חלב</ManufactureName>
      <ManufactureCountry />
      <ManufactureItemDescription />
      <UnitQty>יח`</UnitQty>
      <Quantity>200</Quantity>
      <UnitMeasure>גרם</UnitMeasure>
      <BisWeighted>0</BisWeighted>
      <QtyInPackage>1</QtyInPackage>
      <ItemPrice>5.50</ItemPrice>
      <UnitOfMeasurePrice>2.75</UnitOfMeasurePrice>
      <AllowDiscount>1</AllowDiscount>
      <itemStatus>1</itemStatus>
      <LastUpdateDate />
      <LastUpdateTime />
    </Product>
    <Product>
      <PriceUpdateDate>2018/12/23 11:03</PriceUpdateDate>
      <ItemCode>7290110323592</ItemCode>
      <ItemType>1</ItemType>
      <ItemName>יוגורט GO עם אפרסק מופחת קלוריות 200 גר</ItemName>
      <ManufactureName>תנובה - חלב</ManufactureName>
      <ManufactureCountry />
      <ManufactureItemDescription />
      <UnitQty>יח`</UnitQty>
      <Quantity>200</Quantity>
      <UnitMeasure>גרם</UnitMeasure>
      <BisWeighted>0</BisWeighted>
      <QtyInPackage>1</QtyInPackage>
      <ItemPrice>5.50</ItemPrice>
      <UnitOfMeasurePrice>2.75</UnitOfMeasurePrice>
      <AllowDiscount>1</AllowDiscount>
      <itemStatus>1</itemStatus>
      <LastUpdateDate />
      <LastUpdateTime />
    </Product>
    <Product>
      <PriceUpdateDate>2018/12/23 11:03</PriceUpdateDate>
      <ItemCode>7290110323608</ItemCode>
      <ItemType>1</ItemType>
      <ItemName>יוגורט GO עם פירות יער מופחת קולריות 20</ItemName>
      <ManufactureName>תנובה - חלב</ManufactureName>
      <ManufactureCountry />
      <ManufactureItemDescription />
      <UnitQty>יח`</UnitQty>
      <Quantity>200</Quantity>
      <UnitMeasure>גרם</UnitMeasure>
      <BisWeighted>0</BisWeighted>
      <QtyInPackage>1</QtyInPackage>
      <ItemPrice>5.50</ItemPrice>
      <UnitOfMeasurePrice>2.75</UnitOfMeasurePrice>
      <AllowDiscount>1</AllowDiscount>
      <itemStatus>1</itemStatus>
      <LastUpdateDate />
      <LastUpdateTime />
    </Product>
    <Product>
      <PriceUpdateDate>2019/01/23 22:28</PriceUpdateDate>
      <ItemCode>7290110323714</ItemCode>
      <ItemType>1</ItemType>
      <ItemName>משקה קוקוס שקדים 1 ליטר תנובה</ItemName>
      <ManufactureName>תנובה - חלב</ManufactureName>
      <ManufactureCountry />
      <ManufactureItemDescription />
      <UnitQty>יח`</UnitQty>
      <Quantity>1000</Quantity>
      <UnitMeasure>מ"ל</UnitMeasure>
      <BisWeighted>0</BisWeighted>
      <QtyInPackage>1</QtyInPackage>
      <ItemPrice>11.90</ItemPrice>
      <UnitOfMeasurePrice>1.19</UnitOfMeasurePrice>
      <AllowDiscount>1</AllowDiscount>
      <itemStatus>1</itemStatus>
      <LastUpdateDate />
      <LastUpdateTime />
    </Product>
    <Product>
      <PriceUpdateDate>2019/04/14 14:27</PriceUpdateDate>
      <ItemCode>7290110324551</ItemCode>
      <ItemType>1</ItemType>
      <ItemName>יופלה טיוב במרקם חלק בטעם תות 348 גר` מה</ItemName>
      <ManufactureName>תנובה - חלב</ManufactureName>
      <ManufactureCountry />
      <ManufactureItemDescription />
      <UnitQty>יח`</UnitQty>
      <Quantity>348</Quantity>
      <UnitMeasure>גרם</UnitMeasure>
      <BisWeighted>0</BisWeighted>
      <QtyInPackage>1</QtyInPackage>
      <ItemPrice>11.90</ItemPrice>
      <UnitOfMeasurePrice>3.42</UnitOfMeasurePrice>
      <AllowDiscount>0</AllowDiscount>
      <itemStatus>1</itemStatus>
      <LastUpdateDate />
      <LastUpdateTime />
    </Product>
    <Product>
      <PriceUpdateDate>2019/09/08 12:30</PriceUpdateDate>
      <ItemCode>7290110324605</ItemCode>
      <ItemType>1</ItemType>
      <ItemName>יופלה יוגורט בכוס עם קשית בטעם עוגיות אח</ItemName>
      <ManufactureName>תנובה - חלב</ManufactureName>
      <ManufactureCountry />
      <ManufactureItemDescription />
      <UnitQty>יח`</UnitQty>
      <Quantity>200</Quantity>
      <UnitMeasure>מ"ל</UnitMeasure>
      <BisWeighted>0</BisWeighted>
      <QtyInPackage>1</QtyInPackage>
      <ItemPrice>5.90</ItemPrice>
      <UnitOfMeasurePrice>2.95</UnitOfMeasurePrice>
      <AllowDiscount>0</AllowDiscount>
      <itemStatus>1</itemStatus>
      <LastUpdateDate />
      <LastUpdateTime />
    </Product>
    <Product>
      <PriceUpdateDate>2019/09/08 12:30</PriceUpdateDate>
      <ItemCode>7290110324612</ItemCode>
      <ItemType>1</ItemType>
      <ItemName>יופלה יוגורט בכוס עם קשית בטעם תותים בשמ</ItemName>
      <ManufactureName>תנובה - חלב</ManufactureName>
      <ManufactureCountry />
      <ManufactureItemDescription />
      <UnitQty>יח`</UnitQty>
      <Quantity>200</Quantity>
      <UnitMeasure>מ"ל</UnitMeasure>
      <BisWeighted>0</BisWeighted>
      <QtyInPackage>1</QtyInPackage>
      <ItemPrice>5.90</ItemPrice>
      <UnitOfMeasurePrice>2.95</UnitOfMeasurePrice>
      <AllowDiscount>0</AllowDiscount>
      <itemStatus>1</itemStatus>
      <LastUpdateDate />
      <LastUpdateTime />
    </Product>
    <Product>
      <PriceUpdateDate>2019/09/08 12:30</PriceUpdateDate>
      <ItemCode>7290110324636</ItemCode>
      <ItemType>1</ItemType>
      <ItemName>יופלה יוגורט בכוס עם קשית בטעם פירות יער</ItemName>
      <ManufactureName>תנובה - חלב</ManufactureName>
      <ManufactureCountry />
      <ManufactureItemDescription />
      <UnitQty>יח`</UnitQty>
      <Quantity>200</Quantity>
      <UnitMeasure>מ"ל</UnitMeasure>
      <BisWeighted>0</BisWeighted>
      <QtyInPackage>1</QtyInPackage>
      <ItemPrice>5.90</ItemPrice>
      <UnitOfMeasurePrice>2.95</UnitOfMeasurePrice>
      <AllowDiscount>0</AllowDiscount>
      <itemStatus>1</itemStatus>
      <LastUpdateDate />
      <LastUpdateTime />
    </Product>
    <Product>
      <PriceUpdateDate>2019/06/20 15:39</PriceUpdateDate>
      <ItemCode>7290110324773</ItemCode>
      <ItemType>1</ItemType>
      <ItemName>משקה חלב בטעם וניל 340 גר` 27 גר` חלבון</ItemName>
      <ManufactureName>תנובה - חלב</ManufactureName>
      <ManufactureCountry />
      <ManufactureItemDescription />
      <UnitQty>יח`</UnitQty>
      <Quantity>340</Quantity>
      <UnitMeasure>גרם</UnitMeasure>
      <BisWeighted>0</BisWeighted>
      <QtyInPackage>1</QtyInPackage>
      <ItemPrice>7.90</ItemPrice>
      <UnitOfMeasurePrice>2.32</UnitOfMeasurePrice>
      <AllowDiscount>1</AllowDiscount>
      <itemStatus>1</itemStatus>
      <LastUpdateDate />
      <LastUpdateTime />
    </Product>
    <Product>
      <PriceUpdateDate>2019/11/21 15:38</PriceUpdateDate>
      <ItemCode>7290110324858</ItemCode>
      <ItemType>1</ItemType>
      <ItemName>מעדן שקדים בטעם אגוזי 125 גר`</ItemName>
      <ManufactureName>תנובה - חלב</ManufactureName>
      <ManufactureCountry />
      <ManufactureItemDescription />
      <UnitQty>יח`</UnitQty>
      <Quantity>125</Quantity>
      <UnitMeasure>גרם</UnitMeasure>
      <BisWeighted>0</BisWeighted>
      <QtyInPackage>1</QtyInPackage>
      <ItemPrice>3.90</ItemPrice>
      <UnitOfMeasurePrice>3.12</UnitOfMeasurePrice>
      <AllowDiscount>0</AllowDiscount>
      <itemStatus>1</itemStatus>
      <LastUpdateDate />
      <LastUpdateTime />
    </Product>
    <Product>
      <PriceUpdateDate>2019/12/15 15:58</PriceUpdateDate>
      <ItemCode>7290110324872</ItemCode>
      <ItemType>1</ItemType>
      <ItemName>גבינה צהובה גלבוע  (5% 200  גר`)תנובה</ItemName>
      <ManufactureName>תנובה - חלב</ManufactureName>
      <ManufactureCountry />
      <ManufactureItemDescription />
      <UnitQty>יח`</UnitQty>
      <Quantity>200</Quantity>
      <UnitMeasure>גרם</UnitMeasure>
      <BisWeighted>0</BisWeighted>
      <QtyInPackage>1</QtyInPackage>
      <ItemPrice>17.90</ItemPrice>
      <UnitOfMeasurePrice>8.95</UnitOfMeasurePrice>
      <AllowDiscount>0</AllowDiscount>
      <itemStatus>1</itemStatus>
      <LastUpdateDate />
      <LastUpdateTime />
    </Product>
    <Product>
      <PriceUpdateDate>2019/11/06 11:17</PriceUpdateDate>
      <ItemCode>7290110324926</ItemCode>
      <ItemType>1</ItemType>
      <ItemName>משקה סויה 1 ליטר ללא תוספת סוכר</ItemName>
      <ManufactureName>תנובה - חלב</ManufactureName>
      <ManufactureCountry />
      <ManufactureItemDescription />
      <UnitQty>יח`</UnitQty>
      <Quantity>1</Quantity>
      <UnitMeasure />
      <BisWeighted>0</BisWeighted>
      <QtyInPackage>1</QtyInPackage>
      <ItemPrice>9.90</ItemPrice>
      <UnitOfMeasurePrice>9.90</UnitOfMeasurePrice>
      <AllowDiscount>0</AllowDiscount>
      <itemStatus>1</itemStatus>
      <LastUpdateDate />
      <LastUpdateTime />
    </Product>
    <Product>
      <PriceUpdateDate>2019/09/17 10:18</PriceUpdateDate>
      <ItemCode>7290110325084</ItemCode>
      <ItemType>1</ItemType>
      <ItemName>מאגדת שימינייה מיני קרלו שוניל 800 גר`</ItemName>
      <ManufactureName>תנובה - חלב</ManufactureName>
      <ManufactureCountry />
      <ManufactureItemDescription />
      <UnitQty>יח`</UnitQty>
      <Quantity>800</Quantity>
      <UnitMeasure>גרם</UnitMeasure>
      <BisWeighted>0</BisWeighted>
      <QtyInPackage>1</QtyInPackage>
      <ItemPrice>14.90</ItemPrice>
      <UnitOfMeasurePrice>1.86</UnitOfMeasurePrice>
      <AllowDiscount>0</AllowDiscount>
      <itemStatus>1</itemStatus>
      <LastUpdateDate />
      <LastUpdateTime />
    </Product>
    <Product>
      <PriceUpdateDate>2019/08/08 16:58</PriceUpdateDate>
      <ItemCode>7290110325114</ItemCode>
      <ItemType>1</ItemType>
      <ItemName>משקה יוגורט גו לייט תות בננה 250 מל</ItemName>
      <ManufactureName>תנובה - חלב</ManufactureName>
      <ManufactureCountry />
      <ManufactureItemDescription />
      <UnitQty>יח`</UnitQty>
      <Quantity>1</Quantity>
      <UnitMeasure />
      <BisWeighted>0</BisWeighted>
      <QtyInPackage>1</QtyInPackage>
      <ItemPrice>6.10</ItemPrice>
      <UnitOfMeasurePrice>6.10</UnitOfMeasurePrice>
      <AllowDiscount>1</AllowDiscount>
      <itemStatus>1</itemStatus>
      <LastUpdateDate />
      <LastUpdateTime />
    </Product>
    <Product>
      <PriceUpdateDate>2019/12/15 15:58</PriceUpdateDate>
      <ItemCode>7290110325244</ItemCode>
      <ItemType>1</ItemType>
      <ItemName>גבינה צהובה גלבוע 12% דק דק ( 200 גר`) ת</ItemName>
      <ManufactureName>תנובה - חלב</ManufactureName>
      <ManufactureCountry />
      <ManufactureItemDescription />
      <UnitQty>יח`</UnitQty>
      <Quantity>200</Quantity>
      <UnitMeasure>גרם</UnitMeasure>
      <BisWeighted>0</BisWeighted>
      <QtyInPackage>1</QtyInPackage>
      <ItemPrice>15.90</ItemPrice>
      <UnitOfMeasurePrice>7.95</UnitOfMeasurePrice>
      <AllowDiscount>0</AllowDiscount>
      <itemStatus>1</itemStatus>
      <LastUpdateDate />
      <LastUpdateTime />
    </Product>
    <Product>
      <PriceUpdateDate>2019/11/18 10:16</PriceUpdateDate>
      <ItemCode>7290110325305</ItemCode>
      <ItemType>1</ItemType>
      <ItemName>מעדן סויה גו 20 גר` חלבון במתיקות מעדנות</ItemName>
      <ManufactureName>תנובה - חלב</ManufactureName>
      <ManufactureCountry />
      <ManufactureItemDescription />
      <UnitQty>יח`</UnitQty>
      <Quantity>200</Quantity>
      <UnitMeasure>מ"ל</UnitMeasure>
      <BisWeighted>0</BisWeighted>
      <QtyInPackage>1</QtyInPackage>
      <ItemPrice>5.60</ItemPrice>
      <UnitOfMeasurePrice>2.80</UnitOfMeasurePrice>
      <AllowDiscount>0</AllowDiscount>
      <itemStatus>1</itemStatus>
      <LastUpdateDate />
      <LastUpdateTime />
    </Product>
    <Product>
      <PriceUpdateDate>2019/11/18 10:16</PriceUpdateDate>
      <ItemCode>7290110325312</ItemCode>
      <ItemType>1</ItemType>
      <ItemName>מעדן סויה גו 20 גר` חלבון בטעם תות ( 200</ItemName>
      <ManufactureName>תנובה - חלב</ManufactureName>
      <ManufactureCountry />
      <ManufactureItemDescription />
      <UnitQty>יח`</UnitQty>
      <Quantity>200</Quantity>
      <UnitMeasure>מ"ל</UnitMeasure>
      <BisWeighted>0</BisWeighted>
      <QtyInPackage>1</QtyInPackage>
      <ItemPrice>5.60</ItemPrice>
      <UnitOfMeasurePrice>2.80</UnitOfMeasurePrice>
      <AllowDiscount>0</AllowDiscount>
      <itemStatus>1</itemStatus>
      <LastUpdateDate />
      <LastUpdateTime />
    </Product>
    <Product>
      <PriceUpdateDate>2019/12/16 08:11</PriceUpdateDate>
      <ItemCode>7290110325510</ItemCode>
      <ItemType>1</ItemType>
      <ItemName>יופלה טיוב במרקם חלק בטעם וניל -יוניקור</ItemName>
      <ManufactureName>תנובה - חלב</ManufactureName>
      <ManufactureCountry />
      <ManufactureItemDescription />
      <UnitQty>יח`</UnitQty>
      <Quantity>348</Quantity>
      <UnitMeasure>גרם</UnitMeasure>
      <BisWeighted>0</BisWeighted>
      <QtyInPackage>1</QtyInPackage>
      <ItemPrice>11.90</ItemPrice>
      <UnitOfMeasurePrice>3.42</UnitOfMeasurePrice>
      <AllowDiscount>0</AllowDiscount>
      <itemStatus>1</itemStatus>
      <LastUpdateDate />
      <LastUpdateTime />
    </Product>
    <Product>
      <PriceUpdateDate>2020/01/09 15:53</PriceUpdateDate>
      <ItemCode>7290110325527</ItemCode>
      <ItemType>1</ItemType>
      <ItemName>פיראוס בולגרית למריחה חלפיניו 5% ( 200</ItemName>
      <ManufactureName>תנובה - חלב</ManufactureName>
      <ManufactureCountry />
      <ManufactureItemDescription />
      <UnitQty>יח`</UnitQty>
      <Quantity>200</Quantity>
      <UnitMeasure>גרם</UnitMeasure>
      <BisWeighted>0</BisWeighted>
      <QtyInPackage>1</QtyInPackage>
      <ItemPrice>13.90</ItemPrice>
      <UnitOfMeasurePrice>6.95</UnitOfMeasurePrice>
      <AllowDiscount>0</AllowDiscount>
      <itemStatus>1</itemStatus>
      <LastUpdateDate />
      <LastUpdateTime />
    </Product>
    <Product>
      <PriceUpdateDate>2020/01/09 15:53</PriceUpdateDate>
      <ItemCode>7290110325619</ItemCode>
      <ItemType>1</ItemType>
      <ItemName>משקה שיבולת שועל 1 ליטר תנובה</ItemName>
      <ManufactureName>תנובה - חלב</ManufactureName>
      <ManufactureCountry />
      <ManufactureItemDescription />
      <UnitQty>יח`</UnitQty>
      <Quantity>1000</Quantity>
      <UnitMeasure>מ"ל</UnitMeasure>
      <BisWeighted>0</BisWeighted>
      <QtyInPackage>1</QtyInPackage>
      <ItemPrice>11.90</ItemPrice>
      <UnitOfMeasurePrice>1.19</UnitOfMeasurePrice>
      <AllowDiscount>1</AllowDiscount>
      <itemStatus>1</itemStatus>
      <LastUpdateDate />
      <LastUpdateTime />
    </Product>
    <Product>
      <PriceUpdateDate>2020/01/19 12:17</PriceUpdateDate>
      <ItemCode>7290110325725</ItemCode>
      <ItemType>1</ItemType>
      <ItemName>יופלה GO לייט עם תות 150 גר תנובה</ItemName>
      <ManufactureName>תנובה - חלב</ManufactureName>
      <ManufactureCountry />
      <ManufactureItemDescription />
      <UnitQty>יח`</UnitQty>
      <Quantity>150</Quantity>
      <UnitMeasure>גרם</UnitMeasure>
      <BisWeighted>0</BisWeighted>
      <QtyInPackage>1</QtyInPackage>
      <ItemPrice>4.90</ItemPrice>
      <UnitOfMeasurePrice>3.27</UnitOfMeasurePrice>
      <AllowDiscount>1</AllowDiscount>
      <itemStatus>1</itemStatus>
      <LastUpdateDate />
      <LastUpdateTime />
    </Product>
    <Product>
      <PriceUpdateDate>2020/01/19 12:17</PriceUpdateDate>
      <ItemCode>7290110325732</ItemCode>
      <ItemType>1</ItemType>
      <ItemName>יופלה GO לייט עם קוקוס 150 גר תנובה</ItemName>
      <ManufactureName>תנובה - חלב</ManufactureName>
      <ManufactureCountry />
      <ManufactureItemDescription />
      <UnitQty>יח`</UnitQty>
      <Quantity>150</Quantity>
      <UnitMeasure>גרם</UnitMeasure>
      <BisWeighted>0</BisWeighted>
      <QtyInPackage>1</QtyInPackage>
      <ItemPrice>4.90</ItemPrice>
      <UnitOfMeasurePrice>3.27</UnitOfMeasurePrice>
      <AllowDiscount>1</AllowDiscount>
      <itemStatus>1</itemStatus>
      <LastUpdateDate />
      <LastUpdateTime />
    </Product>
    <Product>
      <PriceUpdateDate>2019/12/16 08:11</PriceUpdateDate>
      <ItemCode>7290110325770</ItemCode>
      <ItemType>1</ItemType>
      <ItemName>מעדן סויה ביו בטעם טבעי בתוספת גרנולה קש</ItemName>
      <ManufactureName>תנובה - חלב</ManufactureName>
      <ManufactureCountry />
      <ManufactureItemDescription />
      <UnitQty>יח`</UnitQty>
      <Quantity>170</Quantity>
      <UnitMeasure>גרם</UnitMeasure>
      <BisWeighted>0</BisWeighted>
      <QtyInPackage>1</QtyInPackage>
      <ItemPrice>5.90</ItemPrice>
      <UnitOfMeasurePrice>3.47</UnitOfMeasurePrice>
      <AllowDiscount>0</AllowDiscount>
      <itemStatus>1</itemStatus>
      <LastUpdateDate />
      <LastUpdateTime />
    </Product>
    <Product>
      <PriceUpdateDate>2020/01/09 15:53</PriceUpdateDate>
      <ItemCode>7290110325886</ItemCode>
      <ItemType>1</ItemType>
      <ItemName>משקה תנובה GO אייס קפה 250 מל</ItemName>
      <ManufactureName>תנובה - חלב</ManufactureName>
      <ManufactureCountry />
      <ManufactureItemDescription />
      <UnitQty>יח`</UnitQty>
      <Quantity>250</Quantity>
      <UnitMeasure>גרם</UnitMeasure>
      <BisWeighted>0</BisWeighted>
      <QtyInPackage>1</QtyInPackage>
      <ItemPrice>5.90</ItemPrice>
      <UnitOfMeasurePrice>2.36</UnitOfMeasurePrice>
      <AllowDiscount>1</AllowDiscount>
      <itemStatus>1</itemStatus>
      <LastUpdateDate />
      <LastUpdateTime />
    </Product>
    <Product>
      <PriceUpdateDate>2020/01/09 15:53</PriceUpdateDate>
      <ItemCode>7290110325893</ItemCode>
      <ItemType>1</ItemType>
      <ItemName>משקה תנובה GO אייס קפה 340  גר`תנובה</ItemName>
      <ManufactureName>תנובה - חלב</ManufactureName>
      <ManufactureCountry />
      <ManufactureItemDescription />
      <UnitQty>יח`</UnitQty>
      <Quantity>340</Quantity>
      <UnitMeasure>גרם</UnitMeasure>
      <BisWeighted>0</BisWeighted>
      <QtyInPackage>1</QtyInPackage>
      <ItemPrice>7.90</ItemPrice>
      <UnitOfMeasurePrice>2.32</UnitOfMeasurePrice>
      <AllowDiscount>0</AllowDiscount>
      <itemStatus>1</itemStatus>
      <LastUpdateDate />
      <LastUpdateTime />
    </Product>
    <Product>
      <PriceUpdateDate>2018/12/19 10:32</PriceUpdateDate>
      <ItemCode>7290110560300</ItemCode>
      <ItemType>1</ItemType>
      <ItemName>פריכיות משולשות -פלפל שחור 30 גר` אנג`י</ItemName>
      <ManufactureName>שטראוס גרופ בעמ</ManufactureName>
      <ManufactureCountry />
      <ManufactureItemDescription />
      <UnitQty>יח`</UnitQty>
      <Quantity>30</Quantity>
      <UnitMeasure>גרם</UnitMeasure>
      <BisWeighted>0</BisWeighted>
      <QtyInPackage>1</QtyInPackage>
      <ItemPrice>5.90</ItemPrice>
      <UnitOfMeasurePrice>19.67</UnitOfMeasurePrice>
      <AllowDiscount>0</AllowDiscount>
      <itemStatus>1</itemStatus>
      <LastUpdateDate />
      <LastUpdateTime />
    </Product>
    <Product>
      <PriceUpdateDate>2018/12/19 10:32</PriceUpdateDate>
      <ItemCode>7290110560317</ItemCode>
      <ItemType>1</ItemType>
      <ItemName>פריכיות משולשות -מלח ים אנג`י</ItemName>
      <ManufactureName>שטראוס גרופ בעמ</ManufactureName>
      <ManufactureCountry />
      <ManufactureItemDescription />
      <UnitQty>יח`</UnitQty>
      <Quantity>30</Quantity>
      <UnitMeasure>גרם</UnitMeasure>
      <BisWeighted>0</BisWeighted>
      <QtyInPackage>1</QtyInPackage>
      <ItemPrice>5.90</ItemPrice>
      <UnitOfMeasurePrice>19.67</UnitOfMeasurePrice>
      <AllowDiscount>0</AllowDiscount>
      <itemStatus>1</itemStatus>
      <LastUpdateDate />
      <LastUpdateTime />
    </Product>
    <Product>
      <PriceUpdateDate>2018/12/19 10:32</PriceUpdateDate>
      <ItemCode>7290110560324</ItemCode>
      <ItemType>1</ItemType>
      <ItemName>פריכיות משולשות -אפונה ירוקה 30 גר` אנרג</ItemName>
      <ManufactureName>שטראוס גרופ בעמ</ManufactureName>
      <ManufactureCountry />
      <ManufactureItemDescription />
      <UnitQty>יח`</UnitQty>
      <Quantity>30</Quantity>
      <UnitMeasure>גרם</UnitMeasure>
      <BisWeighted>0</BisWeighted>
      <QtyInPackage>1</QtyInPackage>
      <ItemPrice>5.90</ItemPrice>
      <UnitOfMeasurePrice>19.67</UnitOfMeasurePrice>
      <AllowDiscount>0</AllowDiscount>
      <itemStatus>1</itemStatus>
      <LastUpdateDate />
      <LastUpdateTime />
    </Product>
    <Product>
      <PriceUpdateDate>2018/05/17 09:19</PriceUpdateDate>
      <ItemCode>7290110561352</ItemCode>
      <ItemType>1</ItemType>
      <ItemName>דנונה דל לקטוז ביו 200 גר`</ItemName>
      <ManufactureName>שטראוס גרופ בעמ/מצונן</ManufactureName>
      <ManufactureCountry />
      <ManufactureItemDescription />
      <UnitQty>יח`</UnitQty>
      <Quantity>200</Quantity>
      <UnitMeasure>מ"ל</UnitMeasure>
      <BisWeighted>0</BisWeighted>
      <QtyInPackage>1</QtyInPackage>
      <ItemPrice>3.40</ItemPrice>
      <UnitOfMeasurePrice>1.70</UnitOfMeasurePrice>
      <AllowDiscount>0</AllowDiscount>
      <itemStatus>1</itemStatus>
      <LastUpdateDate />
      <LastUpdateTime />
    </Product>
    <Product>
      <PriceUpdateDate>2018/04/15 08:48</PriceUpdateDate>
      <ItemCode>7290110561543</ItemCode>
      <ItemType>1</ItemType>
      <ItemName>דנונה פרו טריפל זירו וניל 150 מל</ItemName>
      <ManufactureName>שטראוס גרופ בעמ/מצונן</ManufactureName>
      <ManufactureCountry />
      <ManufactureItemDescription />
      <UnitQty>יח`</UnitQty>
      <Quantity>150</Quantity>
      <UnitMeasure>גרם</UnitMeasure>
      <BisWeighted>0</BisWeighted>
      <QtyInPackage>1</QtyInPackage>
      <ItemPrice>4.60</ItemPrice>
      <UnitOfMeasurePrice>3.07</UnitOfMeasurePrice>
      <AllowDiscount>0</AllowDiscount>
      <itemStatus>1</itemStatus>
      <LastUpdateDate />
      <LastUpdateTime />
    </Product>
    <Product>
      <PriceUpdateDate>2018/02/18 08:24</PriceUpdateDate>
      <ItemCode>7290110561604</ItemCode>
      <ItemType>1</ItemType>
      <ItemName>מעדן בטעם תות בננה גמדים מעורבב (100x8 ג</ItemName>
      <ManufactureName>שטראוס גרופ בעמ/מצונן</ManufactureName>
      <ManufactureCountry />
      <ManufactureItemDescription />
      <UnitQty>יח`</UnitQty>
      <Quantity>800</Quantity>
      <UnitMeasure>מ"ל</UnitMeasure>
      <BisWeighted>0</BisWeighted>
      <QtyInPackage>1</QtyInPackage>
      <ItemPrice>18.80</ItemPrice>
      <UnitOfMeasurePrice>2.35</UnitOfMeasurePrice>
      <AllowDiscount>0</AllowDiscount>
      <itemStatus>1</itemStatus>
      <LastUpdateDate />
      <LastUpdateTime />
    </Product>
    <Product>
      <PriceUpdateDate>2019/04/21 13:41</PriceUpdateDate>
      <ItemCode>7290110561918</ItemCode>
      <ItemType>1</ItemType>
      <ItemName>תפוציפס אפוי בטעם יוגורט ושום שמיר 45 גר</ItemName>
      <ManufactureName>שטראוס פריטו ליי בעמ</ManufactureName>
      <ManufactureCountry />
      <ManufactureItemDescription />
      <UnitQty>יח`</UnitQty>
      <Quantity>45</Quantity>
      <UnitMeasure>גרם</UnitMeasure>
      <BisWeighted>0</BisWeighted>
      <QtyInPackage>1</QtyInPackage>
      <ItemPrice>3.90</ItemPrice>
      <UnitOfMeasurePrice>8.67</UnitOfMeasurePrice>
      <AllowDiscount>0</AllowDiscount>
      <itemStatus>1</itemStatus>
      <LastUpdateDate />
      <LastUpdateTime />
    </Product>
    <Product>
      <PriceUpdateDate>2018/07/19 20:05</PriceUpdateDate>
      <ItemCode>7290110562816</ItemCode>
      <ItemType>1</ItemType>
      <ItemName>רבע לשבע מריר ללא תוספת סוכר 120 גר`</ItemName>
      <ManufactureName>שטראוס גרופ בעמ</ManufactureName>
      <ManufactureCountry />
      <ManufactureItemDescription />
      <UnitQty>יח`</UnitQty>
      <Quantity>120</Quantity>
      <UnitMeasure>גרם</UnitMeasure>
      <BisWeighted>0</BisWeighted>
      <QtyInPackage>1</QtyInPackage>
      <ItemPrice>14.90</ItemPrice>
      <UnitOfMeasurePrice>12.42</UnitOfMeasurePrice>
      <AllowDiscount>0</AllowDiscount>
      <itemStatus>1</itemStatus>
      <LastUpdateDate />
      <LastUpdateTime />
    </Product>
    <Product>
      <PriceUpdateDate>2019/02/17 11:39</PriceUpdateDate>
      <ItemCode>7290110563431</ItemCode>
      <ItemType>1</ItemType>
      <ItemName>משקה קפה קר בסגנון קלאסי  (2301.6% גר`)</ItemName>
      <ManufactureName>שטראוס גרופ בעמ/מצונן</ManufactureName>
      <ManufactureCountry />
      <ManufactureItemDescription />
      <UnitQty>יח`</UnitQty>
      <Quantity>230</Quantity>
      <UnitMeasure>1 ליטר</UnitMeasure>
      <BisWeighted>0</BisWeighted>
      <QtyInPackage>1</QtyInPackage>
      <ItemPrice>7.50</ItemPrice>
      <UnitOfMeasurePrice>0.03</UnitOfMeasurePrice>
      <AllowDiscount>0</AllowDiscount>
      <itemStatus>1</itemStatus>
      <LastUpdateDate />
      <LastUpdateTime />
    </Product>
    <Product>
      <PriceUpdateDate>2017/12/17 10:10</PriceUpdateDate>
      <ItemCode>7290110563455</ItemCode>
      <ItemType>1</ItemType>
      <ItemName>1 ליטר חלב דל לקטוז 3%</ItemName>
      <ManufactureName>שטראוס גרופ בעמ/מצונן</ManufactureName>
      <ManufactureCountry />
      <ManufactureItemDescription />
      <UnitQty>יח`</UnitQty>
      <Quantity>1000</Quantity>
      <UnitMeasure>מ"ל</UnitMeasure>
      <BisWeighted>0</BisWeighted>
      <QtyInPackage>1</QtyInPackage>
      <ItemPrice>7.50</ItemPrice>
      <UnitOfMeasurePrice>0.75</UnitOfMeasurePrice>
      <AllowDiscount>0</AllowDiscount>
      <itemStatus>1</itemStatus>
      <LastUpdateDate />
      <LastUpdateTime />
    </Product>
    <Product>
      <PriceUpdateDate>2019/05/30 16:50</PriceUpdateDate>
      <ItemCode>7290110563462</ItemCode>
      <ItemType>1</ItemType>
      <ItemName>חלב נטול לקטוז 2% יטבתה בקבוק</ItemName>
      <ManufactureName>שטראוס גרופ בעמ/מצונן</ManufactureName>
      <ManufactureCountry />
      <ManufactureItemDescription />
      <UnitQty>יח`</UnitQty>
      <Quantity>1000</Quantity>
      <UnitMeasure>מ"ל</UnitMeasure>
      <BisWeighted>0</BisWeighted>
      <QtyInPackage>1</QtyInPackage>
      <ItemPrice>8.90</ItemPrice>
      <UnitOfMeasurePrice>0.89</UnitOfMeasurePrice>
      <AllowDiscount>0</AllowDiscount>
      <itemStatus>1</itemStatus>
      <LastUpdateDate />
      <LastUpdateTime />
    </Product>
    <Product>
      <PriceUpdateDate>2018/01/08 07:49</PriceUpdateDate>
      <ItemCode>7290110563486</ItemCode>
      <ItemType>1</ItemType>
      <ItemName>חלב מעושר בחלבון PRO</ItemName>
      <ManufactureName>שטראוס גרופ בעמ/מצונן</ManufactureName>
      <ManufactureCountry />
      <ManufactureItemDescription />
      <UnitQty>יח`</UnitQty>
      <Quantity>1000</Quantity>
      <UnitMeasure>מ"ל</UnitMeasure>
      <BisWeighted>0</BisWeighted>
      <QtyInPackage>1</QtyInPackage>
      <ItemPrice>9.90</ItemPrice>
      <UnitOfMeasurePrice>0.99</UnitOfMeasurePrice>
      <AllowDiscount>0</AllowDiscount>
      <itemStatus>1</itemStatus>
      <LastUpdateDate />
      <LastUpdateTime />
    </Product>
    <Product>
      <PriceUpdateDate>2018/06/14 16:42</PriceUpdateDate>
      <ItemCode>7290110563851</ItemCode>
      <ItemType>1</ItemType>
      <ItemName>מאגדת אנרג`י תחתית חלב</ItemName>
      <ManufactureName>שטראוס גרופ בעמ</ManufactureName>
      <ManufactureCountry />
      <ManufactureItemDescription />
      <UnitQty>יח`</UnitQty>
      <Quantity>144</Quantity>
      <UnitMeasure>גרם</UnitMeasure>
      <BisWeighted>0</BisWeighted>
      <QtyInPackage>1</QtyInPackage>
      <ItemPrice>14.90</ItemPrice>
      <UnitOfMeasurePrice>10.35</UnitOfMeasurePrice>
      <AllowDiscount>1</AllowDiscount>
      <itemStatus>1</itemStatus>
      <LastUpdateDate />
      <LastUpdateTime />
    </Product>
    <Product>
      <PriceUpdateDate>2018/06/14 16:42</PriceUpdateDate>
      <ItemCode>7290110563912</ItemCode>
      <ItemType>1</ItemType>
      <ItemName>חטיף אנרגי מאג מיקס אגוזים</ItemName>
      <ManufactureName>שטראוס גרופ בעמ</ManufactureName>
      <ManufactureCountry />
      <ManufactureItemDescription />
      <UnitQty>יח`</UnitQty>
      <Quantity>144</Quantity>
      <UnitMeasure>גרם</UnitMeasure>
      <BisWeighted>0</BisWeighted>
      <QtyInPackage>1</QtyInPackage>
      <ItemPrice>14.90</ItemPrice>
      <UnitOfMeasurePrice>10.35</UnitOfMeasurePrice>
      <AllowDiscount>1</AllowDiscount>
      <itemStatus>1</itemStatus>
      <LastUpdateDate />
      <LastUpdateTime />
    </Product>
    <Product>
      <PriceUpdateDate>2018/02/18 08:24</PriceUpdateDate>
      <ItemCode>7290110564339</ItemCode>
      <ItemType>1</ItemType>
      <ItemName>חומוס הסדרה המובחרת עשיר 30% טחינה 400 ג</ItemName>
      <ManufactureName>שטראוס גרופ בעמ/מצונן</ManufactureName>
      <ManufactureCountry />
      <ManufactureItemDescription />
      <UnitQty>יח`</UnitQty>
      <Quantity>400</Quantity>
      <UnitMeasure>גרם</UnitMeasure>
      <BisWeighted>0</BisWeighted>
      <QtyInPackage>1</QtyInPackage>
      <ItemPrice>13.90</ItemPrice>
      <UnitOfMeasurePrice>3.48</UnitOfMeasurePrice>
      <AllowDiscount>0</AllowDiscount>
      <itemStatus>1</itemStatus>
      <LastUpdateDate />
      <LastUpdateTime />
    </Product>
    <Product>
      <PriceUpdateDate>2019/10/02 13:08</PriceUpdateDate>
      <ItemCode>7290110564346</ItemCode>
      <ItemType>1</ItemType>
      <ItemName>בלונדי קרם בראוניז 100  גר`עלית</ItemName>
      <ManufactureName>שטראוס גרופ בעמ</ManufactureName>
      <ManufactureCountry />
      <ManufactureItemDescription />
      <UnitQty>יח`</UnitQty>
      <Quantity>100</Quantity>
      <UnitMeasure>גרם</UnitMeasure>
      <BisWeighted>0</BisWeighted>
      <QtyInPackage>1</QtyInPackage>
      <ItemPrice>7.50</ItemPrice>
      <UnitOfMeasurePrice>7.50</UnitOfMeasurePrice>
      <AllowDiscount>0</AllowDiscount>
      <itemStatus>1</itemStatus>
      <LastUpdateDate />
      <LastUpdateTime />
    </Product>
    <Product>
      <PriceUpdateDate>2019/10/02 13:08</PriceUpdateDate>
      <ItemCode>7290110564353</ItemCode>
      <ItemType>1</ItemType>
      <ItemName>בלונדי קרם אגוזי לוז 100  גר`עלית</ItemName>
      <ManufactureName>שטראוס גרופ בעמ</ManufactureName>
      <ManufactureCountry />
      <ManufactureItemDescription />
      <UnitQty>יח`</UnitQty>
      <Quantity>100</Quantity>
      <UnitMeasure>גרם</UnitMeasure>
      <BisWeighted>0</BisWeighted>
      <QtyInPackage>1</QtyInPackage>
      <ItemPrice>7.50</ItemPrice>
      <UnitOfMeasurePrice>7.50</UnitOfMeasurePrice>
      <AllowDiscount>0</AllowDiscount>
      <itemStatus>1</itemStatus>
      <LastUpdateDate />
      <LastUpdateTime />
    </Product>
    <Product>
      <PriceUpdateDate>2018/02/18 08:24</PriceUpdateDate>
      <ItemCode>7290110564360</ItemCode>
      <ItemType>1</ItemType>
      <ItemName>חומוס הסדרה המובחרת עשיר 40% טחינה 400 ג</ItemName>
      <ManufactureName>שטראוס גרופ בעמ/מצונן</ManufactureName>
      <ManufactureCountry />
      <ManufactureItemDescription />
      <UnitQty>יח`</UnitQty>
      <Quantity>400</Quantity>
      <UnitMeasure>גרם</UnitMeasure>
      <BisWeighted>0</BisWeighted>
      <QtyInPackage>1</QtyInPackage>
      <ItemPrice>13.90</ItemPrice>
      <UnitOfMeasurePrice>3.48</UnitOfMeasurePrice>
      <AllowDiscount>0</AllowDiscount>
      <itemStatus>1</itemStatus>
      <LastUpdateDate />
      <LastUpdateTime />
    </Product>
    <Product>
      <PriceUpdateDate>2018/02/18 08:24</PriceUpdateDate>
      <ItemCode>7290110564414</ItemCode>
      <ItemType>1</ItemType>
      <ItemName>חומוס הסדרה המובחרת 30% טחינה 600 גר`</ItemName>
      <ManufactureName>שטראוס גרופ בעמ/מצונן</ManufactureName>
      <ManufactureCountry />
      <ManufactureItemDescription />
      <UnitQty>יח`</UnitQty>
      <Quantity>600</Quantity>
      <UnitMeasure>גרם</UnitMeasure>
      <BisWeighted>0</BisWeighted>
      <QtyInPackage>1</QtyInPackage>
      <ItemPrice>14.90</ItemPrice>
      <UnitOfMeasurePrice>2.48</UnitOfMeasurePrice>
      <AllowDiscount>0</AllowDiscount>
      <itemStatus>1</itemStatus>
      <LastUpdateDate />
      <LastUpdateTime />
    </Product>
    <Product>
      <PriceUpdateDate>2019/08/01 11:14</PriceUpdateDate>
      <ItemCode>7290110564513</ItemCode>
      <ItemType>1</ItemType>
      <ItemName>עוגת אגוזי עם קרם 380 גר` עלית</ItemName>
      <ManufactureName>שטראוס גרופ בעמ</ManufactureName>
      <ManufactureCountry />
      <ManufactureItemDescription />
      <UnitQty>יח`</UnitQty>
      <Quantity>380</Quantity>
      <UnitMeasure>גרם</UnitMeasure>
      <BisWeighted>0</BisWeighted>
      <QtyInPackage>1</QtyInPackage>
      <ItemPrice>17.90</ItemPrice>
      <UnitOfMeasurePrice>4.71</UnitOfMeasurePrice>
      <AllowDiscount>0</AllowDiscount>
      <itemStatus>1</itemStatus>
      <LastUpdateDate />
      <LastUpdateTime />
    </Product>
    <Product>
      <PriceUpdateDate>2019/02/17 11:39</PriceUpdateDate>
      <ItemCode>7290110564742</ItemCode>
      <ItemType>1</ItemType>
      <ItemName>משקה קפה קר בסגנון חזק  (2301.2%  גר`)י</ItemName>
      <ManufactureName>שטראוס גרופ בעמ/מצונן</ManufactureName>
      <ManufactureCountry />
      <ManufactureItemDescription />
      <UnitQty>יח`</UnitQty>
      <Quantity>230</Quantity>
      <UnitMeasure>1 ליטר</UnitMeasure>
      <BisWeighted>0</BisWeighted>
      <QtyInPackage>1</QtyInPackage>
      <ItemPrice>7.50</ItemPrice>
      <UnitOfMeasurePrice>0.03</UnitOfMeasurePrice>
      <AllowDiscount>0</AllowDiscount>
      <itemStatus>1</itemStatus>
      <LastUpdateDate />
      <LastUpdateTime />
    </Product>
    <Product>
      <PriceUpdateDate>2018/01/12 10:50</PriceUpdateDate>
      <ItemCode>7290110565435</ItemCode>
      <ItemType>1</ItemType>
      <ItemName>מעדן ג`לי בטעם פטל חלבי שטראוס (125 גרם</ItemName>
      <ManufactureName>שטראוס גרופ בעמ/מצונן</ManufactureName>
      <ManufactureCountry />
      <ManufactureItemDescription />
      <UnitQty>יח`</UnitQty>
      <Quantity>125</Quantity>
      <UnitMeasure>גרם</UnitMeasure>
      <BisWeighted>0</BisWeighted>
      <QtyInPackage>1</QtyInPackage>
      <ItemPrice>2</ItemPrice>
      <UnitOfMeasurePrice>1.60</UnitOfMeasurePrice>
      <AllowDiscount>0</AllowDiscount>
      <itemStatus>1</itemStatus>
      <LastUpdateDate />
      <LastUpdateTime />
    </Product>
    <Product>
      <PriceUpdateDate>2017/12/17 10:10</PriceUpdateDate>
      <ItemCode>7290110565497</ItemCode>
      <ItemType>1</ItemType>
      <ItemName>יטבתה פרו קפה ללא סוכר 250 מל</ItemName>
      <ManufactureName>שטראוס גרופ בעמ/מצונן</ManufactureName>
      <ManufactureCountry />
      <ManufactureItemDescription />
      <UnitQty>יח`</UnitQty>
      <Quantity>250</Quantity>
      <UnitMeasure>מ"ל</UnitMeasure>
      <BisWeighted>0</BisWeighted>
      <QtyInPackage>1</QtyInPackage>
      <ItemPrice>4.90</ItemPrice>
      <UnitOfMeasurePrice>1.96</UnitOfMeasurePrice>
      <AllowDiscount>0</AllowDiscount>
      <itemStatus>1</itemStatus>
      <LastUpdateDate />
      <LastUpdateTime />
    </Product>
    <Product>
      <PriceUpdateDate>2017/12/17 10:10</PriceUpdateDate>
      <ItemCode>7290110565527</ItemCode>
      <ItemType>1</ItemType>
      <ItemName>דנונה פרו 20 גר` חלבון</ItemName>
      <ManufactureName>שטראוס גרופ בעמ/מצונן</ManufactureName>
      <ManufactureCountry />
      <ManufactureItemDescription />
      <UnitQty>יח`</UnitQty>
      <Quantity>200</Quantity>
      <UnitMeasure>מ"ל</UnitMeasure>
      <BisWeighted>0</BisWeighted>
      <QtyInPackage>1</QtyInPackage>
      <ItemPrice>5.90</ItemPrice>
      <UnitOfMeasurePrice>2.95</UnitOfMeasurePrice>
      <AllowDiscount>0</AllowDiscount>
      <itemStatus>1</itemStatus>
      <LastUpdateDate />
      <LastUpdateTime />
    </Product>
    <Product>
      <PriceUpdateDate>2019/07/14 08:44</PriceUpdateDate>
      <ItemCode>7290110565572</ItemCode>
      <ItemType>1</ItemType>
      <ItemName>מארז טורקי לדרך עם הל 168 גר`</ItemName>
      <ManufactureName>שטראוס גרופ בעמ</ManufactureName>
      <ManufactureCountry />
      <ManufactureItemDescription />
      <UnitQty>יח`</UnitQty>
      <Quantity>168</Quantity>
      <UnitMeasure>גרם</UnitMeasure>
      <BisWeighted>0</BisWeighted>
      <QtyInPackage>1</QtyInPackage>
      <ItemPrice>17.90</ItemPrice>
      <UnitOfMeasurePrice>10.65</UnitOfMeasurePrice>
      <AllowDiscount>0</AllowDiscount>
      <itemStatus>1</itemStatus>
      <LastUpdateDate />
      <LastUpdateTime />
    </Product>
    <Product>
      <PriceUpdateDate>2018/10/14 12:57</PriceUpdateDate>
      <ItemCode>7290110565664</ItemCode>
      <ItemType>1</ItemType>
      <ItemName>בראוניס שוקולד מריר עם קרם 380 גר` בדצ</ItemName>
      <ManufactureName>שטראוס גרופ בעמ</ManufactureName>
      <ManufactureCountry />
      <ManufactureItemDescription />
      <UnitQty>יח`</UnitQty>
      <Quantity>380</Quantity>
      <UnitMeasure>גרם</UnitMeasure>
      <BisWeighted>0</BisWeighted>
      <QtyInPackage>1</QtyInPackage>
      <ItemPrice>16.90</ItemPrice>
      <UnitOfMeasurePrice>4.45</UnitOfMeasurePrice>
      <AllowDiscount>0</AllowDiscount>
      <itemStatus>1</itemStatus>
      <LastUpdateDate />
      <LastUpdateTime />
    </Product>
    <Product>
      <PriceUpdateDate>2018/10/14 12:57</PriceUpdateDate>
      <ItemCode>7290110566166</ItemCode>
      <ItemType>1</ItemType>
      <ItemName>בפלות אצבעות פסק זמן מריר 120  גר`עלית</ItemName>
      <ManufactureName>שטראוס גרופ בעמ</ManufactureName>
      <ManufactureCountry />
      <ManufactureItemDescription />
      <UnitQty>יח`</UnitQty>
      <Quantity>120</Quantity>
      <UnitMeasure>גרם</UnitMeasure>
      <BisWeighted>0</BisWeighted>
      <QtyInPackage>1</QtyInPackage>
      <ItemPrice>11.90</ItemPrice>
      <UnitOfMeasurePrice>9.92</UnitOfMeasurePrice>
      <AllowDiscount>0</AllowDiscount>
      <itemStatus>1</itemStatus>
      <LastUpdateDate />
      <LastUpdateTime />
    </Product>
    <Product>
      <PriceUpdateDate>2018/05/17 09:19</PriceUpdateDate>
      <ItemCode>7290110566975</ItemCode>
      <ItemType>1</ItemType>
      <ItemName>דנונה פרו 200 גר` תות</ItemName>
      <ManufactureName>שטראוס גרופ בעמ/מצונן</ManufactureName>
      <ManufactureCountry />
      <ManufactureItemDescription />
      <UnitQty>יח`</UnitQty>
      <Quantity>200</Quantity>
      <UnitMeasure>מ"ל</UnitMeasure>
      <BisWeighted>0</BisWeighted>
      <QtyInPackage>1</QtyInPackage>
      <ItemPrice>5.90</ItemPrice>
      <UnitOfMeasurePrice>2.95</UnitOfMeasurePrice>
      <AllowDiscount>0</AllowDiscount>
      <itemStatus>1</itemStatus>
      <LastUpdateDate />
      <LastUpdateTime />
    </Product>
    <Product>
      <PriceUpdateDate>2018/07/19 20:08</PriceUpdateDate>
      <ItemCode>7290110568238</ItemCode>
      <ItemType>1</ItemType>
      <ItemName>קצפת צמחית 21% שומן 250 מל יטבתה</ItemName>
      <ManufactureName>שטראוס גרופ בעמ/מצונן</ManufactureName>
      <ManufactureCountry />
      <ManufactureItemDescription />
      <UnitQty>יח`</UnitQty>
      <Quantity>250</Quantity>
      <UnitMeasure>מ"ל</UnitMeasure>
      <BisWeighted>0</BisWeighted>
      <QtyInPackage>1</QtyInPackage>
      <ItemPrice>7.50</ItemPrice>
      <UnitOfMeasurePrice>3</UnitOfMeasurePrice>
      <AllowDiscount>0</AllowDiscount>
      <itemStatus>1</itemStatus>
      <LastUpdateDate />
      <LastUpdateTime />
    </Product>
    <Product>
      <PriceUpdateDate>2018/06/10 18:46</PriceUpdateDate>
      <ItemCode>7290110568276</ItemCode>
      <ItemType>1</ItemType>
      <ItemName>משקה יטבתה פרו וניל 350 מל</ItemName>
      <ManufactureName>שטראוס גרופ בעמ/מצונן</ManufactureName>
      <ManufactureCountry />
      <ManufactureItemDescription />
      <UnitQty>יח`</UnitQty>
      <Quantity>350</Quantity>
      <UnitMeasure>מ"ל</UnitMeasure>
      <BisWeighted>0</BisWeighted>
      <QtyInPackage>1</QtyInPackage>
      <ItemPrice>6.50</ItemPrice>
      <UnitOfMeasurePrice>1.86</UnitOfMeasurePrice>
      <AllowDiscount>0</AllowDiscount>
      <itemStatus>1</itemStatus>
      <LastUpdateDate />
      <LastUpdateTime />
    </Product>
    <Product>
      <PriceUpdateDate>2019/04/14 14:24</PriceUpdateDate>
      <ItemCode>7290110568511</ItemCode>
      <ItemType>1</ItemType>
      <ItemName>קונפיטורת פירות יער במתיקות מעודנת 265 ג</ItemName>
      <ManufactureName>שטראוס גרופ בעמ</ManufactureName>
      <ManufactureCountry />
      <ManufactureItemDescription />
      <UnitQty>יח`</UnitQty>
      <Quantity>265</Quantity>
      <UnitMeasure>גרם</UnitMeasure>
      <BisWeighted>0</BisWeighted>
      <QtyInPackage>1</QtyInPackage>
      <ItemPrice>14.90</ItemPrice>
      <UnitOfMeasurePrice>5.62</UnitOfMeasurePrice>
      <AllowDiscount>1</AllowDiscount>
      <itemStatus>1</itemStatus>
      <LastUpdateDate />
      <LastUpdateTime />
    </Product>
    <Product>
      <PriceUpdateDate>2018/07/19 20:06</PriceUpdateDate>
      <ItemCode>7290110568559</ItemCode>
      <ItemType>1</ItemType>
      <ItemName>חטיף מארז דוריטוס חמוץ חריף 25*10 גר`</ItemName>
      <ManufactureName>שטראוס פריטו ליי בעמ</ManufactureName>
      <ManufactureCountry />
      <ManufactureItemDescription />
      <UnitQty>יח`</UnitQty>
      <Quantity>250</Quantity>
      <UnitMeasure>גרם</UnitMeasure>
      <BisWeighted>0</BisWeighted>
      <QtyInPackage>1</QtyInPackage>
      <ItemPrice>13.90</ItemPrice>
      <UnitOfMeasurePrice>5.56</UnitOfMeasurePrice>
      <AllowDiscount>0</AllowDiscount>
      <itemStatus>1</itemStatus>
      <LastUpdateDate />
      <LastUpdateTime />
    </Product>
    <Product>
      <PriceUpdateDate>2018/07/19 20:06</PriceUpdateDate>
      <ItemCode>7290110568566</ItemCode>
      <ItemType>1</ItemType>
      <ItemName>חטיף מארז דוריטוס גריל 25*10 גר`</ItemName>
      <ManufactureName>שטראוס פריטו ליי בעמ</ManufactureName>
      <ManufactureCountry />
      <ManufactureItemDescription />
      <UnitQty>יח`</UnitQty>
      <Quantity>250</Quantity>
      <UnitMeasure>גרם</UnitMeasure>
      <BisWeighted>0</BisWeighted>
      <QtyInPackage>1</QtyInPackage>
      <ItemPrice>13.90</ItemPrice>
      <UnitOfMeasurePrice>5.56</UnitOfMeasurePrice>
      <AllowDiscount>0</AllowDiscount>
      <itemStatus>1</itemStatus>
      <LastUpdateDate />
      <LastUpdateTime />
    </Product>
    <Product>
      <PriceUpdateDate>2019/04/14 14:24</PriceUpdateDate>
      <ItemCode>7290110568986</ItemCode>
      <ItemType>1</ItemType>
      <ItemName>רוטב לעוף גריל (310 גר`) יד מרדכי</ItemName>
      <ManufactureName>שטראוס גרופ בעמ</ManufactureName>
      <ManufactureCountry />
      <ManufactureItemDescription />
      <UnitQty>יח`</UnitQty>
      <Quantity>310</Quantity>
      <UnitMeasure>גרם</UnitMeasure>
      <BisWeighted>0</BisWeighted>
      <QtyInPackage>1</QtyInPackage>
      <ItemPrice>14.90</ItemPrice>
      <UnitOfMeasurePrice>4.81</UnitOfMeasurePrice>
      <AllowDiscount>0</AllowDiscount>
      <itemStatus>1</itemStatus>
      <LastUpdateDate />
      <LastUpdateTime />
    </Product>
    <Product>
      <PriceUpdateDate>2018/12/16 11:28</PriceUpdateDate>
      <ItemCode>7290111093005</ItemCode>
      <ItemType>1</ItemType>
      <ItemName>מגבונים להסרת איפור ( 25 יח ) ICARE</ItemName>
      <ManufactureName>שקד תבל בעמ</ManufactureName>
      <ManufactureCountry />
      <ManufactureItemDescription />
      <UnitQty>יח`</UnitQty>
      <Quantity>1</Quantity>
      <UnitMeasure />
      <BisWeighted>0</BisWeighted>
      <QtyInPackage>1</QtyInPackage>
      <ItemPrice>7.90</ItemPrice>
      <UnitOfMeasurePrice>7.90</UnitOfMeasurePrice>
      <AllowDiscount>1</AllowDiscount>
      <itemStatus>1</itemStatus>
      <LastUpdateDate />
      <LastUpdateTime />
    </Product>
    <Product>
      <PriceUpdateDate>2018/12/16 11:28</PriceUpdateDate>
      <ItemCode>7290111094613</ItemCode>
      <ItemType>1</ItemType>
      <ItemName>מגבונים לניקוי משקפיים ( 24 יח) ICARE</ItemName>
      <ManufactureName>שקד תבל בעמ</ManufactureName>
      <ManufactureCountry />
      <ManufactureItemDescription />
      <UnitQty>יח`</UnitQty>
      <Quantity>1</Quantity>
      <UnitMeasure />
      <BisWeighted>0</BisWeighted>
      <QtyInPackage>1</QtyInPackage>
      <ItemPrice>7.90</ItemPrice>
      <UnitOfMeasurePrice>7.90</UnitOfMeasurePrice>
      <AllowDiscount>1</AllowDiscount>
      <itemStatus>1</itemStatus>
      <LastUpdateDate />
      <LastUpdateTime />
    </Product>
    <Product>
      <PriceUpdateDate>2018/10/18 08:37</PriceUpdateDate>
      <ItemCode>7290111285356</ItemCode>
      <ItemType>1</ItemType>
      <ItemName>צלחת במבוק 23 סמי הכבאי</ItemName>
      <ManufactureName>שמחה זה אנחנו בעמ</ManufactureName>
      <ManufactureCountry />
      <ManufactureItemDescription />
      <UnitQty>יח`</UnitQty>
      <Quantity>1</Quantity>
      <UnitMeasure />
      <BisWeighted>0</BisWeighted>
      <QtyInPackage>1</QtyInPackage>
      <ItemPrice>9.90</ItemPrice>
      <UnitOfMeasurePrice>9.90</UnitOfMeasurePrice>
      <AllowDiscount>0</AllowDiscount>
      <itemStatus>1</itemStatus>
      <LastUpdateDate />
      <LastUpdateTime />
    </Product>
    <Product>
      <PriceUpdateDate>2018/10/18 08:37</PriceUpdateDate>
      <ItemCode>7290111285370</ItemCode>
      <ItemType>1</ItemType>
      <ItemName>קערה במבוק ספיידרמן</ItemName>
      <ManufactureName>שמחה זה אנחנו בעמ</ManufactureName>
      <ManufactureCountry />
      <ManufactureItemDescription />
      <UnitQty>יח`</UnitQty>
      <Quantity>1</Quantity>
      <UnitMeasure />
      <BisWeighted>0</BisWeighted>
      <QtyInPackage>1</QtyInPackage>
      <ItemPrice>9.90</ItemPrice>
      <UnitOfMeasurePrice>9.90</UnitOfMeasurePrice>
      <AllowDiscount>0</AllowDiscount>
      <itemStatus>1</itemStatus>
      <LastUpdateDate />
      <LastUpdateTime />
    </Product>
    <Product>
      <PriceUpdateDate>2018/10/18 08:37</PriceUpdateDate>
      <ItemCode>7290111285431</ItemCode>
      <ItemType>1</ItemType>
      <ItemName>קערה במבוק מפרץ ההרפתקאות בנים</ItemName>
      <ManufactureName>שמחה זה אנחנו בעמ</ManufactureName>
      <ManufactureCountry />
      <ManufactureItemDescription />
      <UnitQty>יח`</UnitQty>
      <Quantity>1</Quantity>
      <UnitMeasure />
      <BisWeighted>0</BisWeighted>
      <QtyInPackage>1</QtyInPackage>
      <ItemPrice>9.90</ItemPrice>
      <UnitOfMeasurePrice>9.90</UnitOfMeasurePrice>
      <AllowDiscount>0</AllowDiscount>
      <itemStatus>1</itemStatus>
      <LastUpdateDate />
      <LastUpdateTime />
    </Product>
    <Product>
      <PriceUpdateDate>2019/09/04 09:38</PriceUpdateDate>
      <ItemCode>7290111340178</ItemCode>
      <ItemType>1</ItemType>
      <ItemName>ניקול מטליות לחות לשיש ניחוח מרכך כביסה</ItemName>
      <ManufactureName>קימברלי קלארק ישראל שיווק בעמ</ManufactureName>
      <ManufactureCountry />
      <ManufactureItemDescription />
      <UnitQty>יח`</UnitQty>
      <Quantity>1</Quantity>
      <UnitMeasure />
      <BisWeighted>0</BisWeighted>
      <QtyInPackage>1</QtyInPackage>
      <ItemPrice>11.90</ItemPrice>
      <UnitOfMeasurePrice>11.90</UnitOfMeasurePrice>
      <AllowDiscount>1</AllowDiscount>
      <itemStatus>1</itemStatus>
      <LastUpdateDate />
      <LastUpdateTime />
    </Product>
    <Product>
      <PriceUpdateDate>2018/09/05 22:25</PriceUpdateDate>
      <ItemCode>7290111341359</ItemCode>
      <ItemType>1</ItemType>
      <ItemName>ניקול רדיד אלומיניום חסכוני 60 מטר עם סכ</ItemName>
      <ManufactureName>קימברלי קלארק ישראל שיווק בעמ</ManufactureName>
      <ManufactureCountry />
      <ManufactureItemDescription />
      <UnitQty>יח`</UnitQty>
      <Quantity>1</Quantity>
      <UnitMeasure />
      <BisWeighted>0</BisWeighted>
      <QtyInPackage>1</QtyInPackage>
      <ItemPrice>44.90</ItemPrice>
      <UnitOfMeasurePrice>44.90</UnitOfMeasurePrice>
      <AllowDiscount>1</AllowDiscount>
      <itemStatus>1</itemStatus>
      <LastUpdateDate />
      <LastUpdateTime />
    </Product>
    <Product>
      <PriceUpdateDate>2019/06/16 12:57</PriceUpdateDate>
      <ItemCode>7290111341526</ItemCode>
      <ItemType>1</ItemType>
      <ItemName>תחבושות קוטקס אקטיב נורמל דואו ( 24 יח)</ItemName>
      <ManufactureName>קימברלי קלארק ישראל שיווק בעמ</ManufactureName>
      <ManufactureCountry />
      <ManufactureItemDescription />
      <UnitQty>יח`</UnitQty>
      <Quantity>1</Quantity>
      <UnitMeasure />
      <BisWeighted>0</BisWeighted>
      <QtyInPackage>1</QtyInPackage>
      <ItemPrice>14.90</ItemPrice>
      <UnitOfMeasurePrice>14.90</UnitOfMeasurePrice>
      <AllowDiscount>1</AllowDiscount>
      <itemStatus>1</itemStatus>
      <LastUpdateDate />
      <LastUpdateTime />
    </Product>
    <Product>
      <PriceUpdateDate>2019/06/16 12:57</PriceUpdateDate>
      <ItemCode>7290111341540</ItemCode>
      <ItemType>1</ItemType>
      <ItemName>טמפונים קוטקוס אקטיב  נורמל( 32 יח)</ItemName>
      <ManufactureName>קימברלי קלארק ישראל שיווק בעמ</ManufactureName>
      <ManufactureCountry />
      <ManufactureItemDescription />
      <UnitQty>יח`</UnitQty>
      <Quantity>1</Quantity>
      <UnitMeasure />
      <BisWeighted>0</BisWeighted>
      <QtyInPackage>1</QtyInPackage>
      <ItemPrice>24.90</ItemPrice>
      <UnitOfMeasurePrice>24.90</UnitOfMeasurePrice>
      <AllowDiscount>0</AllowDiscount>
      <itemStatus>1</itemStatus>
      <LastUpdateDate />
      <LastUpdateTime />
    </Product>
    <Product>
      <PriceUpdateDate>2019/09/25 09:08</PriceUpdateDate>
      <ItemCode>7290111341984</ItemCode>
      <ItemType>1</ItemType>
      <ItemName>נייר טואלט לילי לח מארז רביעייה</ItemName>
      <ManufactureName>קימברלי קלארק ישראל שיווק בעמ</ManufactureName>
      <ManufactureCountry />
      <ManufactureItemDescription />
      <UnitQty>יח`</UnitQty>
      <Quantity>100</Quantity>
      <UnitMeasure>גרם</UnitMeasure>
      <BisWeighted>0</BisWeighted>
      <QtyInPackage>1</QtyInPackage>
      <ItemPrice>19.90</ItemPrice>
      <UnitOfMeasurePrice>19.90</UnitOfMeasurePrice>
      <AllowDiscount>0</AllowDiscount>
      <itemStatus>1</itemStatus>
      <LastUpdateDate />
      <LastUpdateTime />
    </Product>
    <Product>
      <PriceUpdateDate>2020/01/19 12:08</PriceUpdateDate>
      <ItemCode>7290111342042</ItemCode>
      <ItemType>1</ItemType>
      <ItemName>כריות יפניות אנטיבקטריאליות ניקול</ItemName>
      <ManufactureName>קימברלי קלארק ישראל שיווק בעמ</ManufactureName>
      <ManufactureCountry />
      <ManufactureItemDescription />
      <UnitQty>יח`</UnitQty>
      <Quantity>1</Quantity>
      <UnitMeasure />
      <BisWeighted>0</BisWeighted>
      <QtyInPackage>1</QtyInPackage>
      <ItemPrice>12.90</ItemPrice>
      <UnitOfMeasurePrice>12.90</UnitOfMeasurePrice>
      <AllowDiscount>1</AllowDiscount>
      <itemStatus>1</itemStatus>
      <LastUpdateDate />
      <LastUpdateTime />
    </Product>
    <Product>
      <PriceUpdateDate>2020/01/19 12:08</PriceUpdateDate>
      <ItemCode>7290111342059</ItemCode>
      <ItemType>1</ItemType>
      <ItemName>מטליות לחות אנטיבקטריאלי</ItemName>
      <ManufactureName>קימברלי קלארק ישראל שיווק בעמ</ManufactureName>
      <ManufactureCountry />
      <ManufactureItemDescription />
      <UnitQty>יח`</UnitQty>
      <Quantity>1</Quantity>
      <UnitMeasure />
      <BisWeighted>0</BisWeighted>
      <QtyInPackage>1</QtyInPackage>
      <ItemPrice>12.90</ItemPrice>
      <UnitOfMeasurePrice>12.90</UnitOfMeasurePrice>
      <AllowDiscount>1</AllowDiscount>
      <itemStatus>1</itemStatus>
      <LastUpdateDate />
      <LastUpdateTime />
    </Product>
    <Product>
      <PriceUpdateDate>2020/01/19 12:08</PriceUpdateDate>
      <ItemCode>7290111342073</ItemCode>
      <ItemType>1</ItemType>
      <ItemName>מטליות מייקרופייבר למשטחים אנטיבקטריאלי</ItemName>
      <ManufactureName>קימברלי קלארק ישראל שיווק בעמ</ManufactureName>
      <ManufactureCountry />
      <ManufactureItemDescription />
      <UnitQty>יח`</UnitQty>
      <Quantity>1</Quantity>
      <UnitMeasure />
      <BisWeighted>0</BisWeighted>
      <QtyInPackage>1</QtyInPackage>
      <ItemPrice>14.90</ItemPrice>
      <UnitOfMeasurePrice>14.90</UnitOfMeasurePrice>
      <AllowDiscount>1</AllowDiscount>
      <itemStatus>1</itemStatus>
      <LastUpdateDate />
      <LastUpdateTime />
    </Product>
    <Product>
      <PriceUpdateDate>2019/11/05 11:39</PriceUpdateDate>
      <ItemCode>7290111342189</ItemCode>
      <ItemType>1</ItemType>
      <ItemName>מפיות אירוח איכותיות צבעוני - ניקול</ItemName>
      <ManufactureName>קימברלי קלארק ישראל שיווק בעמ</ManufactureName>
      <ManufactureCountry />
      <ManufactureItemDescription />
      <UnitQty>יח`</UnitQty>
      <Quantity>1</Quantity>
      <UnitMeasure />
      <BisWeighted>0</BisWeighted>
      <QtyInPackage>1</QtyInPackage>
      <ItemPrice>8.90</ItemPrice>
      <UnitOfMeasurePrice>8.90</UnitOfMeasurePrice>
      <AllowDiscount>1</AllowDiscount>
      <itemStatus>1</itemStatus>
      <LastUpdateDate />
      <LastUpdateTime />
    </Product>
    <Product>
      <PriceUpdateDate>2019/12/22 11:04</PriceUpdateDate>
      <ItemCode>7290111342196</ItemCode>
      <ItemType>1</ItemType>
      <ItemName>מגן תחתון ג`גיה נורמל קוטקס (76 )</ItemName>
      <ManufactureName>קימברלי קלארק ישראל שיווק בעמ</ManufactureName>
      <ManufactureCountry />
      <ManufactureItemDescription />
      <UnitQty>יח`</UnitQty>
      <Quantity>1</Quantity>
      <UnitMeasure />
      <BisWeighted>0</BisWeighted>
      <QtyInPackage>1</QtyInPackage>
      <ItemPrice>19.90</ItemPrice>
      <UnitOfMeasurePrice>19.90</UnitOfMeasurePrice>
      <AllowDiscount>1</AllowDiscount>
      <itemStatus>1</itemStatus>
      <LastUpdateDate />
      <LastUpdateTime />
    </Product>
    <Product>
      <PriceUpdateDate>2019/12/22 11:04</PriceUpdateDate>
      <ItemCode>7290111342202</ItemCode>
      <ItemType>1</ItemType>
      <ItemName>מגן תחתון לארג` ג`גיה קוטקס (64 )</ItemName>
      <ManufactureName>קימברלי קלארק ישראל שיווק בעמ</ManufactureName>
      <ManufactureCountry />
      <ManufactureItemDescription />
      <UnitQty>יח`</UnitQty>
      <Quantity>1</Quantity>
      <UnitMeasure />
      <BisWeighted>0</BisWeighted>
      <QtyInPackage>1</QtyInPackage>
      <ItemPrice>19.90</ItemPrice>
      <UnitOfMeasurePrice>19.90</UnitOfMeasurePrice>
      <AllowDiscount>1</AllowDiscount>
      <itemStatus>1</itemStatus>
      <LastUpdateDate />
      <LastUpdateTime />
    </Product>
    <Product>
      <PriceUpdateDate>2019/12/15 13:43</PriceUpdateDate>
      <ItemCode>7290111342547</ItemCode>
      <ItemType>1</ItemType>
      <ItemName>מגן תחתון יאנג ג`יגה קוטקס (76)</ItemName>
      <ManufactureName>קימברלי קלארק ישראל שיווק בעמ</ManufactureName>
      <ManufactureCountry />
      <ManufactureItemDescription />
      <UnitQty>יח`</UnitQty>
      <Quantity>1</Quantity>
      <UnitMeasure />
      <BisWeighted>0</BisWeighted>
      <QtyInPackage>1</QtyInPackage>
      <ItemPrice>19.90</ItemPrice>
      <UnitOfMeasurePrice>19.90</UnitOfMeasurePrice>
      <AllowDiscount>1</AllowDiscount>
      <itemStatus>1</itemStatus>
      <LastUpdateDate />
      <LastUpdateTime />
    </Product>
    <Product>
      <PriceUpdateDate>2018/01/02 09:36</PriceUpdateDate>
      <ItemCode>7290111350047</ItemCode>
      <ItemType>1</ItemType>
      <ItemName>תמרים ללא חרצנים 500 גר` קלית גת</ItemName>
      <ManufactureName>ליימן שליסל בעמ</ManufactureName>
      <ManufactureCountry />
      <ManufactureItemDescription />
      <UnitQty>יח`</UnitQty>
      <Quantity>500</Quantity>
      <UnitMeasure>גרם</UnitMeasure>
      <BisWeighted>0</BisWeighted>
      <QtyInPackage>1</QtyInPackage>
      <ItemPrice>11.90</ItemPrice>
      <UnitOfMeasurePrice>2.38</UnitOfMeasurePrice>
      <AllowDiscount>0</AllowDiscount>
      <itemStatus>1</itemStatus>
      <LastUpdateDate />
      <LastUpdateTime />
    </Product>
    <Product>
      <PriceUpdateDate>2018/05/13 11:50</PriceUpdateDate>
      <ItemCode>7290111350382</ItemCode>
      <ItemType>1</ItemType>
      <ItemName>ממרח עוגיות בטעם קרמל 400 גר` צ`וקטה</ItemName>
      <ManufactureName>ליימן שליסל בעמ</ManufactureName>
      <ManufactureCountry />
      <ManufactureItemDescription />
      <UnitQty>יח`</UnitQty>
      <Quantity>400</Quantity>
      <UnitMeasure>גרם</UnitMeasure>
      <BisWeighted>0</BisWeighted>
      <QtyInPackage>1</QtyInPackage>
      <ItemPrice>16.90</ItemPrice>
      <UnitOfMeasurePrice>4.23</UnitOfMeasurePrice>
      <AllowDiscount>1</AllowDiscount>
      <itemStatus>1</itemStatus>
      <LastUpdateDate />
      <LastUpdateTime />
    </Product>
    <Product>
      <PriceUpdateDate>2018/07/16 13:40</PriceUpdateDate>
      <ItemCode>7290111350412</ItemCode>
      <ItemType>1</ItemType>
      <ItemName>שוקולד מריר 48% אריזת חמיישיה צו`קטה</ItemName>
      <ManufactureName>ליימן שליסל בעמ</ManufactureName>
      <ManufactureCountry />
      <ManufactureItemDescription />
      <UnitQty>יח`</UnitQty>
      <Quantity>500</Quantity>
      <UnitMeasure>גרם</UnitMeasure>
      <BisWeighted>0</BisWeighted>
      <QtyInPackage>1</QtyInPackage>
      <ItemPrice>16.90</ItemPrice>
      <UnitOfMeasurePrice>3.38</UnitOfMeasurePrice>
      <AllowDiscount>0</AllowDiscount>
      <itemStatus>1</itemStatus>
      <LastUpdateDate />
      <LastUpdateTime />
    </Product>
    <Product>
      <PriceUpdateDate>2018/07/16 13:40</PriceUpdateDate>
      <ItemCode>7290111350504</ItemCode>
      <ItemType>1</ItemType>
      <ItemName>עוגות אישיות בטעם וניל 250 גר` צו`קטה</ItemName>
      <ManufactureName>ליימן שליסל בעמ</ManufactureName>
      <ManufactureCountry />
      <ManufactureItemDescription />
      <UnitQty>יח`</UnitQty>
      <Quantity>250</Quantity>
      <UnitMeasure>גרם</UnitMeasure>
      <BisWeighted>0</BisWeighted>
      <QtyInPackage>1</QtyInPackage>
      <ItemPrice>13.90</ItemPrice>
      <UnitOfMeasurePrice>5.56</UnitOfMeasurePrice>
      <AllowDiscount>1</AllowDiscount>
      <itemStatus>1</itemStatus>
      <LastUpdateDate />
      <LastUpdateTime />
    </Product>
    <Product>
      <PriceUpdateDate>2019/03/24 12:39</PriceUpdateDate>
      <ItemCode>7290111350726</ItemCode>
      <ItemType>1</ItemType>
      <ItemName>נאצוס בסגנון מקסיקני 332 גר` היט הופ</ItemName>
      <ManufactureName>ליימן שליסל בעמ</ManufactureName>
      <ManufactureCountry />
      <ManufactureItemDescription />
      <UnitQty>יח`</UnitQty>
      <Quantity>322</Quantity>
      <UnitMeasure>גרם</UnitMeasure>
      <BisWeighted>0</BisWeighted>
      <QtyInPackage>1</QtyInPackage>
      <ItemPrice>16.90</ItemPrice>
      <UnitOfMeasurePrice>5.25</UnitOfMeasurePrice>
      <AllowDiscount>1</AllowDiscount>
      <itemStatus>1</itemStatus>
      <LastUpdateDate />
      <LastUpdateTime />
    </Product>
    <Product>
      <PriceUpdateDate>2018/12/09 11:31</PriceUpdateDate>
      <ItemCode>7290111350856</ItemCode>
      <ItemType>1</ItemType>
      <ItemName>צ`וקטה עוגות אישיות שמינייה</ItemName>
      <ManufactureName>ליימן שליסל בעמ</ManufactureName>
      <ManufactureCountry />
      <ManufactureItemDescription />
      <UnitQty>יח`</UnitQty>
      <Quantity>240</Quantity>
      <UnitMeasure>גרם</UnitMeasure>
      <BisWeighted>0</BisWeighted>
      <QtyInPackage>1</QtyInPackage>
      <ItemPrice>13.90</ItemPrice>
      <UnitOfMeasurePrice>5.79</UnitOfMeasurePrice>
      <AllowDiscount>1</AllowDiscount>
      <itemStatus>1</itemStatus>
      <LastUpdateDate />
      <LastUpdateTime />
    </Product>
    <Product>
      <PriceUpdateDate>2018/12/20 11:21</PriceUpdateDate>
      <ItemCode>7290111351020</ItemCode>
      <ItemType>1</ItemType>
      <ItemName>סוכריות גומי בטעמי פירות 200 גר` יוגטה</ItemName>
      <ManufactureName>ליימן שליסל בעמ</ManufactureName>
      <ManufactureCountry />
      <ManufactureItemDescription />
      <UnitQty>יח`</UnitQty>
      <Quantity>200</Quantity>
      <UnitMeasure>גרם</UnitMeasure>
      <BisWeighted>0</BisWeighted>
      <QtyInPackage>1</QtyInPackage>
      <ItemPrice>9.90</ItemPrice>
      <UnitOfMeasurePrice>4.95</UnitOfMeasurePrice>
      <AllowDiscount>0</AllowDiscount>
      <itemStatus>1</itemStatus>
      <LastUpdateDate />
      <LastUpdateTime />
    </Product>
    <Product>
      <PriceUpdateDate>2018/12/20 11:21</PriceUpdateDate>
      <ItemCode>7290111351051</ItemCode>
      <ItemType>1</ItemType>
      <ItemName>סוכריות גומי נחשים 800  גר`יוגטה</ItemName>
      <ManufactureName>ליימן שליסל בעמ</ManufactureName>
      <ManufactureCountry />
      <ManufactureItemDescription />
      <UnitQty>יח`</UnitQty>
      <Quantity>800</Quantity>
      <UnitMeasure>גרם</UnitMeasure>
      <BisWeighted>0</BisWeighted>
      <QtyInPackage>1</QtyInPackage>
      <ItemPrice>19.90</ItemPrice>
      <UnitOfMeasurePrice>2.49</UnitOfMeasurePrice>
      <AllowDiscount>0</AllowDiscount>
      <itemStatus>1</itemStatus>
      <LastUpdateDate />
      <LastUpdateTime />
    </Product>
    <Product>
      <PriceUpdateDate>2018/12/20 11:21</PriceUpdateDate>
      <ItemCode>7290111351068</ItemCode>
      <ItemType>1</ItemType>
      <ItemName>סוכריות גומי חמוצות מסוכרות 800  גר`יוגט</ItemName>
      <ManufactureName>ליימן שליסל בעמ</ManufactureName>
      <ManufactureCountry />
      <ManufactureItemDescription />
      <UnitQty>יח`</UnitQty>
      <Quantity>800</Quantity>
      <UnitMeasure>גרם</UnitMeasure>
      <BisWeighted>0</BisWeighted>
      <QtyInPackage>1</QtyInPackage>
      <ItemPrice>19.90</ItemPrice>
      <UnitOfMeasurePrice>2.49</UnitOfMeasurePrice>
      <AllowDiscount>0</AllowDiscount>
      <itemStatus>1</itemStatus>
      <LastUpdateDate />
      <LastUpdateTime />
    </Product>
    <Product>
      <PriceUpdateDate>2019/03/31 13:16</PriceUpdateDate>
      <ItemCode>7290111351105</ItemCode>
      <ItemType>1</ItemType>
      <ItemName>פתי בר ביסקוייט בטעם חמאה 400  גר`צוקטה</ItemName>
      <ManufactureName>ליימן שליסל בעמ</ManufactureName>
      <ManufactureCountry />
      <ManufactureItemDescription />
      <UnitQty>יח`</UnitQty>
      <Quantity>400</Quantity>
      <UnitMeasure>גרם</UnitMeasure>
      <BisWeighted>0</BisWeighted>
      <QtyInPackage>1</QtyInPackage>
      <ItemPrice>6.90</ItemPrice>
      <UnitOfMeasurePrice>1.73</UnitOfMeasurePrice>
      <AllowDiscount>0</AllowDiscount>
      <itemStatus>1</itemStatus>
      <LastUpdateDate />
      <LastUpdateTime />
    </Product>
    <Product>
      <PriceUpdateDate>2019/03/31 13:16</PriceUpdateDate>
      <ItemCode>7290111351112</ItemCode>
      <ItemType>1</ItemType>
      <ItemName>ביסקוויט סנדוויץ בטעם שוקולד במילוי קרם</ItemName>
      <ManufactureName>ליימן שליסל בעמ</ManufactureName>
      <ManufactureCountry />
      <ManufactureItemDescription />
      <UnitQty>יח`</UnitQty>
      <Quantity>176</Quantity>
      <UnitMeasure>גרם</UnitMeasure>
      <BisWeighted>0</BisWeighted>
      <QtyInPackage>1</QtyInPackage>
      <ItemPrice>5.90</ItemPrice>
      <UnitOfMeasurePrice>3.35</UnitOfMeasurePrice>
      <AllowDiscount>1</AllowDiscount>
      <itemStatus>1</itemStatus>
      <LastUpdateDate />
      <LastUpdateTime />
    </Product>
    <Product>
      <PriceUpdateDate>2019/04/21 14:17</PriceUpdateDate>
      <ItemCode>7290111351433</ItemCode>
      <ItemType>1</ItemType>
      <ItemName>עלי וופל דקים בטעם חמאה 100 גר` צוקטה</ItemName>
      <ManufactureName>ליימן שליסל בעמ</ManufactureName>
      <ManufactureCountry />
      <ManufactureItemDescription />
      <UnitQty>יח`</UnitQty>
      <Quantity>100</Quantity>
      <UnitMeasure>גרם</UnitMeasure>
      <BisWeighted>0</BisWeighted>
      <QtyInPackage>1</QtyInPackage>
      <ItemPrice>9.90</ItemPrice>
      <UnitOfMeasurePrice>9.90</UnitOfMeasurePrice>
      <AllowDiscount>1</AllowDiscount>
      <itemStatus>1</itemStatus>
      <LastUpdateDate />
      <LastUpdateTime />
    </Product>
    <Product>
      <PriceUpdateDate>2019/08/08 08:24</PriceUpdateDate>
      <ItemCode>7290111351440</ItemCode>
      <ItemType>1</ItemType>
      <ItemName>שוקולד חלב צ`וקטה (90x3 גר`) מארז שליישי</ItemName>
      <ManufactureName>ליימן שליסל בעמ</ManufactureName>
      <ManufactureCountry />
      <ManufactureItemDescription />
      <UnitQty>יח`</UnitQty>
      <Quantity>270</Quantity>
      <UnitMeasure>גרם</UnitMeasure>
      <BisWeighted>0</BisWeighted>
      <QtyInPackage>1</QtyInPackage>
      <ItemPrice>9.90</ItemPrice>
      <UnitOfMeasurePrice>3.67</UnitOfMeasurePrice>
      <AllowDiscount>0</AllowDiscount>
      <itemStatus>1</itemStatus>
      <LastUpdateDate />
      <LastUpdateTime />
    </Product>
    <Product>
      <PriceUpdateDate>2019/03/31 13:16</PriceUpdateDate>
      <ItemCode>7290111351488</ItemCode>
      <ItemType>1</ItemType>
      <ItemName>חלווה בטעם וניל 300 גר` צוקטה</ItemName>
      <ManufactureName>ליימן שליסל בעמ</ManufactureName>
      <ManufactureCountry />
      <ManufactureItemDescription />
      <UnitQty>יח`</UnitQty>
      <Quantity>300</Quantity>
      <UnitMeasure>גרם</UnitMeasure>
      <BisWeighted>0</BisWeighted>
      <QtyInPackage>1</QtyInPackage>
      <ItemPrice>9.90</ItemPrice>
      <UnitOfMeasurePrice>3.30</UnitOfMeasurePrice>
      <AllowDiscount>1</AllowDiscount>
      <itemStatus>1</itemStatus>
      <LastUpdateDate />
      <LastUpdateTime />
    </Product>
    <Product>
      <PriceUpdateDate>2019/04/21 14:17</PriceUpdateDate>
      <ItemCode>7290111351501</ItemCode>
      <ItemType>1</ItemType>
      <ItemName>גלילי וופל בציפוי שוקולד חלב 180 גר` צוק</ItemName>
      <ManufactureName>ליימן שליסל בעמ</ManufactureName>
      <ManufactureCountry />
      <ManufactureItemDescription />
      <UnitQty>יח`</UnitQty>
      <Quantity>180</Quantity>
      <UnitMeasure>גרם</UnitMeasure>
      <BisWeighted>0</BisWeighted>
      <QtyInPackage>1</QtyInPackage>
      <ItemPrice>9.90</ItemPrice>
      <UnitOfMeasurePrice>5.50</UnitOfMeasurePrice>
      <AllowDiscount>1</AllowDiscount>
      <itemStatus>1</itemStatus>
      <LastUpdateDate />
      <LastUpdateTime />
    </Product>
    <Product>
      <PriceUpdateDate>2019/07/25 08:43</PriceUpdateDate>
      <ItemCode>7290111351556</ItemCode>
      <ItemType>1</ItemType>
      <ItemName>חטיפי מיני קרקר רוזמרין 150 גר` צוקטה</ItemName>
      <ManufactureName>ליימן שליסל בעמ</ManufactureName>
      <ManufactureCountry />
      <ManufactureItemDescription />
      <UnitQty>יח`</UnitQty>
      <Quantity>150</Quantity>
      <UnitMeasure>גרם</UnitMeasure>
      <BisWeighted>0</BisWeighted>
      <QtyInPackage>1</QtyInPackage>
      <ItemPrice>6.50</ItemPrice>
      <UnitOfMeasurePrice>4.33</UnitOfMeasurePrice>
      <AllowDiscount>1</AllowDiscount>
      <itemStatus>1</itemStatus>
      <LastUpdateDate />
      <LastUpdateTime />
    </Product>
    <Product>
      <PriceUpdateDate>2019/07/25 08:43</PriceUpdateDate>
      <ItemCode>7290111351563</ItemCode>
      <ItemType>1</ItemType>
      <ItemName>חטיפי מיני קרקר פיצה 150 גר` צוקטה</ItemName>
      <ManufactureName>ליימן שליסל בעמ</ManufactureName>
      <ManufactureCountry />
      <ManufactureItemDescription />
      <UnitQty>יח`</UnitQty>
      <Quantity>150</Quantity>
      <UnitMeasure>גרם</UnitMeasure>
      <BisWeighted>0</BisWeighted>
      <QtyInPackage>1</QtyInPackage>
      <ItemPrice>6.50</ItemPrice>
      <UnitOfMeasurePrice>4.33</UnitOfMeasurePrice>
      <AllowDiscount>1</AllowDiscount>
      <itemStatus>1</itemStatus>
      <LastUpdateDate />
      <LastUpdateTime />
    </Product>
    <Product>
      <PriceUpdateDate>2019/07/25 08:43</PriceUpdateDate>
      <ItemCode>7290111351570</ItemCode>
      <ItemType>1</ItemType>
      <ItemName>חטיפי מיני קרקר שמן זית 150 גר צוקטה</ItemName>
      <ManufactureName>ליימן שליסל בעמ</ManufactureName>
      <ManufactureCountry />
      <ManufactureItemDescription />
      <UnitQty>יח`</UnitQty>
      <Quantity>150</Quantity>
      <UnitMeasure>גרם</UnitMeasure>
      <BisWeighted>0</BisWeighted>
      <QtyInPackage>1</QtyInPackage>
      <ItemPrice>6.50</ItemPrice>
      <UnitOfMeasurePrice>4.33</UnitOfMeasurePrice>
      <AllowDiscount>1</AllowDiscount>
      <itemStatus>1</itemStatus>
      <LastUpdateDate />
      <LastUpdateTime />
    </Product>
    <Product>
      <PriceUpdateDate>2019/07/25 08:43</PriceUpdateDate>
      <ItemCode>7290111351617</ItemCode>
      <ItemType>1</ItemType>
      <ItemName>בייגלה בתוספת שומשום 200 גר` צוקטה</ItemName>
      <ManufactureName>ליימן שליסל בעמ</ManufactureName>
      <ManufactureCountry />
      <ManufactureItemDescription />
      <UnitQty>יח`</UnitQty>
      <Quantity>200</Quantity>
      <UnitMeasure>גרם</UnitMeasure>
      <BisWeighted>0</BisWeighted>
      <QtyInPackage>1</QtyInPackage>
      <ItemPrice>6.50</ItemPrice>
      <UnitOfMeasurePrice>3.25</UnitOfMeasurePrice>
      <AllowDiscount>1</AllowDiscount>
      <itemStatus>1</itemStatus>
      <LastUpdateDate />
      <LastUpdateTime />
    </Product>
    <Product>
      <PriceUpdateDate>2019/07/25 08:43</PriceUpdateDate>
      <ItemCode>7290111351624</ItemCode>
      <ItemType>1</ItemType>
      <ItemName>בייגלה בתוספת מלח 200 גר` צוקטה</ItemName>
      <ManufactureName>ליימן שליסל בעמ</ManufactureName>
      <ManufactureCountry />
      <ManufactureItemDescription />
      <UnitQty>יח`</UnitQty>
      <Quantity>200</Quantity>
      <UnitMeasure>גרם</UnitMeasure>
      <BisWeighted>0</BisWeighted>
      <QtyInPackage>1</QtyInPackage>
      <ItemPrice>6.50</ItemPrice>
      <UnitOfMeasurePrice>3.25</UnitOfMeasurePrice>
      <AllowDiscount>1</AllowDiscount>
      <itemStatus>1</itemStatus>
      <LastUpdateDate />
      <LastUpdateTime />
    </Product>
    <Product>
      <PriceUpdateDate>2020/02/17 06:44</PriceUpdateDate>
      <ItemCode>7290111352317</ItemCode>
      <ItemType>1</ItemType>
      <ItemName>ביסקוויט במילוי קרם בטעם וניל בציפוי שו</ItemName>
      <ManufactureName>ליימן שליסל בעמ</ManufactureName>
      <ManufactureCountry />
      <ManufactureItemDescription />
      <UnitQty>יח`</UnitQty>
      <Quantity>150</Quantity>
      <UnitMeasure>גרם</UnitMeasure>
      <BisWeighted>0</BisWeighted>
      <QtyInPackage>1</QtyInPackage>
      <ItemPrice>9.90</ItemPrice>
      <UnitOfMeasurePrice>6.60</UnitOfMeasurePrice>
      <AllowDiscount>1</AllowDiscount>
      <itemStatus>1</itemStatus>
      <LastUpdateDate />
      <LastUpdateTime />
    </Product>
    <Product>
      <PriceUpdateDate>2020/02/17 06:44</PriceUpdateDate>
      <ItemCode>7290111352331</ItemCode>
      <ItemType>1</ItemType>
      <ItemName>וופל חמאה בציפוי שוקולד מריר מעולה 110 ג</ItemName>
      <ManufactureName>ליימן שליסל בעמ</ManufactureName>
      <ManufactureCountry />
      <ManufactureItemDescription />
      <UnitQty>יח`</UnitQty>
      <Quantity>110</Quantity>
      <UnitMeasure>גרם</UnitMeasure>
      <BisWeighted>0</BisWeighted>
      <QtyInPackage>1</QtyInPackage>
      <ItemPrice>9.90</ItemPrice>
      <UnitOfMeasurePrice>9</UnitOfMeasurePrice>
      <AllowDiscount>1</AllowDiscount>
      <itemStatus>1</itemStatus>
      <LastUpdateDate />
      <LastUpdateTime />
    </Product>
    <Product>
      <PriceUpdateDate>2019/10/06 12:29</PriceUpdateDate>
      <ItemCode>7290111532276</ItemCode>
      <ItemType>1</ItemType>
      <ItemName>עוגיות בדלי מרוקאיות 600 גר`</ItemName>
      <ManufactureName>שיבולים יצור ושיווק מוצרי מאפה</ManufactureName>
      <ManufactureCountry />
      <ManufactureItemDescription />
      <UnitQty>יח`</UnitQty>
      <Quantity>600</Quantity>
      <UnitMeasure>גרם</UnitMeasure>
      <BisWeighted>0</BisWeighted>
      <QtyInPackage>1</QtyInPackage>
      <ItemPrice>11.90</ItemPrice>
      <UnitOfMeasurePrice>1.98</UnitOfMeasurePrice>
      <AllowDiscount>0</AllowDiscount>
      <itemStatus>1</itemStatus>
      <LastUpdateDate />
      <LastUpdateTime />
    </Product>
    <Product>
      <PriceUpdateDate>2019/10/06 12:29</PriceUpdateDate>
      <ItemCode>7290111532283</ItemCode>
      <ItemType>1</ItemType>
      <ItemName>עוגיות דלי מעמול ( 600 גר`)</ItemName>
      <ManufactureName>שיבולים יצור ושיווק מוצרי מאפה</ManufactureName>
      <ManufactureCountry />
      <ManufactureItemDescription />
      <UnitQty>יח`</UnitQty>
      <Quantity>600</Quantity>
      <UnitMeasure>גרם</UnitMeasure>
      <BisWeighted>0</BisWeighted>
      <QtyInPackage>1</QtyInPackage>
      <ItemPrice>11.90</ItemPrice>
      <UnitOfMeasurePrice>1.98</UnitOfMeasurePrice>
      <AllowDiscount>0</AllowDiscount>
      <itemStatus>1</itemStatus>
      <LastUpdateDate />
      <LastUpdateTime />
    </Product>
    <Product>
      <PriceUpdateDate>2019/10/06 12:29</PriceUpdateDate>
      <ItemCode>7290111532306</ItemCode>
      <ItemType>1</ItemType>
      <ItemName>עוגיות דלי אצבע שוקולד 600 גר`</ItemName>
      <ManufactureName>שיבולים יצור ושיווק מוצרי מאפה</ManufactureName>
      <ManufactureCountry />
      <ManufactureItemDescription />
      <UnitQty>יח`</UnitQty>
      <Quantity>600</Quantity>
      <UnitMeasure>גרם</UnitMeasure>
      <BisWeighted>0</BisWeighted>
      <QtyInPackage>1</QtyInPackage>
      <ItemPrice>11.90</ItemPrice>
      <UnitOfMeasurePrice>1.98</UnitOfMeasurePrice>
      <AllowDiscount>0</AllowDiscount>
      <itemStatus>1</itemStatus>
      <LastUpdateDate />
      <LastUpdateTime />
    </Product>
    <Product>
      <PriceUpdateDate>2019/10/06 12:29</PriceUpdateDate>
      <ItemCode>7290111532337</ItemCode>
      <ItemType>1</ItemType>
      <ItemName>עוגיות בדלי כתר ריבה מיקס 600 גר`</ItemName>
      <ManufactureName>שיבולים יצור ושיווק מוצרי מאפה</ManufactureName>
      <ManufactureCountry />
      <ManufactureItemDescription />
      <UnitQty>יח`</UnitQty>
      <Quantity>600</Quantity>
      <UnitMeasure>גרם</UnitMeasure>
      <BisWeighted>0</BisWeighted>
      <QtyInPackage>1</QtyInPackage>
      <ItemPrice>11.90</ItemPrice>
      <UnitOfMeasurePrice>1.98</UnitOfMeasurePrice>
      <AllowDiscount>0</AllowDiscount>
      <itemStatus>1</itemStatus>
      <LastUpdateDate />
      <LastUpdateTime />
    </Product>
    <Product>
      <PriceUpdateDate>2019/10/06 12:29</PriceUpdateDate>
      <ItemCode>7290111532344</ItemCode>
      <ItemType>1</ItemType>
      <ItemName>עוגיות בדלי ממולאות בטעם שוקולד 600 גר`</ItemName>
      <ManufactureName>שיבולים יצור ושיווק מוצרי מאפה</ManufactureName>
      <ManufactureCountry />
      <ManufactureItemDescription />
      <UnitQty>יח`</UnitQty>
      <Quantity>600</Quantity>
      <UnitMeasure>גרם</UnitMeasure>
      <BisWeighted>0</BisWeighted>
      <QtyInPackage>1</QtyInPackage>
      <ItemPrice>11.90</ItemPrice>
      <UnitOfMeasurePrice>1.98</UnitOfMeasurePrice>
      <AllowDiscount>0</AllowDiscount>
      <itemStatus>1</itemStatus>
      <LastUpdateDate />
      <LastUpdateTime />
    </Product>
    <Product>
      <PriceUpdateDate>2019/10/06 12:29</PriceUpdateDate>
      <ItemCode>7290111532382</ItemCode>
      <ItemType>1</ItemType>
      <ItemName>עוגיות בדלי רולדת תמרים 600 גר`</ItemName>
      <ManufactureName>שיבולים יצור ושיווק מוצרי מאפה</ManufactureName>
      <ManufactureCountry />
      <ManufactureItemDescription />
      <UnitQty>יח`</UnitQty>
      <Quantity>600</Quantity>
      <UnitMeasure>גרם</UnitMeasure>
      <BisWeighted>0</BisWeighted>
      <QtyInPackage>1</QtyInPackage>
      <ItemPrice>11.90</ItemPrice>
      <UnitOfMeasurePrice>1.98</UnitOfMeasurePrice>
      <AllowDiscount>0</AllowDiscount>
      <itemStatus>1</itemStatus>
      <LastUpdateDate />
      <LastUpdateTime />
    </Product>
    <Product>
      <PriceUpdateDate>2019/10/06 12:29</PriceUpdateDate>
      <ItemCode>7290111532474</ItemCode>
      <ItemType>1</ItemType>
      <ItemName>עוגיות דלי אוזניות 500 גר`</ItemName>
      <ManufactureName>שיבולים יצור ושיווק מוצרי מאפה</ManufactureName>
      <ManufactureCountry />
      <ManufactureItemDescription />
      <UnitQty>יח`</UnitQty>
      <Quantity>500</Quantity>
      <UnitMeasure>גרם</UnitMeasure>
      <BisWeighted>0</BisWeighted>
      <QtyInPackage>1</QtyInPackage>
      <ItemPrice>11.90</ItemPrice>
      <UnitOfMeasurePrice>2.38</UnitOfMeasurePrice>
      <AllowDiscount>0</AllowDiscount>
      <itemStatus>1</itemStatus>
      <LastUpdateDate />
      <LastUpdateTime />
    </Product>
    <Product>
      <PriceUpdateDate>2019/10/06 12:29</PriceUpdateDate>
      <ItemCode>7290111532498</ItemCode>
      <ItemType>1</ItemType>
      <ItemName>שיבולים עוגיות בדלי 500 גר</ItemName>
      <ManufactureName>שיבולים יצור ושיווק מוצרי מאפה</ManufactureName>
      <ManufactureCountry />
      <ManufactureItemDescription />
      <UnitQty>יח`</UnitQty>
      <Quantity>500</Quantity>
      <UnitMeasure>גרם</UnitMeasure>
      <BisWeighted>0</BisWeighted>
      <QtyInPackage>1</QtyInPackage>
      <ItemPrice>11.90</ItemPrice>
      <UnitOfMeasurePrice>2.38</UnitOfMeasurePrice>
      <AllowDiscount>0</AllowDiscount>
      <itemStatus>1</itemStatus>
      <LastUpdateDate />
      <LastUpdateTime />
    </Product>
    <Product>
      <PriceUpdateDate>2019/10/06 12:29</PriceUpdateDate>
      <ItemCode>7290111532535</ItemCode>
      <ItemType>1</ItemType>
      <ItemName>עוגיות בדלי שיבולת שועל גרנולה 500 גר`</ItemName>
      <ManufactureName>שיבולים יצור ושיווק מוצרי מאפה</ManufactureName>
      <ManufactureCountry />
      <ManufactureItemDescription />
      <UnitQty>יח`</UnitQty>
      <Quantity>600</Quantity>
      <UnitMeasure>גרם</UnitMeasure>
      <BisWeighted>0</BisWeighted>
      <QtyInPackage>1</QtyInPackage>
      <ItemPrice>11.90</ItemPrice>
      <UnitOfMeasurePrice>1.98</UnitOfMeasurePrice>
      <AllowDiscount>0</AllowDiscount>
      <itemStatus>1</itemStatus>
      <LastUpdateDate />
      <LastUpdateTime />
    </Product>
    <Product>
      <PriceUpdateDate>2018/05/03 14:51</PriceUpdateDate>
      <ItemCode>7290111534010</ItemCode>
      <ItemType>1</ItemType>
      <ItemName>פס גבינה שמנת ופרורים 450 גר קפולסקי</ItemName>
      <ManufactureName>קפולסקי אדל בעמ</ManufactureName>
      <ManufactureCountry />
      <ManufactureItemDescription />
      <UnitQty>יח`</UnitQty>
      <Quantity>450</Quantity>
      <UnitMeasure>גרם</UnitMeasure>
      <BisWeighted>0</BisWeighted>
      <QtyInPackage>1</QtyInPackage>
      <ItemPrice>34.90</ItemPrice>
      <UnitOfMeasurePrice>7.76</UnitOfMeasurePrice>
      <AllowDiscount>0</AllowDiscount>
      <itemStatus>1</itemStatus>
      <LastUpdateDate />
      <LastUpdateTime />
    </Product>
    <Product>
      <PriceUpdateDate>2017/05/15 16:51</PriceUpdateDate>
      <ItemCode>7290111560583</ItemCode>
      <ItemType>1</ItemType>
      <ItemName>קמח תופח עם 30% חיטה מלאה 1 קג אסם</ItemName>
      <ManufactureName>קבוצת אסם סחר שות. מוגבלת</ManufactureName>
      <ManufactureCountry />
      <ManufactureItemDescription />
      <UnitQty>יח`</UnitQty>
      <Quantity>1000</Quantity>
      <UnitMeasure>גרם</UnitMeasure>
      <BisWeighted>0</BisWeighted>
      <QtyInPackage>1</QtyInPackage>
      <ItemPrice>11.90</ItemPrice>
      <UnitOfMeasurePrice>1.19</UnitOfMeasurePrice>
      <AllowDiscount>0</AllowDiscount>
      <itemStatus>1</itemStatus>
      <LastUpdateDate />
      <LastUpdateTime />
    </Product>
    <Product>
      <PriceUpdateDate>2017/06/07 08:27</PriceUpdateDate>
      <ItemCode>7290111560606</ItemCode>
      <ItemType>1</ItemType>
      <ItemName>מנה חמה קוסקוס עגבניות פיקנטי</ItemName>
      <ManufactureName>קבוצת אסם סחר שות. מוגבלת</ManufactureName>
      <ManufactureCountry />
      <ManufactureItemDescription />
      <UnitQty>יח`</UnitQty>
      <Quantity>87</Quantity>
      <UnitMeasure>גרם</UnitMeasure>
      <BisWeighted>0</BisWeighted>
      <QtyInPackage>1</QtyInPackage>
      <ItemPrice>6.90</ItemPrice>
      <UnitOfMeasurePrice>7.93</UnitOfMeasurePrice>
      <AllowDiscount>1</AllowDiscount>
      <itemStatus>1</itemStatus>
      <LastUpdateDate />
      <LastUpdateTime />
    </Product>
    <Product>
      <PriceUpdateDate>2018/04/15 08:48</PriceUpdateDate>
      <ItemCode>7290111563355</ItemCode>
      <ItemType>1</ItemType>
      <ItemName>סלט טורקי מרובע 400 גר` צבר</ItemName>
      <ManufactureName>קבוצת אסם סחר שות. מוגבלת</ManufactureName>
      <ManufactureCountry />
      <ManufactureItemDescription />
      <UnitQty>יח`</UnitQty>
      <Quantity>400</Quantity>
      <UnitMeasure>גרם</UnitMeasure>
      <BisWeighted>0</BisWeighted>
      <QtyInPackage>1</QtyInPackage>
      <ItemPrice>11.90</ItemPrice>
      <UnitOfMeasurePrice>2.98</UnitOfMeasurePrice>
      <AllowDiscount>1</AllowDiscount>
      <itemStatus>1</itemStatus>
      <LastUpdateDate />
      <LastUpdateTime />
    </Product>
    <Product>
      <PriceUpdateDate>2018/04/15 08:48</PriceUpdateDate>
      <ItemCode>7290111563492</ItemCode>
      <ItemType>1</ItemType>
      <ItemName>סלט מטבוחה חריפה מרובע 400 גר` צבר</ItemName>
      <ManufactureName>קבוצת אסם סחר שות. מוגבלת</ManufactureName>
      <ManufactureCountry />
      <ManufactureItemDescription />
      <UnitQty>יח`</UnitQty>
      <Quantity>400</Quantity>
      <UnitMeasure>גרם</UnitMeasure>
      <BisWeighted>0</BisWeighted>
      <QtyInPackage>1</QtyInPackage>
      <ItemPrice>10.90</ItemPrice>
      <UnitOfMeasurePrice>2.73</UnitOfMeasurePrice>
      <AllowDiscount>1</AllowDiscount>
      <itemStatus>1</itemStatus>
      <LastUpdateDate />
      <LastUpdateTime />
    </Product>
    <Product>
      <PriceUpdateDate>2017/09/12 10:23</PriceUpdateDate>
      <ItemCode>7290111564277</ItemCode>
      <ItemType>1</ItemType>
      <ItemName>פיטנס פריכיות 3 דגנים דקות 120 גר` אסם</ItemName>
      <ManufactureName>קבוצת אסם סחר שות. מוגבלת</ManufactureName>
      <ManufactureCountry />
      <ManufactureItemDescription />
      <UnitQty>יח`</UnitQty>
      <Quantity>120</Quantity>
      <UnitMeasure>גרם</UnitMeasure>
      <BisWeighted>0</BisWeighted>
      <QtyInPackage>1</QtyInPackage>
      <ItemPrice>11.90</ItemPrice>
      <UnitOfMeasurePrice>9.92</UnitOfMeasurePrice>
      <AllowDiscount>1</AllowDiscount>
      <itemStatus>1</itemStatus>
      <LastUpdateDate />
      <LastUpdateTime />
    </Product>
    <Product>
      <PriceUpdateDate>2017/09/12 10:23</PriceUpdateDate>
      <ItemCode>7290111564291</ItemCode>
      <ItemType>1</ItemType>
      <ItemName>פיטנס פריכיות דקות עם קינואה 120 גר` אסם</ItemName>
      <ManufactureName>קבוצת אסם סחר שות. מוגבלת</ManufactureName>
      <ManufactureCountry />
      <ManufactureItemDescription />
      <UnitQty>יח`</UnitQty>
      <Quantity>120</Quantity>
      <UnitMeasure>גרם</UnitMeasure>
      <BisWeighted>0</BisWeighted>
      <QtyInPackage>1</QtyInPackage>
      <ItemPrice>11.90</ItemPrice>
      <UnitOfMeasurePrice>9.92</UnitOfMeasurePrice>
      <AllowDiscount>1</AllowDiscount>
      <itemStatus>1</itemStatus>
      <LastUpdateDate />
      <LastUpdateTime />
    </Product>
    <Product>
      <PriceUpdateDate>2018/01/23 15:38</PriceUpdateDate>
      <ItemCode>7290111564666</ItemCode>
      <ItemType>1</ItemType>
      <ItemName>כדורי בשר מן הצומח 500 גר` טבעול</ItemName>
      <ManufactureName>קבוצת אסם סחר שות. מוגבלת</ManufactureName>
      <ManufactureCountry />
      <ManufactureItemDescription />
      <UnitQty>יח`</UnitQty>
      <Quantity>500</Quantity>
      <UnitMeasure>גרם</UnitMeasure>
      <BisWeighted>0</BisWeighted>
      <QtyInPackage>1</QtyInPackage>
      <ItemPrice>32.90</ItemPrice>
      <UnitOfMeasurePrice>6.58</UnitOfMeasurePrice>
      <AllowDiscount>1</AllowDiscount>
      <itemStatus>1</itemStatus>
      <LastUpdateDate />
      <LastUpdateTime />
    </Product>
    <Product>
      <PriceUpdateDate>2017/12/25 12:47</PriceUpdateDate>
      <ItemCode>7290111564727</ItemCode>
      <ItemType>1</ItemType>
      <ItemName>קרמוגית במילוי קרם אגוזים 200 גר` אסם</ItemName>
      <ManufactureName>קבוצת אסם סחר שות. מוגבלת</ManufactureName>
      <ManufactureCountry />
      <ManufactureItemDescription />
      <UnitQty>יח`</UnitQty>
      <Quantity>200</Quantity>
      <UnitMeasure>גרם</UnitMeasure>
      <BisWeighted>0</BisWeighted>
      <QtyInPackage>1</QtyInPackage>
      <ItemPrice>11.90</ItemPrice>
      <UnitOfMeasurePrice>5.95</UnitOfMeasurePrice>
      <AllowDiscount>0</AllowDiscount>
      <itemStatus>1</itemStatus>
      <LastUpdateDate />
      <LastUpdateTime />
    </Product>
    <Product>
      <PriceUpdateDate>2017/12/25 12:47</PriceUpdateDate>
      <ItemCode>7290111564741</ItemCode>
      <ItemType>1</ItemType>
      <ItemName>ערגליות פטל 300 גר` אסם</ItemName>
      <ManufactureName>קבוצת אסם סחר שות. מוגבלת</ManufactureName>
      <ManufactureCountry />
      <ManufactureItemDescription />
      <UnitQty>יח`</UnitQty>
      <Quantity>300</Quantity>
      <UnitMeasure>גרם</UnitMeasure>
      <BisWeighted>0</BisWeighted>
      <QtyInPackage>1</QtyInPackage>
      <ItemPrice>10.90</ItemPrice>
      <UnitOfMeasurePrice>3.63</UnitOfMeasurePrice>
      <AllowDiscount>0</AllowDiscount>
      <itemStatus>1</itemStatus>
      <LastUpdateDate />
      <LastUpdateTime />
    </Product>
    <Product>
      <PriceUpdateDate>2018/05/13 11:11</PriceUpdateDate>
      <ItemCode>7290111565038</ItemCode>
      <ItemType>1</ItemType>
      <ItemName>לה קרמריה 1.4 וניל קוקילידה</ItemName>
      <ManufactureName>נגה גלידות שותפות מוגבלת</ManufactureName>
      <ManufactureCountry />
      <ManufactureItemDescription />
      <UnitQty>יח`</UnitQty>
      <Quantity>1400</Quantity>
      <UnitMeasure>מ"ל</UnitMeasure>
      <BisWeighted>0</BisWeighted>
      <QtyInPackage>1</QtyInPackage>
      <ItemPrice>22.90</ItemPrice>
      <UnitOfMeasurePrice>1.64</UnitOfMeasurePrice>
      <AllowDiscount>1</AllowDiscount>
      <itemStatus>1</itemStatus>
      <LastUpdateDate />
      <LastUpdateTime />
    </Product>
    <Product>
      <PriceUpdateDate>2018/01/23 15:38</PriceUpdateDate>
      <ItemCode>7290111565052</ItemCode>
      <ItemType>1</ItemType>
      <ItemName>מאגדת לה פרוטה יוגורט תות 5*60 גר`</ItemName>
      <ManufactureName>נגה גלידות שותפות מוגבלת</ManufactureName>
      <ManufactureCountry />
      <ManufactureItemDescription />
      <UnitQty>יח`</UnitQty>
      <Quantity>300</Quantity>
      <UnitMeasure>גרם</UnitMeasure>
      <BisWeighted>0</BisWeighted>
      <QtyInPackage>1</QtyInPackage>
      <ItemPrice>25.90</ItemPrice>
      <UnitOfMeasurePrice>8.63</UnitOfMeasurePrice>
      <AllowDiscount>1</AllowDiscount>
      <itemStatus>1</itemStatus>
      <LastUpdateDate />
      <LastUpdateTime />
    </Product>
    <Product>
      <PriceUpdateDate>2018/03/15 14:46</PriceUpdateDate>
      <ItemCode>7290111565809</ItemCode>
      <ItemType>1</ItemType>
      <ItemName>פסטה פרפקטו קנלוני 500 גר` אסם</ItemName>
      <ManufactureName>קבוצת אסם סחר שות. מוגבלת</ManufactureName>
      <ManufactureCountry />
      <ManufactureItemDescription />
      <UnitQty>יח`</UnitQty>
      <Quantity>500</Quantity>
      <UnitMeasure>גרם</UnitMeasure>
      <BisWeighted>0</BisWeighted>
      <QtyInPackage>1</QtyInPackage>
      <ItemPrice>10.90</ItemPrice>
      <UnitOfMeasurePrice>2.18</UnitOfMeasurePrice>
      <AllowDiscount>1</AllowDiscount>
      <itemStatus>1</itemStatus>
      <LastUpdateDate />
      <LastUpdateTime />
    </Product>
    <Product>
      <PriceUpdateDate>2018/01/21 10:15</PriceUpdateDate>
      <ItemCode>7290111566103</ItemCode>
      <ItemType>1</ItemType>
      <ItemName>פלאפל מרכיבים ביתיים בלבד 590 גר` טבעול</ItemName>
      <ManufactureName>קבוצת אסם סחר שות. מוגבלת</ManufactureName>
      <ManufactureCountry />
      <ManufactureItemDescription />
      <UnitQty>יח`</UnitQty>
      <Quantity>590</Quantity>
      <UnitMeasure>גרם</UnitMeasure>
      <BisWeighted>0</BisWeighted>
      <QtyInPackage>1</QtyInPackage>
      <ItemPrice>32.90</ItemPrice>
      <UnitOfMeasurePrice>5.58</UnitOfMeasurePrice>
      <AllowDiscount>1</AllowDiscount>
      <itemStatus>1</itemStatus>
      <LastUpdateDate />
      <LastUpdateTime />
    </Product>
    <Product>
      <PriceUpdateDate>2018/01/21 12:40</PriceUpdateDate>
      <ItemCode>7290111566240</ItemCode>
      <ItemType>1</ItemType>
      <ItemName>שניצל דק בטעם צ`לי חריף 564 גר` טבעול</ItemName>
      <ManufactureName>קבוצת אסם סחר שות. מוגבלת</ManufactureName>
      <ManufactureCountry />
      <ManufactureItemDescription />
      <UnitQty>יח`</UnitQty>
      <Quantity>564</Quantity>
      <UnitMeasure>גרם</UnitMeasure>
      <BisWeighted>0</BisWeighted>
      <QtyInPackage>1</QtyInPackage>
      <ItemPrice>32.90</ItemPrice>
      <UnitOfMeasurePrice>5.83</UnitOfMeasurePrice>
      <AllowDiscount>1</AllowDiscount>
      <itemStatus>1</itemStatus>
      <LastUpdateDate />
      <LastUpdateTime />
    </Product>
    <Product>
      <PriceUpdateDate>2019/02/03 12:42</PriceUpdateDate>
      <ItemCode>7290111566271</ItemCode>
      <ItemType>1</ItemType>
      <ItemName>חטיפי תירס 657 גר` טבעול</ItemName>
      <ManufactureName>קבוצת אסם סחר שות. מוגבלת</ManufactureName>
      <ManufactureCountry />
      <ManufactureItemDescription />
      <UnitQty>יח`</UnitQty>
      <Quantity>657</Quantity>
      <UnitMeasure>גרם</UnitMeasure>
      <BisWeighted>0</BisWeighted>
      <QtyInPackage>1</QtyInPackage>
      <ItemPrice>29.90</ItemPrice>
      <UnitOfMeasurePrice>4.55</UnitOfMeasurePrice>
      <AllowDiscount>1</AllowDiscount>
      <itemStatus>1</itemStatus>
      <LastUpdateDate />
      <LastUpdateTime />
    </Product>
    <Product>
      <PriceUpdateDate>2018/01/21 12:40</PriceUpdateDate>
      <ItemCode>7290111566332</ItemCode>
      <ItemType>1</ItemType>
      <ItemName>נקניקיות טינר צמחוניות 680 גר` טבעול</ItemName>
      <ManufactureName>קבוצת אסם סחר שות. מוגבלת</ManufactureName>
      <ManufactureCountry />
      <ManufactureItemDescription />
      <UnitQty>יח`</UnitQty>
      <Quantity>680</Quantity>
      <UnitMeasure>גרם</UnitMeasure>
      <BisWeighted>0</BisWeighted>
      <QtyInPackage>1</QtyInPackage>
      <ItemPrice>32.90</ItemPrice>
      <UnitOfMeasurePrice>4.84</UnitOfMeasurePrice>
      <AllowDiscount>1</AllowDiscount>
      <itemStatus>1</itemStatus>
      <LastUpdateDate />
      <LastUpdateTime />
    </Product>
    <Product>
      <PriceUpdateDate>2018/01/23 15:38</PriceUpdateDate>
      <ItemCode>7290111566738</ItemCode>
      <ItemType>1</ItemType>
      <ItemName>מיני המבורגר פטריות 585 גר` טבעול</ItemName>
      <ManufactureName>קבוצת אסם סחר שות. מוגבלת</ManufactureName>
      <ManufactureCountry />
      <ManufactureItemDescription />
      <UnitQty>יח`</UnitQty>
      <Quantity>585</Quantity>
      <UnitMeasure>גרם</UnitMeasure>
      <BisWeighted>0</BisWeighted>
      <QtyInPackage>1</QtyInPackage>
      <ItemPrice>32.90</ItemPrice>
      <UnitOfMeasurePrice>5.62</UnitOfMeasurePrice>
      <AllowDiscount>1</AllowDiscount>
      <itemStatus>1</itemStatus>
      <LastUpdateDate />
      <LastUpdateTime />
    </Product>
    <Product>
      <PriceUpdateDate>2018/01/21 10:15</PriceUpdateDate>
      <ItemCode>7290111566752</ItemCode>
      <ItemType>1</ItemType>
      <ItemName>שניצל תירס 99 קלוריות 693 גר` טבעול</ItemName>
      <ManufactureName>קבוצת אסם סחר שות. מוגבלת</ManufactureName>
      <ManufactureCountry />
      <ManufactureItemDescription />
      <UnitQty>יח`</UnitQty>
      <Quantity>693</Quantity>
      <UnitMeasure>גרם</UnitMeasure>
      <BisWeighted>0</BisWeighted>
      <QtyInPackage>1</QtyInPackage>
      <ItemPrice>32.90</ItemPrice>
      <UnitOfMeasurePrice>4.75</UnitOfMeasurePrice>
      <AllowDiscount>1</AllowDiscount>
      <itemStatus>1</itemStatus>
      <LastUpdateDate />
      <LastUpdateTime />
    </Product>
    <Product>
      <PriceUpdateDate>2018/01/21 12:40</PriceUpdateDate>
      <ItemCode>7290111566776</ItemCode>
      <ItemType>1</ItemType>
      <ItemName>נקניקיות קוקטייל צמחונית 680 גר` טבעול</ItemName>
      <ManufactureName>קבוצת אסם סחר שות. מוגבלת</ManufactureName>
      <ManufactureCountry />
      <ManufactureItemDescription />
      <UnitQty>יח`</UnitQty>
      <Quantity>680</Quantity>
      <UnitMeasure>גרם</UnitMeasure>
      <BisWeighted>0</BisWeighted>
      <QtyInPackage>1</QtyInPackage>
      <ItemPrice>32.90</ItemPrice>
      <UnitOfMeasurePrice>4.84</UnitOfMeasurePrice>
      <AllowDiscount>1</AllowDiscount>
      <itemStatus>1</itemStatus>
      <LastUpdateDate />
      <LastUpdateTime />
    </Product>
    <Product>
      <PriceUpdateDate>2018/01/21 10:15</PriceUpdateDate>
      <ItemCode>7290111567018</ItemCode>
      <ItemType>1</ItemType>
      <ItemName>פרורית זהב כוסמין 200  גר`אסם</ItemName>
      <ManufactureName>קבוצת אסם סחר שות. מוגבלת</ManufactureName>
      <ManufactureCountry />
      <ManufactureItemDescription />
      <UnitQty>יח`</UnitQty>
      <Quantity>200</Quantity>
      <UnitMeasure>גרם</UnitMeasure>
      <BisWeighted>0</BisWeighted>
      <QtyInPackage>1</QtyInPackage>
      <ItemPrice>7.90</ItemPrice>
      <UnitOfMeasurePrice>3.95</UnitOfMeasurePrice>
      <AllowDiscount>0</AllowDiscount>
      <itemStatus>1</itemStatus>
      <LastUpdateDate />
      <LastUpdateTime />
    </Product>
    <Product>
      <PriceUpdateDate>2018/04/15 08:48</PriceUpdateDate>
      <ItemCode>7290111567223</ItemCode>
      <ItemType>1</ItemType>
      <ItemName>פיטנס מיני פריכיות שוקולד חלב</ItemName>
      <ManufactureName>קבוצת אסם סחר שות. מוגבלת</ManufactureName>
      <ManufactureCountry />
      <ManufactureItemDescription />
      <UnitQty>יח`</UnitQty>
      <Quantity>110</Quantity>
      <UnitMeasure>גרם</UnitMeasure>
      <BisWeighted>0</BisWeighted>
      <QtyInPackage>1</QtyInPackage>
      <ItemPrice>21.90</ItemPrice>
      <UnitOfMeasurePrice>19.91</UnitOfMeasurePrice>
      <AllowDiscount>0</AllowDiscount>
      <itemStatus>1</itemStatus>
      <LastUpdateDate />
      <LastUpdateTime />
    </Product>
    <Product>
      <PriceUpdateDate>2018/01/21 10:15</PriceUpdateDate>
      <ItemCode>7290111567292</ItemCode>
      <ItemType>1</ItemType>
      <ItemName>קטשופ מופחת סוכר 710  גר`אסם כשלפ</ItemName>
      <ManufactureName>קבוצת אסם סחר שות. מוגבלת</ManufactureName>
      <ManufactureCountry />
      <ManufactureItemDescription />
      <UnitQty>יח`</UnitQty>
      <Quantity>750</Quantity>
      <UnitMeasure>גרם</UnitMeasure>
      <BisWeighted>0</BisWeighted>
      <QtyInPackage>1</QtyInPackage>
      <ItemPrice>10.90</ItemPrice>
      <UnitOfMeasurePrice>1.45</UnitOfMeasurePrice>
      <AllowDiscount>0</AllowDiscount>
      <itemStatus>1</itemStatus>
      <LastUpdateDate />
      <LastUpdateTime />
    </Product>
    <Product>
      <PriceUpdateDate>2018/04/12 11:57</PriceUpdateDate>
      <ItemCode>7290111568206</ItemCode>
      <ItemType>1</ItemType>
      <ItemName>ביסלי פארטי מיקס 150  גר`אסם</ItemName>
      <ManufactureName>קבוצת אסם סחר שות. מוגבלת</ManufactureName>
      <ManufactureCountry />
      <ManufactureItemDescription />
      <UnitQty>יח`</UnitQty>
      <Quantity>150</Quantity>
      <UnitMeasure>גרם</UnitMeasure>
      <BisWeighted>0</BisWeighted>
      <QtyInPackage>1</QtyInPackage>
      <ItemPrice>7.90</ItemPrice>
      <UnitOfMeasurePrice>5.27</UnitOfMeasurePrice>
      <AllowDiscount>0</AllowDiscount>
      <itemStatus>1</itemStatus>
      <LastUpdateDate />
      <LastUpdateTime />
    </Product>
    <Product>
      <PriceUpdateDate>2018/06/10 18:44</PriceUpdateDate>
      <ItemCode>7290111568251</ItemCode>
      <ItemType>1</ItemType>
      <ItemName>נודלס אטריות להקפצה 350  גר`אסם</ItemName>
      <ManufactureName>קבוצת אסם סחר שות. מוגבלת</ManufactureName>
      <ManufactureCountry />
      <ManufactureItemDescription />
      <UnitQty>יח`</UnitQty>
      <Quantity>350</Quantity>
      <UnitMeasure>גרם</UnitMeasure>
      <BisWeighted>0</BisWeighted>
      <QtyInPackage>1</QtyInPackage>
      <ItemPrice>9.90</ItemPrice>
      <UnitOfMeasurePrice>2.83</UnitOfMeasurePrice>
      <AllowDiscount>0</AllowDiscount>
      <itemStatus>1</itemStatus>
      <LastUpdateDate />
      <LastUpdateTime />
    </Product>
    <Product>
      <PriceUpdateDate>2018/06/10 18:44</PriceUpdateDate>
      <ItemCode>7290111568312</ItemCode>
      <ItemType>1</ItemType>
      <ItemName>נודלס אטריות ביצים רחבות מאוד 400  גר`אס</ItemName>
      <ManufactureName>קבוצת אסם סחר שות. מוגבלת</ManufactureName>
      <ManufactureCountry />
      <ManufactureItemDescription />
      <UnitQty>יח`</UnitQty>
      <Quantity>400</Quantity>
      <UnitMeasure>גרם</UnitMeasure>
      <BisWeighted>0</BisWeighted>
      <QtyInPackage>1</QtyInPackage>
      <ItemPrice>9.90</ItemPrice>
      <UnitOfMeasurePrice>2.48</UnitOfMeasurePrice>
      <AllowDiscount>0</AllowDiscount>
      <itemStatus>1</itemStatus>
      <LastUpdateDate />
      <LastUpdateTime />
    </Product>
    <Product>
      <PriceUpdateDate>2020/01/26 13:02</PriceUpdateDate>
      <ItemCode>7290111568442</ItemCode>
      <ItemType>1</ItemType>
      <ItemName>רוטב טריאקי מופחת נתרן  וסוכר( 290 מל)</ItemName>
      <ManufactureName>קבוצת אסם סחר שות. מוגבלת</ManufactureName>
      <ManufactureCountry />
      <ManufactureItemDescription />
      <UnitQty>יח`</UnitQty>
      <Quantity>1</Quantity>
      <UnitMeasure />
      <BisWeighted>0</BisWeighted>
      <QtyInPackage>1</QtyInPackage>
      <ItemPrice>12.90</ItemPrice>
      <UnitOfMeasurePrice>12.90</UnitOfMeasurePrice>
      <AllowDiscount>0</AllowDiscount>
      <itemStatus>1</itemStatus>
      <LastUpdateDate />
      <LastUpdateTime />
    </Product>
    <Product>
      <PriceUpdateDate>2018/06/10 18:44</PriceUpdateDate>
      <ItemCode>7290111568466</ItemCode>
      <ItemType>1</ItemType>
      <ItemName>רוטב אסייתי למוקפץ 290 מל אסם</ItemName>
      <ManufactureName>קבוצת אסם סחר שות. מוגבלת</ManufactureName>
      <ManufactureCountry />
      <ManufactureItemDescription />
      <UnitQty>יח`</UnitQty>
      <Quantity>290</Quantity>
      <UnitMeasure>מ"ל</UnitMeasure>
      <BisWeighted>0</BisWeighted>
      <QtyInPackage>1</QtyInPackage>
      <ItemPrice>14.90</ItemPrice>
      <UnitOfMeasurePrice>5.14</UnitOfMeasurePrice>
      <AllowDiscount>0</AllowDiscount>
      <itemStatus>1</itemStatus>
      <LastUpdateDate />
      <LastUpdateTime />
    </Product>
    <Product>
      <PriceUpdateDate>2018/06/10 18:44</PriceUpdateDate>
      <ItemCode>7290111568961</ItemCode>
      <ItemType>1</ItemType>
      <ItemName>בייגלה טבעות מלח 400 גר` אסם</ItemName>
      <ManufactureName>קבוצת אסם סחר שות. מוגבלת</ManufactureName>
      <ManufactureCountry />
      <ManufactureItemDescription />
      <UnitQty>יח`</UnitQty>
      <Quantity>400</Quantity>
      <UnitMeasure>גרם</UnitMeasure>
      <BisWeighted>0</BisWeighted>
      <QtyInPackage>1</QtyInPackage>
      <ItemPrice>10.90</ItemPrice>
      <UnitOfMeasurePrice>2.73</UnitOfMeasurePrice>
      <AllowDiscount>0</AllowDiscount>
      <itemStatus>1</itemStatus>
      <LastUpdateDate />
      <LastUpdateTime />
    </Product>
    <Product>
      <PriceUpdateDate>2019/01/20 12:05</PriceUpdateDate>
      <ItemCode>7290111569616</ItemCode>
      <ItemType>1</ItemType>
      <ItemName>חומוס עם המון חריף 375 גר` צבר</ItemName>
      <ManufactureName>קבוצת אסם סחר שות. מוגבלת</ManufactureName>
      <ManufactureCountry />
      <ManufactureItemDescription />
      <UnitQty>יח`</UnitQty>
      <Quantity>375</Quantity>
      <UnitMeasure>גרם</UnitMeasure>
      <BisWeighted>0</BisWeighted>
      <QtyInPackage>1</QtyInPackage>
      <ItemPrice>12</ItemPrice>
      <UnitOfMeasurePrice>3.20</UnitOfMeasurePrice>
      <AllowDiscount>1</AllowDiscount>
      <itemStatus>1</itemStatus>
      <LastUpdateDate />
      <LastUpdateTime />
    </Product>
    <Product>
      <PriceUpdateDate>2018/02/22 11:17</PriceUpdateDate>
      <ItemCode>7290111930973</ItemCode>
      <ItemType>1</ItemType>
      <ItemName>פסטו אדום 190 גר` מאסטר שף</ItemName>
      <ManufactureName>ש.שסטוביץ בעמ</ManufactureName>
      <ManufactureCountry />
      <ManufactureItemDescription />
      <UnitQty>יח`</UnitQty>
      <Quantity>190</Quantity>
      <UnitMeasure>גרם</UnitMeasure>
      <BisWeighted>0</BisWeighted>
      <QtyInPackage>1</QtyInPackage>
      <ItemPrice>13.90</ItemPrice>
      <UnitOfMeasurePrice>7.32</UnitOfMeasurePrice>
      <AllowDiscount>1</AllowDiscount>
      <itemStatus>1</itemStatus>
      <LastUpdateDate />
      <LastUpdateTime />
    </Product>
    <Product>
      <PriceUpdateDate>2018/02/22 11:17</PriceUpdateDate>
      <ItemCode>7290111930980</ItemCode>
      <ItemType>1</ItemType>
      <ItemName>פסטו ירוק 190 גר` מאסטר שף</ItemName>
      <ManufactureName>ש.שסטוביץ בעמ</ManufactureName>
      <ManufactureCountry />
      <ManufactureItemDescription />
      <UnitQty>יח`</UnitQty>
      <Quantity>190</Quantity>
      <UnitMeasure>גרם</UnitMeasure>
      <BisWeighted>0</BisWeighted>
      <QtyInPackage>1</QtyInPackage>
      <ItemPrice>13.90</ItemPrice>
      <UnitOfMeasurePrice>7.32</UnitOfMeasurePrice>
      <AllowDiscount>1</AllowDiscount>
      <itemStatus>1</itemStatus>
      <LastUpdateDate />
      <LastUpdateTime />
    </Product>
    <Product>
      <PriceUpdateDate>2018/10/11 19:16</PriceUpdateDate>
      <ItemCode>7290111932601</ItemCode>
      <ItemType>1</ItemType>
      <ItemName>קולגייט מי פה פלאקס קלאסי אדום 500 מל</ItemName>
      <ManufactureName>ש.שסטוביץ בעמ</ManufactureName>
      <ManufactureCountry />
      <ManufactureItemDescription />
      <UnitQty>יח`</UnitQty>
      <Quantity>500</Quantity>
      <UnitMeasure>מ"ל</UnitMeasure>
      <BisWeighted>0</BisWeighted>
      <QtyInPackage>1</QtyInPackage>
      <ItemPrice>19.90</ItemPrice>
      <UnitOfMeasurePrice>3.98</UnitOfMeasurePrice>
      <AllowDiscount>0</AllowDiscount>
      <itemStatus>1</itemStatus>
      <LastUpdateDate />
      <LastUpdateTime />
    </Product>
    <Product>
      <PriceUpdateDate>2018/10/11 19:16</PriceUpdateDate>
      <ItemCode>7290111933554</ItemCode>
      <ItemType>1</ItemType>
      <ItemName>מארז עגבניות קוביות שלישייה מאסטר שף</ItemName>
      <ManufactureName>ש.שסטוביץ בעמ</ManufactureName>
      <ManufactureCountry />
      <ManufactureItemDescription />
      <UnitQty>יח`</UnitQty>
      <Quantity>1200</Quantity>
      <UnitMeasure>גרם</UnitMeasure>
      <BisWeighted>0</BisWeighted>
      <QtyInPackage>1</QtyInPackage>
      <ItemPrice>16.90</ItemPrice>
      <UnitOfMeasurePrice>1.41</UnitOfMeasurePrice>
      <AllowDiscount>1</AllowDiscount>
      <itemStatus>1</itemStatus>
      <LastUpdateDate />
      <LastUpdateTime />
    </Product>
    <Product>
      <PriceUpdateDate>2019/03/10 13:13</PriceUpdateDate>
      <ItemCode>7290111935527</ItemCode>
      <ItemType>1</ItemType>
      <ItemName>משחת שיניים קולגייט טוטל קילן מינט זוג כ</ItemName>
      <ManufactureName>ש.שסטוביץ בעמ</ManufactureName>
      <ManufactureCountry />
      <ManufactureItemDescription />
      <UnitQty>יח`</UnitQty>
      <Quantity>200</Quantity>
      <UnitMeasure>גרם</UnitMeasure>
      <BisWeighted>0</BisWeighted>
      <QtyInPackage>1</QtyInPackage>
      <ItemPrice>28.90</ItemPrice>
      <UnitOfMeasurePrice>14.45</UnitOfMeasurePrice>
      <AllowDiscount>0</AllowDiscount>
      <itemStatus>1</itemStatus>
      <LastUpdateDate />
      <LastUpdateTime />
    </Product>
    <Product>
      <PriceUpdateDate>2019/11/10 12:00</PriceUpdateDate>
      <ItemCode>7290111935992</ItemCode>
      <ItemType>1</ItemType>
      <ItemName>אטריות להקפצה 350  גר`מאסטר שף</ItemName>
      <ManufactureName>ש.שסטוביץ בעמ</ManufactureName>
      <ManufactureCountry />
      <ManufactureItemDescription />
      <UnitQty>יח`</UnitQty>
      <Quantity>350</Quantity>
      <UnitMeasure>גרם</UnitMeasure>
      <BisWeighted>0</BisWeighted>
      <QtyInPackage>1</QtyInPackage>
      <ItemPrice>7.90</ItemPrice>
      <UnitOfMeasurePrice>2.26</UnitOfMeasurePrice>
      <AllowDiscount>0</AllowDiscount>
      <itemStatus>1</itemStatus>
      <LastUpdateDate />
      <LastUpdateTime />
    </Product>
    <Product>
      <PriceUpdateDate>2019/03/10 13:13</PriceUpdateDate>
      <ItemCode>7290111936487</ItemCode>
      <ItemType>1</ItemType>
      <ItemName>משחת שיניים קולגייט טוטל הלבנה 100 זוכ כ</ItemName>
      <ManufactureName>ש.שסטוביץ בעמ</ManufactureName>
      <ManufactureCountry />
      <ManufactureItemDescription />
      <UnitQty>יח`</UnitQty>
      <Quantity>200</Quantity>
      <UnitMeasure>גרם</UnitMeasure>
      <BisWeighted>0</BisWeighted>
      <QtyInPackage>1</QtyInPackage>
      <ItemPrice>28.90</ItemPrice>
      <UnitOfMeasurePrice>14.45</UnitOfMeasurePrice>
      <AllowDiscount>0</AllowDiscount>
      <itemStatus>1</itemStatus>
      <LastUpdateDate />
      <LastUpdateTime />
    </Product>
    <Product>
      <PriceUpdateDate>2019/03/10 13:13</PriceUpdateDate>
      <ItemCode>7290111936647</ItemCode>
      <ItemType>1</ItemType>
      <ItemName>משחת שיניים קולגייט מקס פרש מארז זוג כשר</ItemName>
      <ManufactureName>ש.שסטוביץ בעמ</ManufactureName>
      <ManufactureCountry />
      <ManufactureItemDescription />
      <UnitQty>יח`</UnitQty>
      <Quantity>125</Quantity>
      <UnitMeasure>גרם</UnitMeasure>
      <BisWeighted>0</BisWeighted>
      <QtyInPackage>1</QtyInPackage>
      <ItemPrice>29.90</ItemPrice>
      <UnitOfMeasurePrice>23.92</UnitOfMeasurePrice>
      <AllowDiscount>0</AllowDiscount>
      <itemStatus>1</itemStatus>
      <LastUpdateDate />
      <LastUpdateTime />
    </Product>
    <Product>
      <PriceUpdateDate>2019/02/17 11:39</PriceUpdateDate>
      <ItemCode>7290111937255</ItemCode>
      <ItemType>1</ItemType>
      <ItemName>פרי חטיפי בריאות מארז 5 תמרים בוטנים ואג</ItemName>
      <ManufactureName>ש.שסטוביץ בעמ</ManufactureName>
      <ManufactureCountry />
      <ManufactureItemDescription />
      <UnitQty>יח`</UnitQty>
      <Quantity>125</Quantity>
      <UnitMeasure>גרם</UnitMeasure>
      <BisWeighted>0</BisWeighted>
      <QtyInPackage>1</QtyInPackage>
      <ItemPrice>17.90</ItemPrice>
      <UnitOfMeasurePrice>14.32</UnitOfMeasurePrice>
      <AllowDiscount>0</AllowDiscount>
      <itemStatus>1</itemStatus>
      <LastUpdateDate />
      <LastUpdateTime />
    </Product>
    <Product>
      <PriceUpdateDate>2020/04/03 06:22</PriceUpdateDate>
      <ItemCode>7290111938481</ItemCode>
      <ItemType>1</ItemType>
      <ItemName>רוטב סויה בהירה 300  ג`מאסטר שף</ItemName>
      <ManufactureName>ש.שסטוביץ בעמ</ManufactureName>
      <ManufactureCountry />
      <ManufactureItemDescription />
      <UnitQty>יח`</UnitQty>
      <Quantity>300</Quantity>
      <UnitMeasure>מ"ל</UnitMeasure>
      <BisWeighted>0</BisWeighted>
      <QtyInPackage>1</QtyInPackage>
      <ItemPrice>11.90</ItemPrice>
      <UnitOfMeasurePrice>3.97</UnitOfMeasurePrice>
      <AllowDiscount>0</AllowDiscount>
      <itemStatus>1</itemStatus>
      <LastUpdateDate />
      <LastUpdateTime />
    </Product>
    <Product>
      <PriceUpdateDate>2020/03/04 07:18</PriceUpdateDate>
      <ItemCode>7290111938498</ItemCode>
      <ItemType>1</ItemType>
      <ItemName>רוטב סויה בהירה מאסטר שף (700 מל)</ItemName>
      <ManufactureName>ש.שסטוביץ בעמ</ManufactureName>
      <ManufactureCountry />
      <ManufactureItemDescription />
      <UnitQty>יח`</UnitQty>
      <Quantity>700</Quantity>
      <UnitMeasure>מ"ל</UnitMeasure>
      <BisWeighted>0</BisWeighted>
      <QtyInPackage>1</QtyInPackage>
      <ItemPrice>16.90</ItemPrice>
      <UnitOfMeasurePrice>2.41</UnitOfMeasurePrice>
      <AllowDiscount>1</AllowDiscount>
      <itemStatus>1</itemStatus>
      <LastUpdateDate />
      <LastUpdateTime />
    </Product>
    <Product>
      <PriceUpdateDate>2020/02/14 06:23</PriceUpdateDate>
      <ItemCode>7290111938535</ItemCode>
      <ItemType>1</ItemType>
      <ItemName>פוף טבעות גריל 50 גר` כשר לפסח</ItemName>
      <ManufactureName>ש.שסטוביץ בעמ</ManufactureName>
      <ManufactureCountry />
      <ManufactureItemDescription />
      <UnitQty>יח`</UnitQty>
      <Quantity>50</Quantity>
      <UnitMeasure>גרם</UnitMeasure>
      <BisWeighted>0</BisWeighted>
      <QtyInPackage>1</QtyInPackage>
      <ItemPrice>3.90</ItemPrice>
      <UnitOfMeasurePrice>7.80</UnitOfMeasurePrice>
      <AllowDiscount>1</AllowDiscount>
      <itemStatus>1</itemStatus>
      <LastUpdateDate />
      <LastUpdateTime />
    </Product>
    <Product>
      <PriceUpdateDate>2017/11/16 08:16</PriceUpdateDate>
      <ItemCode>7290112000040</ItemCode>
      <ItemType>1</ItemType>
      <ItemName>וולייט ג`ל לכביסה כהה 1.5 ליטר</ItemName>
      <ManufactureName>רקיט בנקיזר (ניר איסט) בעמ</ManufactureName>
      <ManufactureCountry />
      <ManufactureItemDescription />
      <UnitQty>יח`</UnitQty>
      <Quantity>1.50</Quantity>
      <UnitMeasure>מ"ל</UnitMeasure>
      <BisWeighted>0</BisWeighted>
      <QtyInPackage>1</QtyInPackage>
      <ItemPrice>19.90</ItemPrice>
      <UnitOfMeasurePrice>1326.67</UnitOfMeasurePrice>
      <AllowDiscount>1</AllowDiscount>
      <itemStatus>1</itemStatus>
      <LastUpdateDate />
      <LastUpdateTime />
    </Product>
    <Product>
      <PriceUpdateDate>2018/05/14 12:32</PriceUpdateDate>
      <ItemCode>7290112000149</ItemCode>
      <ItemType>1</ItemType>
      <ItemName>אירוויק מפיץ אדים קומפליט יסמין</ItemName>
      <ManufactureName>רקיט בנקיזר (ניר איסט) בעמ</ManufactureName>
      <ManufactureCountry />
      <ManufactureItemDescription />
      <UnitQty>יח`</UnitQty>
      <Quantity>1</Quantity>
      <UnitMeasure />
      <BisWeighted>0</BisWeighted>
      <QtyInPackage>1</QtyInPackage>
      <ItemPrice>59.90</ItemPrice>
      <UnitOfMeasurePrice>59.90</UnitOfMeasurePrice>
      <AllowDiscount>1</AllowDiscount>
      <itemStatus>1</itemStatus>
      <LastUpdateDate />
      <LastUpdateTime />
    </Product>
    <Product>
      <PriceUpdateDate>2018/05/14 12:32</PriceUpdateDate>
      <ItemCode>7290112000156</ItemCode>
      <ItemType>1</ItemType>
      <ItemName>מילוי מפיץ אדים לבנדר אירוויק</ItemName>
      <ManufactureName>רקיט בנקיזר (ניר איסט) בעמ</ManufactureName>
      <ManufactureCountry />
      <ManufactureItemDescription />
      <UnitQty>יח`</UnitQty>
      <Quantity>1</Quantity>
      <UnitMeasure />
      <BisWeighted>0</BisWeighted>
      <QtyInPackage>1</QtyInPackage>
      <ItemPrice>24.90</ItemPrice>
      <UnitOfMeasurePrice>24.90</UnitOfMeasurePrice>
      <AllowDiscount>1</AllowDiscount>
      <itemStatus>1</itemStatus>
      <LastUpdateDate />
      <LastUpdateTime />
    </Product>
    <Product>
      <PriceUpdateDate>2018/05/14 12:32</PriceUpdateDate>
      <ItemCode>7290112000163</ItemCode>
      <ItemType>1</ItemType>
      <ItemName>מילוי מפיץ אדים יסמין אירוויק</ItemName>
      <ManufactureName>רקיט בנקיזר (ניר איסט) בעמ</ManufactureName>
      <ManufactureCountry />
      <ManufactureItemDescription />
      <UnitQty>יח`</UnitQty>
      <Quantity>1</Quantity>
      <UnitMeasure />
      <BisWeighted>0</BisWeighted>
      <QtyInPackage>1</QtyInPackage>
      <ItemPrice>24.90</ItemPrice>
      <UnitOfMeasurePrice>24.90</UnitOfMeasurePrice>
      <AllowDiscount>1</AllowDiscount>
      <itemStatus>1</itemStatus>
      <LastUpdateDate />
      <LastUpdateTime />
    </Product>
    <Product>
      <PriceUpdateDate>2018/05/14 12:32</PriceUpdateDate>
      <ItemCode>7290112000170</ItemCode>
      <ItemType>1</ItemType>
      <ItemName>מילוי מפיץ אדים מרענן אירוויק</ItemName>
      <ManufactureName>רקיט בנקיזר (ניר איסט) בעמ</ManufactureName>
      <ManufactureCountry />
      <ManufactureItemDescription />
      <UnitQty>יח`</UnitQty>
      <Quantity>1</Quantity>
      <UnitMeasure />
      <BisWeighted>0</BisWeighted>
      <QtyInPackage>1</QtyInPackage>
      <ItemPrice>24.90</ItemPrice>
      <UnitOfMeasurePrice>24.90</UnitOfMeasurePrice>
      <AllowDiscount>1</AllowDiscount>
      <itemStatus>1</itemStatus>
      <LastUpdateDate />
      <LastUpdateTime />
    </Product>
    <Product>
      <PriceUpdateDate>2018/01/10 11:30</PriceUpdateDate>
      <ItemCode>7290112000286</ItemCode>
      <ItemType>1</ItemType>
      <ItemName>סיליט ג`ל אסלות לימון 750 מל</ItemName>
      <ManufactureName>רקיט בנקיזר (ניר איסט) בעמ</ManufactureName>
      <ManufactureCountry />
      <ManufactureItemDescription />
      <UnitQty>יח`</UnitQty>
      <Quantity>750</Quantity>
      <UnitMeasure>מ"ל</UnitMeasure>
      <BisWeighted>0</BisWeighted>
      <QtyInPackage>1</QtyInPackage>
      <ItemPrice>9.90</ItemPrice>
      <UnitOfMeasurePrice>1.32</UnitOfMeasurePrice>
      <AllowDiscount>1</AllowDiscount>
      <itemStatus>1</itemStatus>
      <LastUpdateDate />
      <LastUpdateTime />
    </Product>
    <Product>
      <PriceUpdateDate>2018/01/10 11:30</PriceUpdateDate>
      <ItemCode>7290112000293</ItemCode>
      <ItemType>1</ItemType>
      <ItemName>סיליט ג`ל אסלות פרש 750 מל</ItemName>
      <ManufactureName>רקיט בנקיזר (ניר איסט) בעמ</ManufactureName>
      <ManufactureCountry />
      <ManufactureItemDescription />
      <UnitQty>יח`</UnitQty>
      <Quantity>750</Quantity>
      <UnitMeasure>מ"ל</UnitMeasure>
      <BisWeighted>0</BisWeighted>
      <QtyInPackage>1</QtyInPackage>
      <ItemPrice>9.90</ItemPrice>
      <UnitOfMeasurePrice>1.32</UnitOfMeasurePrice>
      <AllowDiscount>1</AllowDiscount>
      <itemStatus>1</itemStatus>
      <LastUpdateDate />
      <LastUpdateTime />
    </Product>
    <Product>
      <PriceUpdateDate>2018/10/14 12:55</PriceUpdateDate>
      <ItemCode>7290112000408</ItemCode>
      <ItemType>1</ItemType>
      <ItemName>דטול תרסיס לניקוי כללי 750 מל</ItemName>
      <ManufactureName>רקיט בנקיזר (ניר איסט) בעמ</ManufactureName>
      <ManufactureCountry />
      <ManufactureItemDescription />
      <UnitQty>יח`</UnitQty>
      <Quantity>750</Quantity>
      <UnitMeasure>מ"ל</UnitMeasure>
      <BisWeighted>0</BisWeighted>
      <QtyInPackage>1</QtyInPackage>
      <ItemPrice>14.90</ItemPrice>
      <UnitOfMeasurePrice>1.99</UnitOfMeasurePrice>
      <AllowDiscount>0</AllowDiscount>
      <itemStatus>1</itemStatus>
      <LastUpdateDate />
      <LastUpdateTime />
    </Product>
    <Product>
      <PriceUpdateDate>2018/06/10 18:45</PriceUpdateDate>
      <ItemCode>7290112000736</ItemCode>
      <ItemType>1</ItemType>
      <ItemName>טבליות למדיח כלים All in 1 פיניש (80)</ItemName>
      <ManufactureName>רקיט בנקיזר (ניר איסט) בעמ</ManufactureName>
      <ManufactureCountry />
      <ManufactureItemDescription />
      <UnitQty>יח`</UnitQty>
      <Quantity>1</Quantity>
      <UnitMeasure />
      <BisWeighted>0</BisWeighted>
      <QtyInPackage>1</QtyInPackage>
      <ItemPrice>59.90</ItemPrice>
      <UnitOfMeasurePrice>59.90</UnitOfMeasurePrice>
      <AllowDiscount>1</AllowDiscount>
      <itemStatus>1</itemStatus>
      <LastUpdateDate />
      <LastUpdateTime />
    </Product>
    <Product>
      <PriceUpdateDate>2018/10/31 16:50</PriceUpdateDate>
      <ItemCode>7290112001023</ItemCode>
      <ItemType>1</ItemType>
      <ItemName>מילוי מבשם אויר אוטומטי תענוגות אביב</ItemName>
      <ManufactureName>רקיט בנקיזר (ניר איסט) בעמ</ManufactureName>
      <ManufactureCountry />
      <ManufactureItemDescription />
      <UnitQty>יח`</UnitQty>
      <Quantity>250</Quantity>
      <UnitMeasure>מ"ל</UnitMeasure>
      <BisWeighted>0</BisWeighted>
      <QtyInPackage>1</QtyInPackage>
      <ItemPrice>26.90</ItemPrice>
      <UnitOfMeasurePrice>10.76</UnitOfMeasurePrice>
      <AllowDiscount>1</AllowDiscount>
      <itemStatus>1</itemStatus>
      <LastUpdateDate />
      <LastUpdateTime />
    </Product>
    <Product>
      <PriceUpdateDate>2018/10/31 16:50</PriceUpdateDate>
      <ItemCode>7290112001030</ItemCode>
      <ItemType>1</ItemType>
      <ItemName>מילוי מבשם אויר אוטומטי פריחת דובדבן</ItemName>
      <ManufactureName>רקיט בנקיזר (ניר איסט) בעמ</ManufactureName>
      <ManufactureCountry />
      <ManufactureItemDescription />
      <UnitQty>יח`</UnitQty>
      <Quantity>250</Quantity>
      <UnitMeasure>מ"ל</UnitMeasure>
      <BisWeighted>0</BisWeighted>
      <QtyInPackage>1</QtyInPackage>
      <ItemPrice>26.90</ItemPrice>
      <UnitOfMeasurePrice>10.76</UnitOfMeasurePrice>
      <AllowDiscount>1</AllowDiscount>
      <itemStatus>1</itemStatus>
      <LastUpdateDate />
      <LastUpdateTime />
    </Product>
    <Product>
      <PriceUpdateDate>2019/11/24 12:10</PriceUpdateDate>
      <ItemCode>7290112001436</ItemCode>
      <ItemType>1</ItemType>
      <ItemName>פיניש מנקה מחדש בריח לימון</ItemName>
      <ManufactureName>רקיט בנקיזר (ניר איסט) בעמ</ManufactureName>
      <ManufactureCountry />
      <ManufactureItemDescription />
      <UnitQty>יח`</UnitQty>
      <Quantity>1</Quantity>
      <UnitMeasure />
      <BisWeighted>0</BisWeighted>
      <QtyInPackage>1</QtyInPackage>
      <ItemPrice>20.90</ItemPrice>
      <UnitOfMeasurePrice>20.90</UnitOfMeasurePrice>
      <AllowDiscount>1</AllowDiscount>
      <itemStatus>1</itemStatus>
      <LastUpdateDate />
      <LastUpdateTime />
    </Product>
    <Product>
      <PriceUpdateDate>2020/03/01 15:02</PriceUpdateDate>
      <ItemCode>7290112001870</ItemCode>
      <ItemType>1</ItemType>
      <ItemName>סיליט באנג אמבטיות 750 מל</ItemName>
      <ManufactureName>רקיט בנקיזר (ניר איסט) בעמ</ManufactureName>
      <ManufactureCountry />
      <ManufactureItemDescription />
      <UnitQty>יח`</UnitQty>
      <Quantity>750</Quantity>
      <UnitMeasure>מ"ל</UnitMeasure>
      <BisWeighted>0</BisWeighted>
      <QtyInPackage>1</QtyInPackage>
      <ItemPrice>9.90</ItemPrice>
      <UnitOfMeasurePrice>1.32</UnitOfMeasurePrice>
      <AllowDiscount>0</AllowDiscount>
      <itemStatus>1</itemStatus>
      <LastUpdateDate />
      <LastUpdateTime />
    </Product>
    <Product>
      <PriceUpdateDate>2019/07/18 12:26</PriceUpdateDate>
      <ItemCode>7290112001900</ItemCode>
      <ItemType>1</ItemType>
      <ItemName>פיניש ג`ל 1 ליטר אקולוגי</ItemName>
      <ManufactureName>רקיט בנקיזר (ניר איסט) בעמ</ManufactureName>
      <ManufactureCountry />
      <ManufactureItemDescription />
      <UnitQty>יח`</UnitQty>
      <Quantity>1000</Quantity>
      <UnitMeasure>מ"ל</UnitMeasure>
      <BisWeighted>0</BisWeighted>
      <QtyInPackage>1</QtyInPackage>
      <ItemPrice>44.90</ItemPrice>
      <UnitOfMeasurePrice>4.49</UnitOfMeasurePrice>
      <AllowDiscount>1</AllowDiscount>
      <itemStatus>1</itemStatus>
      <LastUpdateDate />
      <LastUpdateTime />
    </Product>
    <Product>
      <PriceUpdateDate>2019/10/10 12:19</PriceUpdateDate>
      <ItemCode>7290112002099</ItemCode>
      <ItemType>1</ItemType>
      <ItemName>קולון ג`ל 2.5 ליטר כחול</ItemName>
      <ManufactureName>רקיט בנקיזר (ניר איסט) בעמ</ManufactureName>
      <ManufactureCountry />
      <ManufactureItemDescription />
      <UnitQty>יח`</UnitQty>
      <Quantity>1</Quantity>
      <UnitMeasure />
      <BisWeighted>0</BisWeighted>
      <QtyInPackage>1</QtyInPackage>
      <ItemPrice>24.90</ItemPrice>
      <UnitOfMeasurePrice>24.90</UnitOfMeasurePrice>
      <AllowDiscount>1</AllowDiscount>
      <itemStatus>1</itemStatus>
      <LastUpdateDate />
      <LastUpdateTime />
    </Product>
    <Product>
      <PriceUpdateDate>2019/10/10 12:19</PriceUpdateDate>
      <ItemCode>7290112002105</ItemCode>
      <ItemType>1</ItemType>
      <ItemName>קולון ג`ל 2.5 ליטר כביסה מרוכז סגול</ItemName>
      <ManufactureName>רקיט בנקיזר (ניר איסט) בעמ</ManufactureName>
      <ManufactureCountry />
      <ManufactureItemDescription />
      <UnitQty>יח`</UnitQty>
      <Quantity>1</Quantity>
      <UnitMeasure />
      <BisWeighted>0</BisWeighted>
      <QtyInPackage>1</QtyInPackage>
      <ItemPrice>24.90</ItemPrice>
      <UnitOfMeasurePrice>24.90</UnitOfMeasurePrice>
      <AllowDiscount>1</AllowDiscount>
      <itemStatus>1</itemStatus>
      <LastUpdateDate />
      <LastUpdateTime />
    </Product>
    <Product>
      <PriceUpdateDate>2019/10/10 12:19</PriceUpdateDate>
      <ItemCode>7290112002112</ItemCode>
      <ItemType>1</ItemType>
      <ItemName>קולון ג`ל 2.5 ליטר בניחוח ורדים ורוד</ItemName>
      <ManufactureName>רקיט בנקיזר (ניר איסט) בעמ</ManufactureName>
      <ManufactureCountry />
      <ManufactureItemDescription />
      <UnitQty>יח`</UnitQty>
      <Quantity>1</Quantity>
      <UnitMeasure />
      <BisWeighted>0</BisWeighted>
      <QtyInPackage>1</QtyInPackage>
      <ItemPrice>24.90</ItemPrice>
      <UnitOfMeasurePrice>24.90</UnitOfMeasurePrice>
      <AllowDiscount>1</AllowDiscount>
      <itemStatus>1</itemStatus>
      <LastUpdateDate />
      <LastUpdateTime />
    </Product>
    <Product>
      <PriceUpdateDate>2019/10/10 12:19</PriceUpdateDate>
      <ItemCode>7290112002129</ItemCode>
      <ItemType>1</ItemType>
      <ItemName>קולון ג`ל 2.5 ליטר בניחוח מרענן ירוק</ItemName>
      <ManufactureName>רקיט בנקיזר (ניר איסט) בעמ</ManufactureName>
      <ManufactureCountry />
      <ManufactureItemDescription />
      <UnitQty>יח`</UnitQty>
      <Quantity>1</Quantity>
      <UnitMeasure />
      <BisWeighted>0</BisWeighted>
      <QtyInPackage>1</QtyInPackage>
      <ItemPrice>24.90</ItemPrice>
      <UnitOfMeasurePrice>24.90</UnitOfMeasurePrice>
      <AllowDiscount>1</AllowDiscount>
      <itemStatus>1</itemStatus>
      <LastUpdateDate />
      <LastUpdateTime />
    </Product>
    <Product>
      <PriceUpdateDate>2019/10/10 12:19</PriceUpdateDate>
      <ItemCode>7290112002136</ItemCode>
      <ItemType>1</ItemType>
      <ItemName>קולון ג`ל 4 ליטר רגיל כחול</ItemName>
      <ManufactureName>רקיט בנקיזר (ניר איסט) בעמ</ManufactureName>
      <ManufactureCountry />
      <ManufactureItemDescription />
      <UnitQty>יח`</UnitQty>
      <Quantity>1</Quantity>
      <UnitMeasure />
      <BisWeighted>0</BisWeighted>
      <QtyInPackage>1</QtyInPackage>
      <ItemPrice>34.90</ItemPrice>
      <UnitOfMeasurePrice>34.90</UnitOfMeasurePrice>
      <AllowDiscount>0</AllowDiscount>
      <itemStatus>1</itemStatus>
      <LastUpdateDate />
      <LastUpdateTime />
    </Product>
    <Product>
      <PriceUpdateDate>2019/10/10 12:19</PriceUpdateDate>
      <ItemCode>7290112002143</ItemCode>
      <ItemType>1</ItemType>
      <ItemName>קולון ג`ל 4 ליטר לילך סגול</ItemName>
      <ManufactureName>רקיט בנקיזר (ניר איסט) בעמ</ManufactureName>
      <ManufactureCountry />
      <ManufactureItemDescription />
      <UnitQty>יח`</UnitQty>
      <Quantity>1</Quantity>
      <UnitMeasure />
      <BisWeighted>0</BisWeighted>
      <QtyInPackage>1</QtyInPackage>
      <ItemPrice>34.90</ItemPrice>
      <UnitOfMeasurePrice>34.90</UnitOfMeasurePrice>
      <AllowDiscount>0</AllowDiscount>
      <itemStatus>1</itemStatus>
      <LastUpdateDate />
      <LastUpdateTime />
    </Product>
    <Product>
      <PriceUpdateDate>2019/10/10 12:19</PriceUpdateDate>
      <ItemCode>7290112002150</ItemCode>
      <ItemType>1</ItemType>
      <ItemName>קולון ג`ל 4 ליטר בניחוח ורדים</ItemName>
      <ManufactureName>רקיט בנקיזר (ניר איסט) בעמ</ManufactureName>
      <ManufactureCountry />
      <ManufactureItemDescription />
      <UnitQty>יח`</UnitQty>
      <Quantity>1</Quantity>
      <UnitMeasure />
      <BisWeighted>0</BisWeighted>
      <QtyInPackage>1</QtyInPackage>
      <ItemPrice>34.90</ItemPrice>
      <UnitOfMeasurePrice>34.90</UnitOfMeasurePrice>
      <AllowDiscount>0</AllowDiscount>
      <itemStatus>1</itemStatus>
      <LastUpdateDate />
      <LastUpdateTime />
    </Product>
    <Product>
      <PriceUpdateDate>2019/10/15 08:21</PriceUpdateDate>
      <ItemCode>7290112002228</ItemCode>
      <ItemType>1</ItemType>
      <ItemName>איירוויק פחית ג`ל לבנדר</ItemName>
      <ManufactureName>רקיט בנקיזר (ניר איסט) בעמ</ManufactureName>
      <ManufactureCountry />
      <ManufactureItemDescription />
      <UnitQty>יח`</UnitQty>
      <Quantity>1</Quantity>
      <UnitMeasure />
      <BisWeighted>0</BisWeighted>
      <QtyInPackage>1</QtyInPackage>
      <ItemPrice>9.90</ItemPrice>
      <UnitOfMeasurePrice>9.90</UnitOfMeasurePrice>
      <AllowDiscount>1</AllowDiscount>
      <itemStatus>1</itemStatus>
      <LastUpdateDate />
      <LastUpdateTime />
    </Product>
    <Product>
      <PriceUpdateDate>2019/10/15 08:21</PriceUpdateDate>
      <ItemCode>7290112002259</ItemCode>
      <ItemType>1</ItemType>
      <ItemName>איירוויק פחית ג`ל מרענן</ItemName>
      <ManufactureName>רקיט בנקיזר (ניר איסט) בעמ</ManufactureName>
      <ManufactureCountry />
      <ManufactureItemDescription />
      <UnitQty>יח`</UnitQty>
      <Quantity>1</Quantity>
      <UnitMeasure />
      <BisWeighted>0</BisWeighted>
      <QtyInPackage>1</QtyInPackage>
      <ItemPrice>9.90</ItemPrice>
      <UnitOfMeasurePrice>9.90</UnitOfMeasurePrice>
      <AllowDiscount>1</AllowDiscount>
      <itemStatus>1</itemStatus>
      <LastUpdateDate />
      <LastUpdateTime />
    </Product>
    <Product>
      <PriceUpdateDate>2018/09/18 10:07</PriceUpdateDate>
      <ItemCode>7290112120779</ItemCode>
      <ItemType>1</ItemType>
      <ItemName>לבבות דקל שלמים במי מלח פחית 400 גר` AVE</ItemName>
      <ManufactureName>אבאל יזמות בעמ</ManufactureName>
      <ManufactureCountry />
      <ManufactureItemDescription />
      <UnitQty>יח`</UnitQty>
      <Quantity>400</Quantity>
      <UnitMeasure>גרם</UnitMeasure>
      <BisWeighted>0</BisWeighted>
      <QtyInPackage>1</QtyInPackage>
      <ItemPrice>8.90</ItemPrice>
      <UnitOfMeasurePrice>2.23</UnitOfMeasurePrice>
      <AllowDiscount>1</AllowDiscount>
      <itemStatus>1</itemStatus>
      <LastUpdateDate />
      <LastUpdateTime />
    </Product>
    <Product>
      <PriceUpdateDate>2019/02/11 09:35</PriceUpdateDate>
      <ItemCode>7290112191632</ItemCode>
      <ItemType>1</ItemType>
      <ItemName>שמן זית כתית מעולה 750 מל</ItemName>
      <ManufactureName>א.ג בחירה חכמה בעמ</ManufactureName>
      <ManufactureCountry />
      <ManufactureItemDescription />
      <UnitQty>יח`</UnitQty>
      <Quantity>1</Quantity>
      <UnitMeasure />
      <BisWeighted>0</BisWeighted>
      <QtyInPackage>1</QtyInPackage>
      <ItemPrice>19.90</ItemPrice>
      <UnitOfMeasurePrice>19.90</UnitOfMeasurePrice>
      <AllowDiscount>0</AllowDiscount>
      <itemStatus>1</itemStatus>
      <LastUpdateDate />
      <LastUpdateTime />
    </Product>
    <Product>
      <PriceUpdateDate>2019/02/24 13:29</PriceUpdateDate>
      <ItemCode>7290112192110</ItemCode>
      <ItemType>1</ItemType>
      <ItemName>אטריות סויה וקינואה פטוצ`יני 200 גר` gfr</ItemName>
      <ManufactureName>גורי מוצרי צריכה (1991) בעמ</ManufactureName>
      <ManufactureCountry />
      <ManufactureItemDescription />
      <UnitQty>יח`</UnitQty>
      <Quantity>200</Quantity>
      <UnitMeasure>גרם</UnitMeasure>
      <BisWeighted>0</BisWeighted>
      <QtyInPackage>1</QtyInPackage>
      <ItemPrice>11.90</ItemPrice>
      <UnitOfMeasurePrice>5.95</UnitOfMeasurePrice>
      <AllowDiscount>0</AllowDiscount>
      <itemStatus>1</itemStatus>
      <LastUpdateDate />
      <LastUpdateTime />
    </Product>
    <Product>
      <PriceUpdateDate>2019/11/13 15:42</PriceUpdateDate>
      <ItemCode>7290112192875</ItemCode>
      <ItemType>1</ItemType>
      <ItemName>משחת שיניים רגישות וחניכיים 75 מל סנסוד</ItemName>
      <ManufactureName>גורי ע.ע.ע בעמ</ManufactureName>
      <ManufactureCountry />
      <ManufactureItemDescription />
      <UnitQty>יח`</UnitQty>
      <Quantity>75</Quantity>
      <UnitMeasure>מ"ל</UnitMeasure>
      <BisWeighted>0</BisWeighted>
      <QtyInPackage>1</QtyInPackage>
      <ItemPrice>34.90</ItemPrice>
      <UnitOfMeasurePrice>46.53</UnitOfMeasurePrice>
      <AllowDiscount>1</AllowDiscount>
      <itemStatus>1</itemStatus>
      <LastUpdateDate />
      <LastUpdateTime />
    </Product>
    <Product>
      <PriceUpdateDate>2019/08/14 08:11</PriceUpdateDate>
      <ItemCode>7290112194213</ItemCode>
      <ItemType>1</ItemType>
      <ItemName>שמן זית כתית מעולה 750 מל בדצ</ItemName>
      <ManufactureName>א.ג בחירה חכמה בעמ</ManufactureName>
      <ManufactureCountry />
      <ManufactureItemDescription />
      <UnitQty>יח`</UnitQty>
      <Quantity>1</Quantity>
      <UnitMeasure />
      <BisWeighted>0</BisWeighted>
      <QtyInPackage>1</QtyInPackage>
      <ItemPrice>19.90</ItemPrice>
      <UnitOfMeasurePrice>19.90</UnitOfMeasurePrice>
      <AllowDiscount>0</AllowDiscount>
      <itemStatus>1</itemStatus>
      <LastUpdateDate />
      <LastUpdateTime />
    </Product>
    <Product>
      <PriceUpdateDate>2019/05/07 16:30</PriceUpdateDate>
      <ItemCode>7290112330352</ItemCode>
      <ItemType>1</ItemType>
      <ItemName>דנונה פרו 200 גר` וניל 0% שומן</ItemName>
      <ManufactureName>שטראוס גרופ בעמ/מצונן</ManufactureName>
      <ManufactureCountry />
      <ManufactureItemDescription />
      <UnitQty>יח`</UnitQty>
      <Quantity>200</Quantity>
      <UnitMeasure>מ"ל</UnitMeasure>
      <BisWeighted>0</BisWeighted>
      <QtyInPackage>1</QtyInPackage>
      <ItemPrice>5.90</ItemPrice>
      <UnitOfMeasurePrice>2.95</UnitOfMeasurePrice>
      <AllowDiscount>0</AllowDiscount>
      <itemStatus>1</itemStatus>
      <LastUpdateDate />
      <LastUpdateTime />
    </Product>
    <Product>
      <PriceUpdateDate>2019/05/08 15:01</PriceUpdateDate>
      <ItemCode>7290112330390</ItemCode>
      <ItemType>1</ItemType>
      <ItemName>דנונה פרו 200 גר` פירות יער 0% שומן</ItemName>
      <ManufactureName>שטראוס גרופ בעמ/מצונן</ManufactureName>
      <ManufactureCountry />
      <ManufactureItemDescription />
      <UnitQty>יח`</UnitQty>
      <Quantity>200</Quantity>
      <UnitMeasure>מ"ל</UnitMeasure>
      <BisWeighted>0</BisWeighted>
      <QtyInPackage>1</QtyInPackage>
      <ItemPrice>5.90</ItemPrice>
      <UnitOfMeasurePrice>2.95</UnitOfMeasurePrice>
      <AllowDiscount>0</AllowDiscount>
      <itemStatus>1</itemStatus>
      <LastUpdateDate />
      <LastUpdateTime />
    </Product>
    <Product>
      <PriceUpdateDate>2019/02/17 11:39</PriceUpdateDate>
      <ItemCode>7290112330420</ItemCode>
      <ItemType>1</ItemType>
      <ItemName>דנונה פרו לבן 2.9% שומן (150 גר`)</ItemName>
      <ManufactureName>שטראוס גרופ בעמ/מצונן</ManufactureName>
      <ManufactureCountry />
      <ManufactureItemDescription />
      <UnitQty>יח`</UnitQty>
      <Quantity>150</Quantity>
      <UnitMeasure>גרם</UnitMeasure>
      <BisWeighted>0</BisWeighted>
      <QtyInPackage>1</QtyInPackage>
      <ItemPrice>4.90</ItemPrice>
      <UnitOfMeasurePrice>3.27</UnitOfMeasurePrice>
      <AllowDiscount>0</AllowDiscount>
      <itemStatus>1</itemStatus>
      <LastUpdateDate />
      <LastUpdateTime />
    </Product>
    <Product>
      <PriceUpdateDate>2019/08/08 16:57</PriceUpdateDate>
      <ItemCode>7290112330475</ItemCode>
      <ItemType>1</ItemType>
      <ItemName>אקטימל דנונה (100x8  מל)פטל</ItemName>
      <ManufactureName>שטראוס גרופ בעמ/מצונן</ManufactureName>
      <ManufactureCountry />
      <ManufactureItemDescription />
      <UnitQty>יח`</UnitQty>
      <Quantity>860</Quantity>
      <UnitMeasure>מ"ל</UnitMeasure>
      <BisWeighted>0</BisWeighted>
      <QtyInPackage>1</QtyInPackage>
      <ItemPrice>21.90</ItemPrice>
      <UnitOfMeasurePrice>2.55</UnitOfMeasurePrice>
      <AllowDiscount>0</AllowDiscount>
      <itemStatus>1</itemStatus>
      <LastUpdateDate />
      <LastUpdateTime />
    </Product>
    <Product>
      <PriceUpdateDate>2019/02/17 11:39</PriceUpdateDate>
      <ItemCode>7290112330970</ItemCode>
      <ItemType>1</ItemType>
      <ItemName>שייק חלבון מי גבינה עם פירות יער (350 גר</ItemName>
      <ManufactureName>שטראוס גרופ בעמ/מצונן</ManufactureName>
      <ManufactureCountry />
      <ManufactureItemDescription />
      <UnitQty>יח`</UnitQty>
      <Quantity>350</Quantity>
      <UnitMeasure>גרם</UnitMeasure>
      <BisWeighted>0</BisWeighted>
      <QtyInPackage>1</QtyInPackage>
      <ItemPrice>7.50</ItemPrice>
      <UnitOfMeasurePrice>2.14</UnitOfMeasurePrice>
      <AllowDiscount>0</AllowDiscount>
      <itemStatus>1</itemStatus>
      <LastUpdateDate />
      <LastUpdateTime />
    </Product>
    <Product>
      <PriceUpdateDate>2019/02/17 11:39</PriceUpdateDate>
      <ItemCode>7290112330987</ItemCode>
      <ItemType>1</ItemType>
      <ItemName>שייק חלבון מי גבינה עם אפרסק ומנגו (350</ItemName>
      <ManufactureName>שטראוס גרופ בעמ/מצונן</ManufactureName>
      <ManufactureCountry />
      <ManufactureItemDescription />
      <UnitQty>יח`</UnitQty>
      <Quantity>350</Quantity>
      <UnitMeasure>גרם</UnitMeasure>
      <BisWeighted>0</BisWeighted>
      <QtyInPackage>1</QtyInPackage>
      <ItemPrice>7.50</ItemPrice>
      <UnitOfMeasurePrice>2.14</UnitOfMeasurePrice>
      <AllowDiscount>0</AllowDiscount>
      <itemStatus>1</itemStatus>
      <LastUpdateDate />
      <LastUpdateTime />
    </Product>
    <Product>
      <PriceUpdateDate>2019/10/02 13:09</PriceUpdateDate>
      <ItemCode>7290112331243</ItemCode>
      <ItemType>1</ItemType>
      <ItemName>רבילוי 4 גבינות 300 גר` EAT GOOD</ItemName>
      <ManufactureName>שטראוס גרופ בעמ/מצונן</ManufactureName>
      <ManufactureCountry />
      <ManufactureItemDescription />
      <UnitQty>יח`</UnitQty>
      <Quantity>300</Quantity>
      <UnitMeasure>גרם</UnitMeasure>
      <BisWeighted>0</BisWeighted>
      <QtyInPackage>1</QtyInPackage>
      <ItemPrice>21.90</ItemPrice>
      <UnitOfMeasurePrice>7.30</UnitOfMeasurePrice>
      <AllowDiscount>1</AllowDiscount>
      <itemStatus>1</itemStatus>
      <LastUpdateDate />
      <LastUpdateTime />
    </Product>
    <Product>
      <PriceUpdateDate>2018/12/19 10:32</PriceUpdateDate>
      <ItemCode>7290112331946</ItemCode>
      <ItemType>1</ItemType>
      <ItemName>רבע לשבע טורטית 120 גר עלית</ItemName>
      <ManufactureName>שטראוס גרופ בעמ</ManufactureName>
      <ManufactureCountry />
      <ManufactureItemDescription />
      <UnitQty>יח`</UnitQty>
      <Quantity>120</Quantity>
      <UnitMeasure>גרם</UnitMeasure>
      <BisWeighted>0</BisWeighted>
      <QtyInPackage>1</QtyInPackage>
      <ItemPrice>12.90</ItemPrice>
      <UnitOfMeasurePrice>10.75</UnitOfMeasurePrice>
      <AllowDiscount>1</AllowDiscount>
      <itemStatus>1</itemStatus>
      <LastUpdateDate />
      <LastUpdateTime />
    </Product>
    <Product>
      <PriceUpdateDate>2019/10/02 13:08</PriceUpdateDate>
      <ItemCode>7290112332158</ItemCode>
      <ItemType>1</ItemType>
      <ItemName>בלונדי קרם שמנת 100  גר`עלית</ItemName>
      <ManufactureName>שטראוס גרופ בעמ</ManufactureName>
      <ManufactureCountry />
      <ManufactureItemDescription />
      <UnitQty>יח`</UnitQty>
      <Quantity>100</Quantity>
      <UnitMeasure>גרם</UnitMeasure>
      <BisWeighted>0</BisWeighted>
      <QtyInPackage>1</QtyInPackage>
      <ItemPrice>7.50</ItemPrice>
      <UnitOfMeasurePrice>7.50</UnitOfMeasurePrice>
      <AllowDiscount>0</AllowDiscount>
      <itemStatus>1</itemStatus>
      <LastUpdateDate />
      <LastUpdateTime />
    </Product>
    <Product>
      <PriceUpdateDate>2019/06/07 11:22</PriceUpdateDate>
      <ItemCode>7290112332585</ItemCode>
      <ItemType>1</ItemType>
      <ItemName>פריכיות משולשות -אורז בתיבול סלק ומלח ים</ItemName>
      <ManufactureName>שטראוס גרופ בעמ</ManufactureName>
      <ManufactureCountry />
      <ManufactureItemDescription />
      <UnitQty>יח`</UnitQty>
      <Quantity>30</Quantity>
      <UnitMeasure>גרם</UnitMeasure>
      <BisWeighted>0</BisWeighted>
      <QtyInPackage>1</QtyInPackage>
      <ItemPrice>5.90</ItemPrice>
      <UnitOfMeasurePrice>19.67</UnitOfMeasurePrice>
      <AllowDiscount>0</AllowDiscount>
      <itemStatus>1</itemStatus>
      <LastUpdateDate />
      <LastUpdateTime />
    </Product>
    <Product>
      <PriceUpdateDate>2020/04/08 06:47</PriceUpdateDate>
      <ItemCode>7290112332660</ItemCode>
      <ItemType>1</ItemType>
      <ItemName>בראוניס טורטית לבנה עלית (380 גרם)</ItemName>
      <ManufactureName>שטראוס גרופ בעמ</ManufactureName>
      <ManufactureCountry />
      <ManufactureItemDescription />
      <UnitQty>יח`</UnitQty>
      <Quantity>380</Quantity>
      <UnitMeasure>גרם</UnitMeasure>
      <BisWeighted>0</BisWeighted>
      <QtyInPackage>1</QtyInPackage>
      <ItemPrice>16.90</ItemPrice>
      <UnitOfMeasurePrice>4.45</UnitOfMeasurePrice>
      <AllowDiscount>0</AllowDiscount>
      <itemStatus>1</itemStatus>
      <LastUpdateDate />
      <LastUpdateTime />
    </Product>
    <Product>
      <PriceUpdateDate>2019/07/21 09:55</PriceUpdateDate>
      <ItemCode>7290112332691</ItemCode>
      <ItemType>1</ItemType>
      <ItemName>עוגיות קרם פסק זמן אגוזים 200 גר` עלית</ItemName>
      <ManufactureName>שטראוס גרופ בעמ</ManufactureName>
      <ManufactureCountry />
      <ManufactureItemDescription />
      <UnitQty>יח`</UnitQty>
      <Quantity>200</Quantity>
      <UnitMeasure>גרם</UnitMeasure>
      <BisWeighted>0</BisWeighted>
      <QtyInPackage>1</QtyInPackage>
      <ItemPrice>10.90</ItemPrice>
      <UnitOfMeasurePrice>5.45</UnitOfMeasurePrice>
      <AllowDiscount>1</AllowDiscount>
      <itemStatus>1</itemStatus>
      <LastUpdateDate />
      <LastUpdateTime />
    </Product>
    <Product>
      <PriceUpdateDate>2019/05/21 16:34</PriceUpdateDate>
      <ItemCode>7290112332875</ItemCode>
      <ItemType>1</ItemType>
      <ItemName>מאסט קוביות מנטה עדינה 86 גר`</ItemName>
      <ManufactureName>שטראוס גרופ בעמ</ManufactureName>
      <ManufactureCountry />
      <ManufactureItemDescription />
      <UnitQty>יח`</UnitQty>
      <Quantity>86</Quantity>
      <UnitMeasure>גרם</UnitMeasure>
      <BisWeighted>0</BisWeighted>
      <QtyInPackage>1</QtyInPackage>
      <ItemPrice>13.90</ItemPrice>
      <UnitOfMeasurePrice>16.16</UnitOfMeasurePrice>
      <AllowDiscount>1</AllowDiscount>
      <itemStatus>1</itemStatus>
      <LastUpdateDate />
      <LastUpdateTime />
    </Product>
    <Product>
      <PriceUpdateDate>2019/06/12 19:46</PriceUpdateDate>
      <ItemCode>7290112332899</ItemCode>
      <ItemType>1</ItemType>
      <ItemName>בזוקה פופים קלאסי 58 גר`</ItemName>
      <ManufactureName>שטראוס גרופ בעמ</ManufactureName>
      <ManufactureCountry />
      <ManufactureItemDescription />
      <UnitQty>יח`</UnitQty>
      <Quantity>1</Quantity>
      <UnitMeasure />
      <BisWeighted>0</BisWeighted>
      <QtyInPackage>1</QtyInPackage>
      <ItemPrice>9.90</ItemPrice>
      <UnitOfMeasurePrice>9.90</UnitOfMeasurePrice>
      <AllowDiscount>1</AllowDiscount>
      <itemStatus>1</itemStatus>
      <LastUpdateDate />
      <LastUpdateTime />
    </Product>
    <Product>
      <PriceUpdateDate>2019/04/14 14:24</PriceUpdateDate>
      <ItemCode>7290112334886</ItemCode>
      <ItemType>1</ItemType>
      <ItemName>חטיף פסק זמן טראפלס עלית (45  גרם)מגדים</ItemName>
      <ManufactureName>שטראוס גרופ בעמ</ManufactureName>
      <ManufactureCountry />
      <ManufactureItemDescription />
      <UnitQty>יח`</UnitQty>
      <Quantity>45</Quantity>
      <UnitMeasure>גרם</UnitMeasure>
      <BisWeighted>0</BisWeighted>
      <QtyInPackage>1</QtyInPackage>
      <ItemPrice>4.90</ItemPrice>
      <UnitOfMeasurePrice>10.89</UnitOfMeasurePrice>
      <AllowDiscount>0</AllowDiscount>
      <itemStatus>1</itemStatus>
      <LastUpdateDate />
      <LastUpdateTime />
    </Product>
    <Product>
      <PriceUpdateDate>2019/04/10 09:19</PriceUpdateDate>
      <ItemCode>7290112334893</ItemCode>
      <ItemType>1</ItemType>
      <ItemName>חטיף פסק זמן אלפחורס עלית (45 גרם)</ItemName>
      <ManufactureName>שטראוס גרופ בעמ</ManufactureName>
      <ManufactureCountry />
      <ManufactureItemDescription />
      <UnitQty>יח`</UnitQty>
      <Quantity>45</Quantity>
      <UnitMeasure>גרם</UnitMeasure>
      <BisWeighted>0</BisWeighted>
      <QtyInPackage>1</QtyInPackage>
      <ItemPrice>4.90</ItemPrice>
      <UnitOfMeasurePrice>10.89</UnitOfMeasurePrice>
      <AllowDiscount>0</AllowDiscount>
      <itemStatus>1</itemStatus>
      <LastUpdateDate />
      <LastUpdateTime />
    </Product>
    <Product>
      <PriceUpdateDate>2019/02/28 17:34</PriceUpdateDate>
      <ItemCode>7290112335043</ItemCode>
      <ItemType>1</ItemType>
      <ItemName>מרשמלו בזוקה 150 גר</ItemName>
      <ManufactureName>שטראוס גרופ בעמ</ManufactureName>
      <ManufactureCountry />
      <ManufactureItemDescription />
      <UnitQty>יח`</UnitQty>
      <Quantity>150</Quantity>
      <UnitMeasure>גרם</UnitMeasure>
      <BisWeighted>0</BisWeighted>
      <QtyInPackage>1</QtyInPackage>
      <ItemPrice>6.90</ItemPrice>
      <UnitOfMeasurePrice>4.60</UnitOfMeasurePrice>
      <AllowDiscount>1</AllowDiscount>
      <itemStatus>1</itemStatus>
      <LastUpdateDate />
      <LastUpdateTime />
    </Product>
    <Product>
      <PriceUpdateDate>2019/02/28 17:34</PriceUpdateDate>
      <ItemCode>7290112335050</ItemCode>
      <ItemType>1</ItemType>
      <ItemName>מרשמלו טעם וניל 150 גר</ItemName>
      <ManufactureName>שטראוס גרופ בעמ</ManufactureName>
      <ManufactureCountry />
      <ManufactureItemDescription />
      <UnitQty>יח`</UnitQty>
      <Quantity>150</Quantity>
      <UnitMeasure>גרם</UnitMeasure>
      <BisWeighted>0</BisWeighted>
      <QtyInPackage>1</QtyInPackage>
      <ItemPrice>6.90</ItemPrice>
      <UnitOfMeasurePrice>4.60</UnitOfMeasurePrice>
      <AllowDiscount>1</AllowDiscount>
      <itemStatus>1</itemStatus>
      <LastUpdateDate />
      <LastUpdateTime />
    </Product>
    <Product>
      <PriceUpdateDate>2019/12/12 22:21</PriceUpdateDate>
      <ItemCode>7290112335425</ItemCode>
      <ItemType>1</ItemType>
      <ItemName>חטיף תירס בטעם חמוץ חריף צ`יטוס (80 גרם)</ItemName>
      <ManufactureName>שטראוס פריטו ליי בעמ</ManufactureName>
      <ManufactureCountry />
      <ManufactureItemDescription />
      <UnitQty>יח`</UnitQty>
      <Quantity>80</Quantity>
      <UnitMeasure>גרם</UnitMeasure>
      <BisWeighted>0</BisWeighted>
      <QtyInPackage>1</QtyInPackage>
      <ItemPrice>4.50</ItemPrice>
      <UnitOfMeasurePrice>5.63</UnitOfMeasurePrice>
      <AllowDiscount>0</AllowDiscount>
      <itemStatus>1</itemStatus>
      <LastUpdateDate />
      <LastUpdateTime />
    </Product>
    <Product>
      <PriceUpdateDate>2019/06/07 11:22</PriceUpdateDate>
      <ItemCode>7290112335487</ItemCode>
      <ItemType>1</ItemType>
      <ItemName>פריכיות הטעימות קצח ודגנים 135</ItemName>
      <ManufactureName>שטראוס גרופ בעמ</ManufactureName>
      <ManufactureCountry />
      <ManufactureItemDescription />
      <UnitQty>יח`</UnitQty>
      <Quantity>135</Quantity>
      <UnitMeasure>גרם</UnitMeasure>
      <BisWeighted>0</BisWeighted>
      <QtyInPackage>1</QtyInPackage>
      <ItemPrice>12.90</ItemPrice>
      <UnitOfMeasurePrice>9.56</UnitOfMeasurePrice>
      <AllowDiscount>1</AllowDiscount>
      <itemStatus>1</itemStatus>
      <LastUpdateDate />
      <LastUpdateTime />
    </Product>
    <Product>
      <PriceUpdateDate>2019/06/07 11:22</PriceUpdateDate>
      <ItemCode>7290112335494</ItemCode>
      <ItemType>1</ItemType>
      <ItemName>הפריכות הטעימות פוטטוס 135 גר`</ItemName>
      <ManufactureName>שטראוס גרופ בעמ</ManufactureName>
      <ManufactureCountry />
      <ManufactureItemDescription />
      <UnitQty>יח`</UnitQty>
      <Quantity>135</Quantity>
      <UnitMeasure>גרם</UnitMeasure>
      <BisWeighted>0</BisWeighted>
      <QtyInPackage>1</QtyInPackage>
      <ItemPrice>12.90</ItemPrice>
      <UnitOfMeasurePrice>9.56</UnitOfMeasurePrice>
      <AllowDiscount>1</AllowDiscount>
      <itemStatus>1</itemStatus>
      <LastUpdateDate />
      <LastUpdateTime />
    </Product>
    <Product>
      <PriceUpdateDate>2019/06/07 11:22</PriceUpdateDate>
      <ItemCode>7290112335500</ItemCode>
      <ItemType>1</ItemType>
      <ItemName>הפריכיות הטעימות חלבון 135 גר`</ItemName>
      <ManufactureName>שטראוס גרופ בעמ</ManufactureName>
      <ManufactureCountry />
      <ManufactureItemDescription />
      <UnitQty>יח`</UnitQty>
      <Quantity>135</Quantity>
      <UnitMeasure>גרם</UnitMeasure>
      <BisWeighted>0</BisWeighted>
      <QtyInPackage>1</QtyInPackage>
      <ItemPrice>12.90</ItemPrice>
      <UnitOfMeasurePrice>9.56</UnitOfMeasurePrice>
      <AllowDiscount>1</AllowDiscount>
      <itemStatus>1</itemStatus>
      <LastUpdateDate />
      <LastUpdateTime />
    </Product>
    <Product>
      <PriceUpdateDate>2019/06/12 19:46</PriceUpdateDate>
      <ItemCode>7290112335524</ItemCode>
      <ItemType>1</ItemType>
      <ItemName>סוכריות ללא סוכר מנגו 80 גר` מאסט</ItemName>
      <ManufactureName>שטראוס גרופ בעמ</ManufactureName>
      <ManufactureCountry />
      <ManufactureItemDescription />
      <UnitQty>יח`</UnitQty>
      <Quantity>80</Quantity>
      <UnitMeasure>גרם</UnitMeasure>
      <BisWeighted>0</BisWeighted>
      <QtyInPackage>1</QtyInPackage>
      <ItemPrice>8.90</ItemPrice>
      <UnitOfMeasurePrice>11.13</UnitOfMeasurePrice>
      <AllowDiscount>0</AllowDiscount>
      <itemStatus>1</itemStatus>
      <LastUpdateDate />
      <LastUpdateTime />
    </Product>
    <Product>
      <PriceUpdateDate>2019/10/02 13:08</PriceUpdateDate>
      <ItemCode>7290112335937</ItemCode>
      <ItemType>1</ItemType>
      <ItemName>חטיף אנרגי מאגדת אגוזים בטעם קוקוס עלית</ItemName>
      <ManufactureName>שטראוס גרופ בעמ</ManufactureName>
      <ManufactureCountry />
      <ManufactureItemDescription />
      <UnitQty>יח`</UnitQty>
      <Quantity>144</Quantity>
      <UnitMeasure>גרם</UnitMeasure>
      <BisWeighted>0</BisWeighted>
      <QtyInPackage>1</QtyInPackage>
      <ItemPrice>14.90</ItemPrice>
      <UnitOfMeasurePrice>10.35</UnitOfMeasurePrice>
      <AllowDiscount>1</AllowDiscount>
      <itemStatus>1</itemStatus>
      <LastUpdateDate />
      <LastUpdateTime />
    </Product>
    <Product>
      <PriceUpdateDate>2019/12/22 11:05</PriceUpdateDate>
      <ItemCode>7290112336002</ItemCode>
      <ItemType>1</ItemType>
      <ItemName>ספלנדיד שוקולד מריר ותפוז 105 גר` נשנושי</ItemName>
      <ManufactureName>שטראוס גרופ בעמ</ManufactureName>
      <ManufactureCountry />
      <ManufactureItemDescription />
      <UnitQty>יח`</UnitQty>
      <Quantity>105</Quantity>
      <UnitMeasure>גרם</UnitMeasure>
      <BisWeighted>0</BisWeighted>
      <QtyInPackage>1</QtyInPackage>
      <ItemPrice>13.90</ItemPrice>
      <UnitOfMeasurePrice>13.24</UnitOfMeasurePrice>
      <AllowDiscount>1</AllowDiscount>
      <itemStatus>1</itemStatus>
      <LastUpdateDate />
      <LastUpdateTime />
    </Product>
    <Product>
      <PriceUpdateDate>2020/02/14 06:23</PriceUpdateDate>
      <ItemCode>7290112336149</ItemCode>
      <ItemType>1</ItemType>
      <ItemName>קופסת ממתקים קטנה כשלפ</ItemName>
      <ManufactureName>שטראוס גרופ בעמ</ManufactureName>
      <ManufactureCountry />
      <ManufactureItemDescription />
      <UnitQty>יח`</UnitQty>
      <Quantity>148</Quantity>
      <UnitMeasure>גרם</UnitMeasure>
      <BisWeighted>0</BisWeighted>
      <QtyInPackage>1</QtyInPackage>
      <ItemPrice>49.90</ItemPrice>
      <UnitOfMeasurePrice>33.72</UnitOfMeasurePrice>
      <AllowDiscount>0</AllowDiscount>
      <itemStatus>1</itemStatus>
      <LastUpdateDate />
      <LastUpdateTime />
    </Product>
    <Product>
      <PriceUpdateDate>2019/12/22 11:05</PriceUpdateDate>
      <ItemCode>7290112336613</ItemCode>
      <ItemType>1</ItemType>
      <ItemName>עד חצות סנדוויץ 135  גר`עלית</ItemName>
      <ManufactureName>שטראוס גרופ בעמ</ManufactureName>
      <ManufactureCountry />
      <ManufactureItemDescription />
      <UnitQty>יח`</UnitQty>
      <Quantity>135</Quantity>
      <UnitMeasure>גרם</UnitMeasure>
      <BisWeighted>0</BisWeighted>
      <QtyInPackage>1</QtyInPackage>
      <ItemPrice>10.90</ItemPrice>
      <UnitOfMeasurePrice>8.07</UnitOfMeasurePrice>
      <AllowDiscount>0</AllowDiscount>
      <itemStatus>1</itemStatus>
      <LastUpdateDate />
      <LastUpdateTime />
    </Product>
    <Product>
      <PriceUpdateDate>2019/07/14 08:44</PriceUpdateDate>
      <ItemCode>7290112336620</ItemCode>
      <ItemType>1</ItemType>
      <ItemName>רבע לשבע שלוק שוקולד חלב 120 גר` עלית</ItemName>
      <ManufactureName>שטראוס גרופ בעמ</ManufactureName>
      <ManufactureCountry />
      <ManufactureItemDescription />
      <UnitQty>יח`</UnitQty>
      <Quantity>120</Quantity>
      <UnitMeasure>גרם</UnitMeasure>
      <BisWeighted>0</BisWeighted>
      <QtyInPackage>1</QtyInPackage>
      <ItemPrice>12.90</ItemPrice>
      <UnitOfMeasurePrice>10.75</UnitOfMeasurePrice>
      <AllowDiscount>1</AllowDiscount>
      <itemStatus>1</itemStatus>
      <LastUpdateDate />
      <LastUpdateTime />
    </Product>
    <Product>
      <PriceUpdateDate>2019/10/02 13:08</PriceUpdateDate>
      <ItemCode>7290112336651</ItemCode>
      <ItemType>1</ItemType>
      <ItemName>מאסט סוכריות ריבת חלב 80 גר ללא סוכר</ItemName>
      <ManufactureName>שטראוס גרופ בעמ</ManufactureName>
      <ManufactureCountry />
      <ManufactureItemDescription />
      <UnitQty>יח`</UnitQty>
      <Quantity>80</Quantity>
      <UnitMeasure>גרם</UnitMeasure>
      <BisWeighted>0</BisWeighted>
      <QtyInPackage>1</QtyInPackage>
      <ItemPrice>8.90</ItemPrice>
      <UnitOfMeasurePrice>11.13</UnitOfMeasurePrice>
      <AllowDiscount>0</AllowDiscount>
      <itemStatus>1</itemStatus>
      <LastUpdateDate />
      <LastUpdateTime />
    </Product>
    <Product>
      <PriceUpdateDate>2019/03/26 08:21</PriceUpdateDate>
      <ItemCode>7290112336712</ItemCode>
      <ItemType>1</ItemType>
      <ItemName>דנונה פרו 21% חלבון 0</ItemName>
      <ManufactureName>שטראוס גרופ בעמ/מצונן</ManufactureName>
      <ManufactureCountry />
      <ManufactureItemDescription />
      <UnitQty>יח`</UnitQty>
      <Quantity>200</Quantity>
      <UnitMeasure>מ"ל</UnitMeasure>
      <BisWeighted>0</BisWeighted>
      <QtyInPackage>1</QtyInPackage>
      <ItemPrice>5.90</ItemPrice>
      <UnitOfMeasurePrice>2.95</UnitOfMeasurePrice>
      <AllowDiscount>0</AllowDiscount>
      <itemStatus>1</itemStatus>
      <LastUpdateDate />
      <LastUpdateTime />
    </Product>
    <Product>
      <PriceUpdateDate>2019/10/02 13:08</PriceUpdateDate>
      <ItemCode>7290112337474</ItemCode>
      <ItemType>1</ItemType>
      <ItemName>מאסט סוכריות פטל לימון 80 גר ללא סוכר</ItemName>
      <ManufactureName>שטראוס גרופ בעמ</ManufactureName>
      <ManufactureCountry />
      <ManufactureItemDescription />
      <UnitQty>יח`</UnitQty>
      <Quantity>80</Quantity>
      <UnitMeasure>גרם</UnitMeasure>
      <BisWeighted>0</BisWeighted>
      <QtyInPackage>1</QtyInPackage>
      <ItemPrice>8.90</ItemPrice>
      <UnitOfMeasurePrice>11.13</UnitOfMeasurePrice>
      <AllowDiscount>0</AllowDiscount>
      <itemStatus>1</itemStatus>
      <LastUpdateDate />
      <LastUpdateTime />
    </Product>
    <Product>
      <PriceUpdateDate>2019/10/02 13:08</PriceUpdateDate>
      <ItemCode>7290112337481</ItemCode>
      <ItemType>1</ItemType>
      <ItemName>מאסט סוכריות קפוצ`נו 80 גר ללא סוכר</ItemName>
      <ManufactureName>שטראוס גרופ בעמ</ManufactureName>
      <ManufactureCountry />
      <ManufactureItemDescription />
      <UnitQty>יח`</UnitQty>
      <Quantity>80</Quantity>
      <UnitMeasure>גרם</UnitMeasure>
      <BisWeighted>0</BisWeighted>
      <QtyInPackage>1</QtyInPackage>
      <ItemPrice>8.90</ItemPrice>
      <UnitOfMeasurePrice>11.13</UnitOfMeasurePrice>
      <AllowDiscount>0</AllowDiscount>
      <itemStatus>1</itemStatus>
      <LastUpdateDate />
      <LastUpdateTime />
    </Product>
    <Product>
      <PriceUpdateDate>2019/01/20 12:04</PriceUpdateDate>
      <ItemCode>7290112338877</ItemCode>
      <ItemType>1</ItemType>
      <ItemName>סקי תות 3% (125 גר`) דנונה</ItemName>
      <ManufactureName>שטראוס גרופ בעמ/מצונן</ManufactureName>
      <ManufactureCountry />
      <ManufactureItemDescription />
      <UnitQty>יח`</UnitQty>
      <Quantity>125</Quantity>
      <UnitMeasure>גרם</UnitMeasure>
      <BisWeighted>0</BisWeighted>
      <QtyInPackage>1</QtyInPackage>
      <ItemPrice>3.70</ItemPrice>
      <UnitOfMeasurePrice>2.96</UnitOfMeasurePrice>
      <AllowDiscount>1</AllowDiscount>
      <itemStatus>1</itemStatus>
      <LastUpdateDate />
      <LastUpdateTime />
    </Product>
    <Product>
      <PriceUpdateDate>2019/09/25 09:07</PriceUpdateDate>
      <ItemCode>7290112339294</ItemCode>
      <ItemType>1</ItemType>
      <ItemName>אקטיביה עם צ`יה ואפרסק 150 גר`</ItemName>
      <ManufactureName>שטראוס גרופ בעמ/מצונן</ManufactureName>
      <ManufactureCountry />
      <ManufactureItemDescription />
      <UnitQty>יח`</UnitQty>
      <Quantity>150</Quantity>
      <UnitMeasure>מ"ל</UnitMeasure>
      <BisWeighted>0</BisWeighted>
      <QtyInPackage>1</QtyInPackage>
      <ItemPrice>4.50</ItemPrice>
      <UnitOfMeasurePrice>3</UnitOfMeasurePrice>
      <AllowDiscount>0</AllowDiscount>
      <itemStatus>1</itemStatus>
      <LastUpdateDate />
      <LastUpdateTime />
    </Product>
    <Product>
      <PriceUpdateDate>2019/11/14 10:47</PriceUpdateDate>
      <ItemCode>7290112339362</ItemCode>
      <ItemType>1</ItemType>
      <ItemName>דנונה לייט אנד פריי בטעם קפוצ`נו 150 גר`</ItemName>
      <ManufactureName>שטראוס גרופ בעמ/מצונן</ManufactureName>
      <ManufactureCountry />
      <ManufactureItemDescription />
      <UnitQty>יח`</UnitQty>
      <Quantity>150</Quantity>
      <UnitMeasure>מ"ל</UnitMeasure>
      <BisWeighted>0</BisWeighted>
      <QtyInPackage>1</QtyInPackage>
      <ItemPrice>4.30</ItemPrice>
      <UnitOfMeasurePrice>2.87</UnitOfMeasurePrice>
      <AllowDiscount>0</AllowDiscount>
      <itemStatus>1</itemStatus>
      <LastUpdateDate />
      <LastUpdateTime />
    </Product>
    <Product>
      <PriceUpdateDate>2019/02/17 11:39</PriceUpdateDate>
      <ItemCode>7290112339867</ItemCode>
      <ItemType>1</ItemType>
      <ItemName>גמדים סקוויז בודד תות (100 גר`)</ItemName>
      <ManufactureName>שטראוס גרופ בעמ/מצונן</ManufactureName>
      <ManufactureCountry />
      <ManufactureItemDescription />
      <UnitQty>יח`</UnitQty>
      <Quantity>100</Quantity>
      <UnitMeasure>גרם</UnitMeasure>
      <BisWeighted>0</BisWeighted>
      <QtyInPackage>1</QtyInPackage>
      <ItemPrice>5.90</ItemPrice>
      <UnitOfMeasurePrice>5.90</UnitOfMeasurePrice>
      <AllowDiscount>1</AllowDiscount>
      <itemStatus>1</itemStatus>
      <LastUpdateDate />
      <LastUpdateTime />
    </Product>
    <Product>
      <PriceUpdateDate>2019/02/17 11:39</PriceUpdateDate>
      <ItemCode>7290112339874</ItemCode>
      <ItemType>1</ItemType>
      <ItemName>גמדים סקוויז בודד תות בננה (100 גר`)</ItemName>
      <ManufactureName>שטראוס גרופ בעמ/מצונן</ManufactureName>
      <ManufactureCountry />
      <ManufactureItemDescription />
      <UnitQty>יח`</UnitQty>
      <Quantity>100</Quantity>
      <UnitMeasure>גרם</UnitMeasure>
      <BisWeighted>0</BisWeighted>
      <QtyInPackage>1</QtyInPackage>
      <ItemPrice>5.90</ItemPrice>
      <UnitOfMeasurePrice>5.90</UnitOfMeasurePrice>
      <AllowDiscount>1</AllowDiscount>
      <itemStatus>1</itemStatus>
      <LastUpdateDate />
      <LastUpdateTime />
    </Product>
    <Product>
      <PriceUpdateDate>2019/06/07 11:22</PriceUpdateDate>
      <ItemCode>7290112340122</ItemCode>
      <ItemType>1</ItemType>
      <ItemName>פריכיות טעימות 3 דגנים 135 גר`</ItemName>
      <ManufactureName>שטראוס גרופ בעמ</ManufactureName>
      <ManufactureCountry />
      <ManufactureItemDescription />
      <UnitQty>יח`</UnitQty>
      <Quantity>135</Quantity>
      <UnitMeasure>גרם</UnitMeasure>
      <BisWeighted>0</BisWeighted>
      <QtyInPackage>1</QtyInPackage>
      <ItemPrice>12.90</ItemPrice>
      <UnitOfMeasurePrice>9.56</UnitOfMeasurePrice>
      <AllowDiscount>1</AllowDiscount>
      <itemStatus>1</itemStatus>
      <LastUpdateDate />
      <LastUpdateTime />
    </Product>
    <Product>
      <PriceUpdateDate>2019/08/25 11:39</PriceUpdateDate>
      <ItemCode>7290112340184</ItemCode>
      <ItemType>1</ItemType>
      <ItemName>פיתה קראנצ טבעי פרוסות 60  גר`עלית</ItemName>
      <ManufactureName>שטראוס פריטו ליי בעמ</ManufactureName>
      <ManufactureCountry />
      <ManufactureItemDescription />
      <UnitQty>יח`</UnitQty>
      <Quantity>60</Quantity>
      <UnitMeasure>גרם</UnitMeasure>
      <BisWeighted>0</BisWeighted>
      <QtyInPackage>1</QtyInPackage>
      <ItemPrice>4.50</ItemPrice>
      <UnitOfMeasurePrice>7.50</UnitOfMeasurePrice>
      <AllowDiscount>0</AllowDiscount>
      <itemStatus>1</itemStatus>
      <LastUpdateDate />
      <LastUpdateTime />
    </Product>
    <Product>
      <PriceUpdateDate>2019/07/21 09:55</PriceUpdateDate>
      <ItemCode>7290112340276</ItemCode>
      <ItemType>1</ItemType>
      <ItemName>עוגיות קרם קפה עלית 200 גר` עלית</ItemName>
      <ManufactureName>שטראוס גרופ בעמ</ManufactureName>
      <ManufactureCountry />
      <ManufactureItemDescription />
      <UnitQty>יח`</UnitQty>
      <Quantity>200</Quantity>
      <UnitMeasure>גרם</UnitMeasure>
      <BisWeighted>0</BisWeighted>
      <QtyInPackage>1</QtyInPackage>
      <ItemPrice>10.90</ItemPrice>
      <UnitOfMeasurePrice>5.45</UnitOfMeasurePrice>
      <AllowDiscount>1</AllowDiscount>
      <itemStatus>1</itemStatus>
      <LastUpdateDate />
      <LastUpdateTime />
    </Product>
    <Product>
      <PriceUpdateDate>2019/11/12 08:35</PriceUpdateDate>
      <ItemCode>7290112340481</ItemCode>
      <ItemType>1</ItemType>
      <ItemName>בוטנים 200  גר`סבבה</ItemName>
      <ManufactureName>שטראוס פריטו ליי בעמ</ManufactureName>
      <ManufactureCountry />
      <ManufactureItemDescription />
      <UnitQty>יח`</UnitQty>
      <Quantity>200</Quantity>
      <UnitMeasure>גרם</UnitMeasure>
      <BisWeighted>0</BisWeighted>
      <QtyInPackage>1</QtyInPackage>
      <ItemPrice>6.90</ItemPrice>
      <UnitOfMeasurePrice>3.45</UnitOfMeasurePrice>
      <AllowDiscount>0</AllowDiscount>
      <itemStatus>1</itemStatus>
      <LastUpdateDate />
      <LastUpdateTime />
    </Product>
    <Product>
      <PriceUpdateDate>2019/06/16 12:57</PriceUpdateDate>
      <ItemCode>7290112341099</ItemCode>
      <ItemType>1</ItemType>
      <ItemName>פיתה קראנצ` טבעי עלית (300 גרם)</ItemName>
      <ManufactureName>שטראוס פריטו ליי בעמ</ManufactureName>
      <ManufactureCountry />
      <ManufactureItemDescription />
      <UnitQty>יח`</UnitQty>
      <Quantity>300</Quantity>
      <UnitMeasure>גרם</UnitMeasure>
      <BisWeighted>0</BisWeighted>
      <QtyInPackage>1</QtyInPackage>
      <ItemPrice>13</ItemPrice>
      <UnitOfMeasurePrice>4.33</UnitOfMeasurePrice>
      <AllowDiscount>1</AllowDiscount>
      <itemStatus>1</itemStatus>
      <LastUpdateDate />
      <LastUpdateTime />
    </Product>
    <Product>
      <PriceUpdateDate>2019/06/12 19:46</PriceUpdateDate>
      <ItemCode>7290112341112</ItemCode>
      <ItemType>1</ItemType>
      <ItemName>משקה בטעם מוקה בקבוק 350 יטבתה</ItemName>
      <ManufactureName>שטראוס גרופ בעמ/מצונן</ManufactureName>
      <ManufactureCountry />
      <ManufactureItemDescription />
      <UnitQty>יח`</UnitQty>
      <Quantity>350</Quantity>
      <UnitMeasure>מ"ל</UnitMeasure>
      <BisWeighted>0</BisWeighted>
      <QtyInPackage>1</QtyInPackage>
      <ItemPrice>6.30</ItemPrice>
      <UnitOfMeasurePrice>1.80</UnitOfMeasurePrice>
      <AllowDiscount>0</AllowDiscount>
      <itemStatus>1</itemStatus>
      <LastUpdateDate />
      <LastUpdateTime />
    </Product>
    <Product>
      <PriceUpdateDate>2019/09/25 09:07</PriceUpdateDate>
      <ItemCode>7290112341556</ItemCode>
      <ItemType>1</ItemType>
      <ItemName>אקטיביה עם צ`יה ותות 150 גר`</ItemName>
      <ManufactureName>שטראוס גרופ בעמ/מצונן</ManufactureName>
      <ManufactureCountry />
      <ManufactureItemDescription />
      <UnitQty>יח`</UnitQty>
      <Quantity>150</Quantity>
      <UnitMeasure>מ"ל</UnitMeasure>
      <BisWeighted>0</BisWeighted>
      <QtyInPackage>1</QtyInPackage>
      <ItemPrice>4.50</ItemPrice>
      <UnitOfMeasurePrice>3</UnitOfMeasurePrice>
      <AllowDiscount>0</AllowDiscount>
      <itemStatus>1</itemStatus>
      <LastUpdateDate />
      <LastUpdateTime />
    </Product>
    <Product>
      <PriceUpdateDate>2019/11/21 15:32</PriceUpdateDate>
      <ItemCode>7290112341570</ItemCode>
      <ItemType>1</ItemType>
      <ItemName>מיקס פז בטעמים 400 גר` עלית</ItemName>
      <ManufactureName>שטראוס גרופ בעמ</ManufactureName>
      <ManufactureCountry />
      <ManufactureItemDescription />
      <UnitQty>יח`</UnitQty>
      <Quantity>400</Quantity>
      <UnitMeasure>גרם</UnitMeasure>
      <BisWeighted>0</BisWeighted>
      <QtyInPackage>1</QtyInPackage>
      <ItemPrice>23.90</ItemPrice>
      <UnitOfMeasurePrice>5.98</UnitOfMeasurePrice>
      <AllowDiscount>0</AllowDiscount>
      <itemStatus>1</itemStatus>
      <LastUpdateDate />
      <LastUpdateTime />
    </Product>
    <Product>
      <PriceUpdateDate>2019/10/15 08:20</PriceUpdateDate>
      <ItemCode>7290112341594</ItemCode>
      <ItemType>1</ItemType>
      <ItemName>שוקולד ספלנדיד רובי חלק 90  גר`עלית</ItemName>
      <ManufactureName>שטראוס גרופ בעמ</ManufactureName>
      <ManufactureCountry />
      <ManufactureItemDescription />
      <UnitQty>יח`</UnitQty>
      <Quantity>90</Quantity>
      <UnitMeasure>גרם</UnitMeasure>
      <BisWeighted>0</BisWeighted>
      <QtyInPackage>1</QtyInPackage>
      <ItemPrice>14.90</ItemPrice>
      <UnitOfMeasurePrice>16.56</UnitOfMeasurePrice>
      <AllowDiscount>0</AllowDiscount>
      <itemStatus>1</itemStatus>
      <LastUpdateDate />
      <LastUpdateTime />
    </Product>
    <Product>
      <PriceUpdateDate>2019/10/15 08:20</PriceUpdateDate>
      <ItemCode>7290112341617</ItemCode>
      <ItemType>1</ItemType>
      <ItemName>שוקולד ספלנדידרובי עם שברי פולי קקאו 90</ItemName>
      <ManufactureName>שטראוס גרופ בעמ</ManufactureName>
      <ManufactureCountry />
      <ManufactureItemDescription />
      <UnitQty>יח`</UnitQty>
      <Quantity>90</Quantity>
      <UnitMeasure>גרם</UnitMeasure>
      <BisWeighted>0</BisWeighted>
      <QtyInPackage>1</QtyInPackage>
      <ItemPrice>14.90</ItemPrice>
      <UnitOfMeasurePrice>16.56</UnitOfMeasurePrice>
      <AllowDiscount>0</AllowDiscount>
      <itemStatus>1</itemStatus>
      <LastUpdateDate />
      <LastUpdateTime />
    </Product>
    <Product>
      <PriceUpdateDate>2019/08/08 08:26</PriceUpdateDate>
      <ItemCode>7290112341631</ItemCode>
      <ItemType>1</ItemType>
      <ItemName>ספלנדיד שוקולד מרירפרו 64%</ItemName>
      <ManufactureName>שטראוס גרופ בעמ</ManufactureName>
      <ManufactureCountry />
      <ManufactureItemDescription />
      <UnitQty>יח`</UnitQty>
      <Quantity>90</Quantity>
      <UnitMeasure>גרם</UnitMeasure>
      <BisWeighted>0</BisWeighted>
      <QtyInPackage>1</QtyInPackage>
      <ItemPrice>10.90</ItemPrice>
      <UnitOfMeasurePrice>12.11</UnitOfMeasurePrice>
      <AllowDiscount>0</AllowDiscount>
      <itemStatus>1</itemStatus>
      <LastUpdateDate />
      <LastUpdateTime />
    </Product>
    <Product>
      <PriceUpdateDate>2019/09/25 09:07</PriceUpdateDate>
      <ItemCode>7290112341679</ItemCode>
      <ItemType>1</ItemType>
      <ItemName>אקטיביה יוגורט 3% דנונה (200 גרם)</ItemName>
      <ManufactureName>שטראוס גרופ בעמ/מצונן</ManufactureName>
      <ManufactureCountry />
      <ManufactureItemDescription />
      <UnitQty>יח`</UnitQty>
      <Quantity>200</Quantity>
      <UnitMeasure>גרם</UnitMeasure>
      <BisWeighted>0</BisWeighted>
      <QtyInPackage>1</QtyInPackage>
      <ItemPrice>3.70</ItemPrice>
      <UnitOfMeasurePrice>1.85</UnitOfMeasurePrice>
      <AllowDiscount>0</AllowDiscount>
      <itemStatus>1</itemStatus>
      <LastUpdateDate />
      <LastUpdateTime />
    </Product>
    <Product>
      <PriceUpdateDate>2019/09/25 09:07</PriceUpdateDate>
      <ItemCode>7290112341686</ItemCode>
      <ItemType>1</ItemType>
      <ItemName>אקטיביה יוגורט 3% דנונה (150x8 גרם)</ItemName>
      <ManufactureName>שטראוס גרופ בעמ/מצונן</ManufactureName>
      <ManufactureCountry />
      <ManufactureItemDescription />
      <UnitQty>יח`</UnitQty>
      <Quantity>1.20</Quantity>
      <UnitMeasure>גרם</UnitMeasure>
      <BisWeighted>0</BisWeighted>
      <QtyInPackage>1</QtyInPackage>
      <ItemPrice>19.90</ItemPrice>
      <UnitOfMeasurePrice>1658.33</UnitOfMeasurePrice>
      <AllowDiscount>0</AllowDiscount>
      <itemStatus>1</itemStatus>
      <LastUpdateDate />
      <LastUpdateTime />
    </Product>
    <Product>
      <PriceUpdateDate>2019/07/11 15:14</PriceUpdateDate>
      <ItemCode>7290112341723</ItemCode>
      <ItemType>1</ItemType>
      <ItemName>משקה only תות בננה 210 מל</ItemName>
      <ManufactureName>שטראוס גרופ בעמ/מצונן</ManufactureName>
      <ManufactureCountry />
      <ManufactureItemDescription />
      <UnitQty>יח`</UnitQty>
      <Quantity>210</Quantity>
      <UnitMeasure>מ"ל</UnitMeasure>
      <BisWeighted>0</BisWeighted>
      <QtyInPackage>1</QtyInPackage>
      <ItemPrice>6.90</ItemPrice>
      <UnitOfMeasurePrice>3.29</UnitOfMeasurePrice>
      <AllowDiscount>1</AllowDiscount>
      <itemStatus>1</itemStatus>
      <LastUpdateDate />
      <LastUpdateTime />
    </Product>
    <Product>
      <PriceUpdateDate>2019/08/08 08:26</PriceUpdateDate>
      <ItemCode>7290112341754</ItemCode>
      <ItemType>1</ItemType>
      <ItemName>מארז שלישיית אגוז חלב (3X100 ) עלית</ItemName>
      <ManufactureName>שטראוס גרופ בעמ</ManufactureName>
      <ManufactureCountry />
      <ManufactureItemDescription />
      <UnitQty>יח`</UnitQty>
      <Quantity>300</Quantity>
      <UnitMeasure>גרם</UnitMeasure>
      <BisWeighted>0</BisWeighted>
      <QtyInPackage>1</QtyInPackage>
      <ItemPrice>24.90</ItemPrice>
      <UnitOfMeasurePrice>8.30</UnitOfMeasurePrice>
      <AllowDiscount>0</AllowDiscount>
      <itemStatus>1</itemStatus>
      <LastUpdateDate />
      <LastUpdateTime />
    </Product>
    <Product>
      <PriceUpdateDate>2019/11/20 08:49</PriceUpdateDate>
      <ItemCode>7290112341761</ItemCode>
      <ItemType>1</ItemType>
      <ItemName>טבלה לאפייה שוקולד מריר 64% ( 200 גר`) ע</ItemName>
      <ManufactureName>שטראוס גרופ בעמ</ManufactureName>
      <ManufactureCountry />
      <ManufactureItemDescription />
      <UnitQty>יח`</UnitQty>
      <Quantity>200</Quantity>
      <UnitMeasure>גרם</UnitMeasure>
      <BisWeighted>0</BisWeighted>
      <QtyInPackage>1</QtyInPackage>
      <ItemPrice>14.90</ItemPrice>
      <UnitOfMeasurePrice>7.45</UnitOfMeasurePrice>
      <AllowDiscount>1</AllowDiscount>
      <itemStatus>1</itemStatus>
      <LastUpdateDate />
      <LastUpdateTime />
    </Product>
    <Product>
      <PriceUpdateDate>2019/11/20 08:49</PriceUpdateDate>
      <ItemCode>7290112341921</ItemCode>
      <ItemType>1</ItemType>
      <ItemName>צנצנת מאסט קוביות בטעם קולה 58 גר` עלית</ItemName>
      <ManufactureName>שטראוס גרופ בעמ</ManufactureName>
      <ManufactureCountry />
      <ManufactureItemDescription />
      <UnitQty>יח`</UnitQty>
      <Quantity>58</Quantity>
      <UnitMeasure>גרם</UnitMeasure>
      <BisWeighted>0</BisWeighted>
      <QtyInPackage>1</QtyInPackage>
      <ItemPrice>9.90</ItemPrice>
      <UnitOfMeasurePrice>17.07</UnitOfMeasurePrice>
      <AllowDiscount>1</AllowDiscount>
      <itemStatus>1</itemStatus>
      <LastUpdateDate />
      <LastUpdateTime />
    </Product>
    <Product>
      <PriceUpdateDate>2020/01/09 15:52</PriceUpdateDate>
      <ItemCode>7290112342102</ItemCode>
      <ItemType>1</ItemType>
      <ItemName>סימפוניה בצל מקורמל 5% שטראוס</ItemName>
      <ManufactureName>שטראוס גרופ בעמ/מצונן</ManufactureName>
      <ManufactureCountry />
      <ManufactureItemDescription />
      <UnitQty>יח`</UnitQty>
      <Quantity>200</Quantity>
      <UnitMeasure>גרם</UnitMeasure>
      <BisWeighted>0</BisWeighted>
      <QtyInPackage>1</QtyInPackage>
      <ItemPrice>11.40</ItemPrice>
      <UnitOfMeasurePrice>5.70</UnitOfMeasurePrice>
      <AllowDiscount>0</AllowDiscount>
      <itemStatus>1</itemStatus>
      <LastUpdateDate />
      <LastUpdateTime />
    </Product>
    <Product>
      <PriceUpdateDate>2019/11/10 12:01</PriceUpdateDate>
      <ItemCode>7290112342270</ItemCode>
      <ItemType>1</ItemType>
      <ItemName>קפה אינטנס 10% פלטינום</ItemName>
      <ManufactureName>שטראוס גרופ בעמ</ManufactureName>
      <ManufactureCountry />
      <ManufactureItemDescription />
      <UnitQty>יח`</UnitQty>
      <Quantity>125</Quantity>
      <UnitMeasure>גרם</UnitMeasure>
      <BisWeighted>0</BisWeighted>
      <QtyInPackage>1</QtyInPackage>
      <ItemPrice>19.90</ItemPrice>
      <UnitOfMeasurePrice>15.92</UnitOfMeasurePrice>
      <AllowDiscount>0</AllowDiscount>
      <itemStatus>1</itemStatus>
      <LastUpdateDate />
      <LastUpdateTime />
    </Product>
    <Product>
      <PriceUpdateDate>2019/08/08 08:26</PriceUpdateDate>
      <ItemCode>7290112342348</ItemCode>
      <ItemType>1</ItemType>
      <ItemName>כיף כף נשנושים עלית (130  גרם)* *</ItemName>
      <ManufactureName>שטראוס גרופ בעמ</ManufactureName>
      <ManufactureCountry />
      <ManufactureItemDescription />
      <UnitQty>יח`</UnitQty>
      <Quantity>130</Quantity>
      <UnitMeasure>גרם</UnitMeasure>
      <BisWeighted>0</BisWeighted>
      <QtyInPackage>1</QtyInPackage>
      <ItemPrice>11.90</ItemPrice>
      <UnitOfMeasurePrice>9.15</UnitOfMeasurePrice>
      <AllowDiscount>0</AllowDiscount>
      <itemStatus>1</itemStatus>
      <LastUpdateDate />
      <LastUpdateTime />
    </Product>
    <Product>
      <PriceUpdateDate>2019/12/22 11:05</PriceUpdateDate>
      <ItemCode>7290112342393</ItemCode>
      <ItemType>1</ItemType>
      <ItemName>מסטיק מון מנטה תפוח 60 גר` מאסט</ItemName>
      <ManufactureName>שטראוס גרופ בעמ</ManufactureName>
      <ManufactureCountry />
      <ManufactureItemDescription />
      <UnitQty>יח`</UnitQty>
      <Quantity>60</Quantity>
      <UnitMeasure>גרם</UnitMeasure>
      <BisWeighted>0</BisWeighted>
      <QtyInPackage>1</QtyInPackage>
      <ItemPrice>9.90</ItemPrice>
      <UnitOfMeasurePrice>16.50</UnitOfMeasurePrice>
      <AllowDiscount>1</AllowDiscount>
      <itemStatus>1</itemStatus>
      <LastUpdateDate />
      <LastUpdateTime />
    </Product>
    <Product>
      <PriceUpdateDate>2020/02/16 07:15</PriceUpdateDate>
      <ItemCode>7290112342546</ItemCode>
      <ItemType>1</ItemType>
      <ItemName>שקית ריפיל פלטינום 100  גר`עלית</ItemName>
      <ManufactureName>שטראוס גרופ בעמ</ManufactureName>
      <ManufactureCountry />
      <ManufactureItemDescription />
      <UnitQty>יח`</UnitQty>
      <Quantity>100</Quantity>
      <UnitMeasure>גרם</UnitMeasure>
      <BisWeighted>0</BisWeighted>
      <QtyInPackage>1</QtyInPackage>
      <ItemPrice>11.90</ItemPrice>
      <UnitOfMeasurePrice>11.90</UnitOfMeasurePrice>
      <AllowDiscount>0</AllowDiscount>
      <itemStatus>1</itemStatus>
      <LastUpdateDate />
      <LastUpdateTime />
    </Product>
    <Product>
      <PriceUpdateDate>2019/09/25 09:07</PriceUpdateDate>
      <ItemCode>7290112342621</ItemCode>
      <ItemType>1</ItemType>
      <ItemName>שוקו בקבוק 350  גר`יטבתה</ItemName>
      <ManufactureName>שטראוס גרופ בעמ/מצונן</ManufactureName>
      <ManufactureCountry />
      <ManufactureItemDescription />
      <UnitQty>יח`</UnitQty>
      <Quantity>350</Quantity>
      <UnitMeasure>מ"ל</UnitMeasure>
      <BisWeighted>0</BisWeighted>
      <QtyInPackage>1</QtyInPackage>
      <ItemPrice>6.50</ItemPrice>
      <UnitOfMeasurePrice>1.86</UnitOfMeasurePrice>
      <AllowDiscount>0</AllowDiscount>
      <itemStatus>1</itemStatus>
      <LastUpdateDate />
      <LastUpdateTime />
    </Product>
    <Product>
      <PriceUpdateDate>2019/12/18 13:17</PriceUpdateDate>
      <ItemCode>7290112343260</ItemCode>
      <ItemType>1</ItemType>
      <ItemName>רוטב שמנת קלאסי 260  גר`יטבתה</ItemName>
      <ManufactureName>שטראוס גרופ בעמ/מצונן</ManufactureName>
      <ManufactureCountry />
      <ManufactureItemDescription />
      <UnitQty>יח`</UnitQty>
      <Quantity>260</Quantity>
      <UnitMeasure>מ"ל</UnitMeasure>
      <BisWeighted>0</BisWeighted>
      <QtyInPackage>1</QtyInPackage>
      <ItemPrice>9.90</ItemPrice>
      <UnitOfMeasurePrice>3.81</UnitOfMeasurePrice>
      <AllowDiscount>0</AllowDiscount>
      <itemStatus>1</itemStatus>
      <LastUpdateDate />
      <LastUpdateTime />
    </Product>
    <Product>
      <PriceUpdateDate>2019/12/22 11:05</PriceUpdateDate>
      <ItemCode>7290112343307</ItemCode>
      <ItemType>1</ItemType>
      <ItemName>מיני עוגת שוקולד עשירה 240 גר` עלית</ItemName>
      <ManufactureName>שטראוס גרופ בעמ</ManufactureName>
      <ManufactureCountry />
      <ManufactureItemDescription />
      <UnitQty>יח`</UnitQty>
      <Quantity>240</Quantity>
      <UnitMeasure>גרם</UnitMeasure>
      <BisWeighted>0</BisWeighted>
      <QtyInPackage>1</QtyInPackage>
      <ItemPrice>17.90</ItemPrice>
      <UnitOfMeasurePrice>7.46</UnitOfMeasurePrice>
      <AllowDiscount>0</AllowDiscount>
      <itemStatus>1</itemStatus>
      <LastUpdateDate />
      <LastUpdateTime />
    </Product>
    <Product>
      <PriceUpdateDate>2019/12/18 13:17</PriceUpdateDate>
      <ItemCode>7290112343420</ItemCode>
      <ItemType>1</ItemType>
      <ItemName>יטבתה פרו ארוחת בוקר 350 מל</ItemName>
      <ManufactureName>שטראוס גרופ בעמ/מצונן</ManufactureName>
      <ManufactureCountry />
      <ManufactureItemDescription />
      <UnitQty>יח`</UnitQty>
      <Quantity>350</Quantity>
      <UnitMeasure>מ"ל</UnitMeasure>
      <BisWeighted>0</BisWeighted>
      <QtyInPackage>1</QtyInPackage>
      <ItemPrice>6.90</ItemPrice>
      <UnitOfMeasurePrice>1.97</UnitOfMeasurePrice>
      <AllowDiscount>0</AllowDiscount>
      <itemStatus>1</itemStatus>
      <LastUpdateDate />
      <LastUpdateTime />
    </Product>
    <Product>
      <PriceUpdateDate>2019/10/02 13:09</PriceUpdateDate>
      <ItemCode>7290112344564</ItemCode>
      <ItemType>1</ItemType>
      <ItemName>רביולי גבינה 400 גר` kids שטראוס</ItemName>
      <ManufactureName>שטראוס גרופ בעמ/מצונן</ManufactureName>
      <ManufactureCountry />
      <ManufactureItemDescription />
      <UnitQty>יח`</UnitQty>
      <Quantity>400</Quantity>
      <UnitMeasure>גרם</UnitMeasure>
      <BisWeighted>0</BisWeighted>
      <QtyInPackage>1</QtyInPackage>
      <ItemPrice>20.90</ItemPrice>
      <UnitOfMeasurePrice>5.23</UnitOfMeasurePrice>
      <AllowDiscount>1</AllowDiscount>
      <itemStatus>1</itemStatus>
      <LastUpdateDate />
      <LastUpdateTime />
    </Product>
    <Product>
      <PriceUpdateDate>2020/02/14 06:23</PriceUpdateDate>
      <ItemCode>7290112344694</ItemCode>
      <ItemType>1</ItemType>
      <ItemName>מילקי קרם אגוזים 133 גרם שטראוס</ItemName>
      <ManufactureName>שטראוס גרופ בעמ/מצונן</ManufactureName>
      <ManufactureCountry />
      <ManufactureItemDescription />
      <UnitQty>יח`</UnitQty>
      <Quantity>133</Quantity>
      <UnitMeasure>מ"ל</UnitMeasure>
      <BisWeighted>0</BisWeighted>
      <QtyInPackage>1</QtyInPackage>
      <ItemPrice>2.70</ItemPrice>
      <UnitOfMeasurePrice>2.03</UnitOfMeasurePrice>
      <AllowDiscount>0</AllowDiscount>
      <itemStatus>1</itemStatus>
      <LastUpdateDate />
      <LastUpdateTime />
    </Product>
    <Product>
      <PriceUpdateDate>2020/02/14 06:23</PriceUpdateDate>
      <ItemCode>7290112344700</ItemCode>
      <ItemType>1</ItemType>
      <ItemName>מילקי קרם קרמל 133 גרם שטראוס</ItemName>
      <ManufactureName>שטראוס גרופ בעמ/מצונן</ManufactureName>
      <ManufactureCountry />
      <ManufactureItemDescription />
      <UnitQty>יח`</UnitQty>
      <Quantity>133</Quantity>
      <UnitMeasure>מ"ל</UnitMeasure>
      <BisWeighted>0</BisWeighted>
      <QtyInPackage>1</QtyInPackage>
      <ItemPrice>2.70</ItemPrice>
      <UnitOfMeasurePrice>2.03</UnitOfMeasurePrice>
      <AllowDiscount>0</AllowDiscount>
      <itemStatus>1</itemStatus>
      <LastUpdateDate />
      <LastUpdateTime />
    </Product>
    <Product>
      <PriceUpdateDate>2019/12/18 13:17</PriceUpdateDate>
      <ItemCode>7290112344724</ItemCode>
      <ItemType>1</ItemType>
      <ItemName>מעדן מוס שוקולד בלונדי 133  גר`מילקי</ItemName>
      <ManufactureName>שטראוס גרופ בעמ/מצונן</ManufactureName>
      <ManufactureCountry />
      <ManufactureItemDescription />
      <UnitQty>יח`</UnitQty>
      <Quantity>133</Quantity>
      <UnitMeasure>גרם</UnitMeasure>
      <BisWeighted>0</BisWeighted>
      <QtyInPackage>1</QtyInPackage>
      <ItemPrice>3.30</ItemPrice>
      <UnitOfMeasurePrice>2.48</UnitOfMeasurePrice>
      <AllowDiscount>0</AllowDiscount>
      <itemStatus>1</itemStatus>
      <LastUpdateDate />
      <LastUpdateTime />
    </Product>
    <Product>
      <PriceUpdateDate>2020/04/20 06:44</PriceUpdateDate>
      <ItemCode>7290112344779</ItemCode>
      <ItemType>1</ItemType>
      <ItemName>מילקי מתוק מלוח טופ בייגלה</ItemName>
      <ManufactureName>שטראוס גרופ בעמ/מצונן</ManufactureName>
      <ManufactureCountry />
      <ManufactureItemDescription />
      <UnitQty>יח`</UnitQty>
      <Quantity>139</Quantity>
      <UnitMeasure>מ"ל</UnitMeasure>
      <BisWeighted>0</BisWeighted>
      <QtyInPackage>1</QtyInPackage>
      <ItemPrice>4.60</ItemPrice>
      <UnitOfMeasurePrice>3.31</UnitOfMeasurePrice>
      <AllowDiscount>0</AllowDiscount>
      <itemStatus>1</itemStatus>
      <LastUpdateDate />
      <LastUpdateTime />
    </Product>
    <Product>
      <PriceUpdateDate>2020/04/08 06:47</PriceUpdateDate>
      <ItemCode>7290112344786</ItemCode>
      <ItemType>1</ItemType>
      <ItemName>קפה PLATINUM קלאסי 200 גר</ItemName>
      <ManufactureName>שטראוס גרופ בעמ</ManufactureName>
      <ManufactureCountry />
      <ManufactureItemDescription />
      <UnitQty>יח`</UnitQty>
      <Quantity>200</Quantity>
      <UnitMeasure>גרם</UnitMeasure>
      <BisWeighted>0</BisWeighted>
      <QtyInPackage>1</QtyInPackage>
      <ItemPrice>21.90</ItemPrice>
      <UnitOfMeasurePrice>10.95</UnitOfMeasurePrice>
      <AllowDiscount>0</AllowDiscount>
      <itemStatus>1</itemStatus>
      <LastUpdateDate />
      <LastUpdateTime />
    </Product>
    <Product>
      <PriceUpdateDate>2019/12/22 11:05</PriceUpdateDate>
      <ItemCode>7290112344793</ItemCode>
      <ItemType>1</ItemType>
      <ItemName>ספלנדיד מריר אגוזי לוז וחמוציות 105 גר`</ItemName>
      <ManufactureName>שטראוס גרופ בעמ</ManufactureName>
      <ManufactureCountry />
      <ManufactureItemDescription />
      <UnitQty>יח`</UnitQty>
      <Quantity>105</Quantity>
      <UnitMeasure>גרם</UnitMeasure>
      <BisWeighted>0</BisWeighted>
      <QtyInPackage>1</QtyInPackage>
      <ItemPrice>13.90</ItemPrice>
      <UnitOfMeasurePrice>13.24</UnitOfMeasurePrice>
      <AllowDiscount>1</AllowDiscount>
      <itemStatus>1</itemStatus>
      <LastUpdateDate />
      <LastUpdateTime />
    </Product>
    <Product>
      <PriceUpdateDate>2020/04/20 06:44</PriceUpdateDate>
      <ItemCode>7290112344816</ItemCode>
      <ItemType>1</ItemType>
      <ItemName>מילקי מתוק מלוח קצפת אגוזים טופ</ItemName>
      <ManufactureName>שטראוס גרופ בעמ/מצונן</ManufactureName>
      <ManufactureCountry />
      <ManufactureItemDescription />
      <UnitQty>יח`</UnitQty>
      <Quantity>130</Quantity>
      <UnitMeasure>מ"ל</UnitMeasure>
      <BisWeighted>0</BisWeighted>
      <QtyInPackage>1</QtyInPackage>
      <ItemPrice>4.60</ItemPrice>
      <UnitOfMeasurePrice>3.54</UnitOfMeasurePrice>
      <AllowDiscount>0</AllowDiscount>
      <itemStatus>1</itemStatus>
      <LastUpdateDate />
      <LastUpdateTime />
    </Product>
    <Product>
      <PriceUpdateDate>2020/04/20 06:44</PriceUpdateDate>
      <ItemCode>7290112344946</ItemCode>
      <ItemType>1</ItemType>
      <ItemName>סימפוניה שמן זית וזעתר 200 גר`</ItemName>
      <ManufactureName>שטראוס גרופ בעמ/מצונן</ManufactureName>
      <ManufactureCountry />
      <ManufactureItemDescription />
      <UnitQty>יח`</UnitQty>
      <Quantity>200</Quantity>
      <UnitMeasure>גרם</UnitMeasure>
      <BisWeighted>0</BisWeighted>
      <QtyInPackage>1</QtyInPackage>
      <ItemPrice>11.40</ItemPrice>
      <UnitOfMeasurePrice>5.70</UnitOfMeasurePrice>
      <AllowDiscount>0</AllowDiscount>
      <itemStatus>1</itemStatus>
      <LastUpdateDate />
      <LastUpdateTime />
    </Product>
    <Product>
      <PriceUpdateDate>2019/11/14 10:47</PriceUpdateDate>
      <ItemCode>7290112344991</ItemCode>
      <ItemType>1</ItemType>
      <ItemName>דנונה לייט אנד פריי בטעם תות 150 גר`</ItemName>
      <ManufactureName>שטראוס גרופ בעמ/מצונן</ManufactureName>
      <ManufactureCountry />
      <ManufactureItemDescription />
      <UnitQty>יח`</UnitQty>
      <Quantity>150</Quantity>
      <UnitMeasure>מ"ל</UnitMeasure>
      <BisWeighted>0</BisWeighted>
      <QtyInPackage>1</QtyInPackage>
      <ItemPrice>4.30</ItemPrice>
      <UnitOfMeasurePrice>2.87</UnitOfMeasurePrice>
      <AllowDiscount>0</AllowDiscount>
      <itemStatus>1</itemStatus>
      <LastUpdateDate />
      <LastUpdateTime />
    </Product>
    <Product>
      <PriceUpdateDate>2019/08/11 11:56</PriceUpdateDate>
      <ItemCode>7290112345264</ItemCode>
      <ItemType>1</ItemType>
      <ItemName>מעדן חלב עם שוקולד מעושר בחלבון שטראוס</ItemName>
      <ManufactureName>שטראוס גרופ בעמ/מצונן</ManufactureName>
      <ManufactureCountry />
      <ManufactureItemDescription />
      <UnitQty>יח`</UnitQty>
      <Quantity>130</Quantity>
      <UnitMeasure>גרם</UnitMeasure>
      <BisWeighted>0</BisWeighted>
      <QtyInPackage>1</QtyInPackage>
      <ItemPrice>4.90</ItemPrice>
      <UnitOfMeasurePrice>3.77</UnitOfMeasurePrice>
      <AllowDiscount>0</AllowDiscount>
      <itemStatus>1</itemStatus>
      <LastUpdateDate />
      <LastUpdateTime />
    </Product>
    <Product>
      <PriceUpdateDate>2019/10/15 08:20</PriceUpdateDate>
      <ItemCode>7290112345332</ItemCode>
      <ItemType>1</ItemType>
      <ItemName>עוגת שמרים קראנץ 350 גר` שוקולד עלית</ItemName>
      <ManufactureName>שטראוס גרופ בעמ</ManufactureName>
      <ManufactureCountry />
      <ManufactureItemDescription />
      <UnitQty>יח`</UnitQty>
      <Quantity>350</Quantity>
      <UnitMeasure>גרם</UnitMeasure>
      <BisWeighted>0</BisWeighted>
      <QtyInPackage>1</QtyInPackage>
      <ItemPrice>17.90</ItemPrice>
      <UnitOfMeasurePrice>5.11</UnitOfMeasurePrice>
      <AllowDiscount>0</AllowDiscount>
      <itemStatus>1</itemStatus>
      <LastUpdateDate />
      <LastUpdateTime />
    </Product>
    <Product>
      <PriceUpdateDate>2019/10/15 08:20</PriceUpdateDate>
      <ItemCode>7290112345349</ItemCode>
      <ItemType>1</ItemType>
      <ItemName>עוגת שמרים קראנץ 350 גר` פסק זמן עלית</ItemName>
      <ManufactureName>שטראוס גרופ בעמ</ManufactureName>
      <ManufactureCountry />
      <ManufactureItemDescription />
      <UnitQty>יח`</UnitQty>
      <Quantity>350</Quantity>
      <UnitMeasure>גרם</UnitMeasure>
      <BisWeighted>0</BisWeighted>
      <QtyInPackage>1</QtyInPackage>
      <ItemPrice>17.90</ItemPrice>
      <UnitOfMeasurePrice>5.11</UnitOfMeasurePrice>
      <AllowDiscount>0</AllowDiscount>
      <itemStatus>1</itemStatus>
      <LastUpdateDate />
      <LastUpdateTime />
    </Product>
    <Product>
      <PriceUpdateDate>2019/12/22 11:05</PriceUpdateDate>
      <ItemCode>7290112346193</ItemCode>
      <ItemType>1</ItemType>
      <ItemName>מאגדת אגוזי לוז בוטנים קינואה וצי`לי</ItemName>
      <ManufactureName>שטראוס גרופ בעמ</ManufactureName>
      <ManufactureCountry />
      <ManufactureItemDescription />
      <UnitQty>יח`</UnitQty>
      <Quantity>112</Quantity>
      <UnitMeasure>גרם</UnitMeasure>
      <BisWeighted>0</BisWeighted>
      <QtyInPackage>1</QtyInPackage>
      <ItemPrice>17.90</ItemPrice>
      <UnitOfMeasurePrice>15.98</UnitOfMeasurePrice>
      <AllowDiscount>1</AllowDiscount>
      <itemStatus>1</itemStatus>
      <LastUpdateDate />
      <LastUpdateTime />
    </Product>
    <Product>
      <PriceUpdateDate>2019/12/22 11:05</PriceUpdateDate>
      <ItemCode>7290112346209</ItemCode>
      <ItemType>1</ItemType>
      <ItemName>מאגדת אגוזי לוז שקדים בוטנים קוקוס מייפל</ItemName>
      <ManufactureName>שטראוס גרופ בעמ</ManufactureName>
      <ManufactureCountry />
      <ManufactureItemDescription />
      <UnitQty>יח`</UnitQty>
      <Quantity>112</Quantity>
      <UnitMeasure>גרם</UnitMeasure>
      <BisWeighted>0</BisWeighted>
      <QtyInPackage>1</QtyInPackage>
      <ItemPrice>17.90</ItemPrice>
      <UnitOfMeasurePrice>15.98</UnitOfMeasurePrice>
      <AllowDiscount>1</AllowDiscount>
      <itemStatus>1</itemStatus>
      <LastUpdateDate />
      <LastUpdateTime />
    </Product>
    <Product>
      <PriceUpdateDate>2020/01/26 13:01</PriceUpdateDate>
      <ItemCode>7290112346360</ItemCode>
      <ItemType>1</ItemType>
      <ItemName>בפלות אחת אחת בציפוי שוקלוד חלב עלית</ItemName>
      <ManufactureName>שטראוס גרופ בעמ</ManufactureName>
      <ManufactureCountry />
      <ManufactureItemDescription />
      <UnitQty>יח`</UnitQty>
      <Quantity>180</Quantity>
      <UnitMeasure>גרם</UnitMeasure>
      <BisWeighted>0</BisWeighted>
      <QtyInPackage>1</QtyInPackage>
      <ItemPrice>13.90</ItemPrice>
      <UnitOfMeasurePrice>7.72</UnitOfMeasurePrice>
      <AllowDiscount>0</AllowDiscount>
      <itemStatus>1</itemStatus>
      <LastUpdateDate />
      <LastUpdateTime />
    </Product>
    <Product>
      <PriceUpdateDate>2019/11/13 15:46</PriceUpdateDate>
      <ItemCode>7290112346506</ItemCode>
      <ItemType>1</ItemType>
      <ItemName>דנונה לייט אנד פריי בטעם אפרסק 150 גר`</ItemName>
      <ManufactureName>שטראוס גרופ בעמ/מצונן</ManufactureName>
      <ManufactureCountry />
      <ManufactureItemDescription />
      <UnitQty>יח`</UnitQty>
      <Quantity>150</Quantity>
      <UnitMeasure>מ"ל</UnitMeasure>
      <BisWeighted>0</BisWeighted>
      <QtyInPackage>1</QtyInPackage>
      <ItemPrice>4.30</ItemPrice>
      <UnitOfMeasurePrice>2.87</UnitOfMeasurePrice>
      <AllowDiscount>0</AllowDiscount>
      <itemStatus>1</itemStatus>
      <LastUpdateDate />
      <LastUpdateTime />
    </Product>
    <Product>
      <PriceUpdateDate>2019/12/22 11:05</PriceUpdateDate>
      <ItemCode>7290112346537</ItemCode>
      <ItemType>1</ItemType>
      <ItemName>פינוקיות בטעם טורטית 200 גר` עלית</ItemName>
      <ManufactureName>שטראוס גרופ בעמ</ManufactureName>
      <ManufactureCountry />
      <ManufactureItemDescription />
      <UnitQty>יח`</UnitQty>
      <Quantity>200</Quantity>
      <UnitMeasure>גרם</UnitMeasure>
      <BisWeighted>0</BisWeighted>
      <QtyInPackage>1</QtyInPackage>
      <ItemPrice>10.90</ItemPrice>
      <UnitOfMeasurePrice>5.45</UnitOfMeasurePrice>
      <AllowDiscount>1</AllowDiscount>
      <itemStatus>1</itemStatus>
      <LastUpdateDate />
      <LastUpdateTime />
    </Product>
    <Product>
      <PriceUpdateDate>2019/11/13 15:46</PriceUpdateDate>
      <ItemCode>7290112346575</ItemCode>
      <ItemType>1</ItemType>
      <ItemName>אקטיביה עם שכבת תות 150 גר`</ItemName>
      <ManufactureName>שטראוס גרופ בעמ/מצונן</ManufactureName>
      <ManufactureCountry />
      <ManufactureItemDescription />
      <UnitQty>יח`</UnitQty>
      <Quantity>150</Quantity>
      <UnitMeasure>מ"ל</UnitMeasure>
      <BisWeighted>0</BisWeighted>
      <QtyInPackage>1</QtyInPackage>
      <ItemPrice>4.50</ItemPrice>
      <UnitOfMeasurePrice>3</UnitOfMeasurePrice>
      <AllowDiscount>0</AllowDiscount>
      <itemStatus>1</itemStatus>
      <LastUpdateDate />
      <LastUpdateTime />
    </Product>
    <Product>
      <PriceUpdateDate>2019/11/13 15:46</PriceUpdateDate>
      <ItemCode>7290112346582</ItemCode>
      <ItemType>1</ItemType>
      <ItemName>אקטיביה עם שכבת אפרסק 150 גר`</ItemName>
      <ManufactureName>שטראוס גרופ בעמ/מצונן</ManufactureName>
      <ManufactureCountry />
      <ManufactureItemDescription />
      <UnitQty>יח`</UnitQty>
      <Quantity>150</Quantity>
      <UnitMeasure>מ"ל</UnitMeasure>
      <BisWeighted>0</BisWeighted>
      <QtyInPackage>1</QtyInPackage>
      <ItemPrice>4.50</ItemPrice>
      <UnitOfMeasurePrice>3</UnitOfMeasurePrice>
      <AllowDiscount>0</AllowDiscount>
      <itemStatus>1</itemStatus>
      <LastUpdateDate />
      <LastUpdateTime />
    </Product>
    <Product>
      <PriceUpdateDate>2019/12/18 13:17</PriceUpdateDate>
      <ItemCode>7290112346612</ItemCode>
      <ItemType>1</ItemType>
      <ItemName>דנונה בר עם תוספת שוקולד צבעוני</ItemName>
      <ManufactureName>שטראוס גרופ בעמ/מצונן</ManufactureName>
      <ManufactureCountry />
      <ManufactureItemDescription />
      <UnitQty>יח`</UnitQty>
      <Quantity>173</Quantity>
      <UnitMeasure>מ"ל</UnitMeasure>
      <BisWeighted>0</BisWeighted>
      <QtyInPackage>1</QtyInPackage>
      <ItemPrice>4.40</ItemPrice>
      <UnitOfMeasurePrice>2.54</UnitOfMeasurePrice>
      <AllowDiscount>0</AllowDiscount>
      <itemStatus>1</itemStatus>
      <LastUpdateDate />
      <LastUpdateTime />
    </Product>
    <Product>
      <PriceUpdateDate>2020/01/09 15:52</PriceUpdateDate>
      <ItemCode>7290112346643</ItemCode>
      <ItemType>1</ItemType>
      <ItemName>דנונה יווני עם שכבות תות 5.8% שטראוס</ItemName>
      <ManufactureName>שטראוס גרופ בעמ/מצונן</ManufactureName>
      <ManufactureCountry />
      <ManufactureItemDescription />
      <UnitQty>יח`</UnitQty>
      <Quantity>130</Quantity>
      <UnitMeasure>גרם</UnitMeasure>
      <BisWeighted>0</BisWeighted>
      <QtyInPackage>1</QtyInPackage>
      <ItemPrice>3.30</ItemPrice>
      <UnitOfMeasurePrice>2.54</UnitOfMeasurePrice>
      <AllowDiscount>0</AllowDiscount>
      <itemStatus>1</itemStatus>
      <LastUpdateDate />
      <LastUpdateTime />
    </Product>
    <Product>
      <PriceUpdateDate>2020/02/14 06:23</PriceUpdateDate>
      <ItemCode>7290112346681</ItemCode>
      <ItemType>1</ItemType>
      <ItemName>דנונה לשתיה פירות יער</ItemName>
      <ManufactureName>שטראוס גרופ בעמ/מצונן</ManufactureName>
      <ManufactureCountry />
      <ManufactureItemDescription />
      <UnitQty>יח`</UnitQty>
      <Quantity>267</Quantity>
      <UnitMeasure>מ"ל</UnitMeasure>
      <BisWeighted>0</BisWeighted>
      <QtyInPackage>1</QtyInPackage>
      <ItemPrice>4.90</ItemPrice>
      <UnitOfMeasurePrice>1.84</UnitOfMeasurePrice>
      <AllowDiscount>0</AllowDiscount>
      <itemStatus>1</itemStatus>
      <LastUpdateDate />
      <LastUpdateTime />
    </Product>
    <Product>
      <PriceUpdateDate>2020/02/14 06:23</PriceUpdateDate>
      <ItemCode>7290112346698</ItemCode>
      <ItemType>1</ItemType>
      <ItemName>דנונה לשתיה מנגו ואפרסק</ItemName>
      <ManufactureName>שטראוס גרופ בעמ/מצונן</ManufactureName>
      <ManufactureCountry />
      <ManufactureItemDescription />
      <UnitQty>יח`</UnitQty>
      <Quantity>267</Quantity>
      <UnitMeasure>גרם</UnitMeasure>
      <BisWeighted>0</BisWeighted>
      <QtyInPackage>1</QtyInPackage>
      <ItemPrice>4.90</ItemPrice>
      <UnitOfMeasurePrice>1.84</UnitOfMeasurePrice>
      <AllowDiscount>0</AllowDiscount>
      <itemStatus>1</itemStatus>
      <LastUpdateDate />
      <LastUpdateTime />
    </Product>
    <Product>
      <PriceUpdateDate>2020/01/09 15:52</PriceUpdateDate>
      <ItemCode>7290112346735</ItemCode>
      <ItemType>1</ItemType>
      <ItemName>דנונה יווני עם שכבת מנגו ואפרסק 5.8% שטר</ItemName>
      <ManufactureName>שטראוס גרופ בעמ/מצונן</ManufactureName>
      <ManufactureCountry />
      <ManufactureItemDescription />
      <UnitQty>יח`</UnitQty>
      <Quantity>130</Quantity>
      <UnitMeasure>גרם</UnitMeasure>
      <BisWeighted>0</BisWeighted>
      <QtyInPackage>1</QtyInPackage>
      <ItemPrice>3.30</ItemPrice>
      <UnitOfMeasurePrice>2.54</UnitOfMeasurePrice>
      <AllowDiscount>0</AllowDiscount>
      <itemStatus>1</itemStatus>
      <LastUpdateDate />
      <LastUpdateTime />
    </Product>
    <Product>
      <PriceUpdateDate>2020/02/14 06:23</PriceUpdateDate>
      <ItemCode>7290112346742</ItemCode>
      <ItemType>1</ItemType>
      <ItemName>דנונה לייט אנד פריי בטעם קוקוס 150 גר`</ItemName>
      <ManufactureName>שטראוס גרופ בעמ/מצונן</ManufactureName>
      <ManufactureCountry />
      <ManufactureItemDescription />
      <UnitQty>יח`</UnitQty>
      <Quantity>150</Quantity>
      <UnitMeasure>מ"ל</UnitMeasure>
      <BisWeighted>0</BisWeighted>
      <QtyInPackage>1</QtyInPackage>
      <ItemPrice>4.30</ItemPrice>
      <UnitOfMeasurePrice>2.87</UnitOfMeasurePrice>
      <AllowDiscount>0</AllowDiscount>
      <itemStatus>1</itemStatus>
      <LastUpdateDate />
      <LastUpdateTime />
    </Product>
    <Product>
      <PriceUpdateDate>2020/01/09 15:52</PriceUpdateDate>
      <ItemCode>7290112346865</ItemCode>
      <ItemType>1</ItemType>
      <ItemName>דנונה פרו 15 גרם עם פירות יער שטראוס</ItemName>
      <ManufactureName>שטראוס גרופ בעמ/מצונן</ManufactureName>
      <ManufactureCountry />
      <ManufactureItemDescription />
      <UnitQty>יח`</UnitQty>
      <Quantity>205</Quantity>
      <UnitMeasure>גרם</UnitMeasure>
      <BisWeighted>0</BisWeighted>
      <QtyInPackage>1</QtyInPackage>
      <ItemPrice>5.90</ItemPrice>
      <UnitOfMeasurePrice>2.88</UnitOfMeasurePrice>
      <AllowDiscount>0</AllowDiscount>
      <itemStatus>1</itemStatus>
      <LastUpdateDate />
      <LastUpdateTime />
    </Product>
    <Product>
      <PriceUpdateDate>2020/02/14 06:23</PriceUpdateDate>
      <ItemCode>7290112346872</ItemCode>
      <ItemType>1</ItemType>
      <ItemName>דנונה פרו 10 קרם קוקוס 150 גרם-שטראוס</ItemName>
      <ManufactureName>שטראוס גרופ בעמ/מצונן</ManufactureName>
      <ManufactureCountry />
      <ManufactureItemDescription />
      <UnitQty>יח`</UnitQty>
      <Quantity>150</Quantity>
      <UnitMeasure>גרם</UnitMeasure>
      <BisWeighted>0</BisWeighted>
      <QtyInPackage>1</QtyInPackage>
      <ItemPrice>4.60</ItemPrice>
      <UnitOfMeasurePrice>3.07</UnitOfMeasurePrice>
      <AllowDiscount>0</AllowDiscount>
      <itemStatus>1</itemStatus>
      <LastUpdateDate />
      <LastUpdateTime />
    </Product>
    <Product>
      <PriceUpdateDate>2020/01/09 15:52</PriceUpdateDate>
      <ItemCode>7290112346889</ItemCode>
      <ItemType>1</ItemType>
      <ItemName>דנונה פרו 15 גרם עם אפרסק שטראוס</ItemName>
      <ManufactureName>שטראוס גרופ בעמ/מצונן</ManufactureName>
      <ManufactureCountry />
      <ManufactureItemDescription />
      <UnitQty>יח`</UnitQty>
      <Quantity>205</Quantity>
      <UnitMeasure>גרם</UnitMeasure>
      <BisWeighted>0</BisWeighted>
      <QtyInPackage>1</QtyInPackage>
      <ItemPrice>5.90</ItemPrice>
      <UnitOfMeasurePrice>2.88</UnitOfMeasurePrice>
      <AllowDiscount>0</AllowDiscount>
      <itemStatus>1</itemStatus>
      <LastUpdateDate />
      <LastUpdateTime />
    </Product>
    <Product>
      <PriceUpdateDate>2019/12/18 13:17</PriceUpdateDate>
      <ItemCode>7290112347008</ItemCode>
      <ItemType>1</ItemType>
      <ItemName>גמדים ארוחת בוקר תות סקוויז 100 גר</ItemName>
      <ManufactureName>שטראוס גרופ בעמ/מצונן</ManufactureName>
      <ManufactureCountry />
      <ManufactureItemDescription />
      <UnitQty>יח`</UnitQty>
      <Quantity>100</Quantity>
      <UnitMeasure>גרם</UnitMeasure>
      <BisWeighted>0</BisWeighted>
      <QtyInPackage>1</QtyInPackage>
      <ItemPrice>5.90</ItemPrice>
      <UnitOfMeasurePrice>5.90</UnitOfMeasurePrice>
      <AllowDiscount>1</AllowDiscount>
      <itemStatus>1</itemStatus>
      <LastUpdateDate />
      <LastUpdateTime />
    </Product>
    <Product>
      <PriceUpdateDate>2019/11/17 08:32</PriceUpdateDate>
      <ItemCode>7290112347473</ItemCode>
      <ItemType>1</ItemType>
      <ItemName>מארז לייט אנד פריי תות ואפרסק דנונה</ItemName>
      <ManufactureName>שטראוס גרופ בעמ/מצונן</ManufactureName>
      <ManufactureCountry />
      <ManufactureItemDescription />
      <UnitQty>יח`</UnitQty>
      <Quantity>1200</Quantity>
      <UnitMeasure>גרם</UnitMeasure>
      <BisWeighted>0</BisWeighted>
      <QtyInPackage>1</QtyInPackage>
      <ItemPrice>27.50</ItemPrice>
      <UnitOfMeasurePrice>2.29</UnitOfMeasurePrice>
      <AllowDiscount>0</AllowDiscount>
      <itemStatus>1</itemStatus>
      <LastUpdateDate />
      <LastUpdateTime />
    </Product>
    <Product>
      <PriceUpdateDate>2020/01/09 15:52</PriceUpdateDate>
      <ItemCode>7290112347909</ItemCode>
      <ItemType>1</ItemType>
      <ItemName>טחינה במרקם עשיר 400 גרם אחלה</ItemName>
      <ManufactureName>שטראוס גרופ בעמ/מצונן</ManufactureName>
      <ManufactureCountry />
      <ManufactureItemDescription />
      <UnitQty>יח`</UnitQty>
      <Quantity>400</Quantity>
      <UnitMeasure>גרם</UnitMeasure>
      <BisWeighted>0</BisWeighted>
      <QtyInPackage>1</QtyInPackage>
      <ItemPrice>16.50</ItemPrice>
      <UnitOfMeasurePrice>4.13</UnitOfMeasurePrice>
      <AllowDiscount>0</AllowDiscount>
      <itemStatus>1</itemStatus>
      <LastUpdateDate />
      <LastUpdateTime />
    </Product>
    <Product>
      <PriceUpdateDate>2019/12/18 13:17</PriceUpdateDate>
      <ItemCode>7290112348159</ItemCode>
      <ItemType>1</ItemType>
      <ItemName>מילקי קייק קראנץ רביעייה</ItemName>
      <ManufactureName>שטראוס גרופ בעמ/מצונן</ManufactureName>
      <ManufactureCountry />
      <ManufactureItemDescription />
      <UnitQty>יח`</UnitQty>
      <Quantity>136</Quantity>
      <UnitMeasure>גרם</UnitMeasure>
      <BisWeighted>0</BisWeighted>
      <QtyInPackage>1</QtyInPackage>
      <ItemPrice>11.90</ItemPrice>
      <UnitOfMeasurePrice>8.75</UnitOfMeasurePrice>
      <AllowDiscount>0</AllowDiscount>
      <itemStatus>1</itemStatus>
      <LastUpdateDate />
      <LastUpdateTime />
    </Product>
    <Product>
      <PriceUpdateDate>2020/01/19 12:10</PriceUpdateDate>
      <ItemCode>7290112348548</ItemCode>
      <ItemType>1</ItemType>
      <ItemName>שוקולד פרה לבן רבנות 100  גר`עלית</ItemName>
      <ManufactureName>שטראוס גרופ בעמ</ManufactureName>
      <ManufactureCountry />
      <ManufactureItemDescription />
      <UnitQty>יח`</UnitQty>
      <Quantity>100</Quantity>
      <UnitMeasure>גרם</UnitMeasure>
      <BisWeighted>0</BisWeighted>
      <QtyInPackage>1</QtyInPackage>
      <ItemPrice>4.90</ItemPrice>
      <UnitOfMeasurePrice>4.90</UnitOfMeasurePrice>
      <AllowDiscount>1</AllowDiscount>
      <itemStatus>1</itemStatus>
      <LastUpdateDate />
      <LastUpdateTime />
    </Product>
    <Product>
      <PriceUpdateDate>2020/02/14 06:23</PriceUpdateDate>
      <ItemCode>7290112349545</ItemCode>
      <ItemType>1</ItemType>
      <ItemName>קפה טורקי עלית 200גר`+20% תוספת</ItemName>
      <ManufactureName>שטראוס גרופ בעמ</ManufactureName>
      <ManufactureCountry />
      <ManufactureItemDescription />
      <UnitQty>יח`</UnitQty>
      <Quantity>240</Quantity>
      <UnitMeasure>גרם</UnitMeasure>
      <BisWeighted>0</BisWeighted>
      <QtyInPackage>1</QtyInPackage>
      <ItemPrice>15.90</ItemPrice>
      <UnitOfMeasurePrice>6.63</UnitOfMeasurePrice>
      <AllowDiscount>1</AllowDiscount>
      <itemStatus>1</itemStatus>
      <LastUpdateDate />
      <LastUpdateTime />
    </Product>
    <Product>
      <PriceUpdateDate>2019/12/18 13:17</PriceUpdateDate>
      <ItemCode>7290112349675</ItemCode>
      <ItemType>1</ItemType>
      <ItemName>גמדים ארוחת בוקר וניל סקוויז 100 גר</ItemName>
      <ManufactureName>שטראוס גרופ בעמ/מצונן</ManufactureName>
      <ManufactureCountry />
      <ManufactureItemDescription />
      <UnitQty>יח`</UnitQty>
      <Quantity>100</Quantity>
      <UnitMeasure>גרם</UnitMeasure>
      <BisWeighted>0</BisWeighted>
      <QtyInPackage>1</QtyInPackage>
      <ItemPrice>5.90</ItemPrice>
      <UnitOfMeasurePrice>5.90</UnitOfMeasurePrice>
      <AllowDiscount>1</AllowDiscount>
      <itemStatus>1</itemStatus>
      <LastUpdateDate />
      <LastUpdateTime />
    </Product>
    <Product>
      <PriceUpdateDate>2020/04/20 06:44</PriceUpdateDate>
      <ItemCode>7290112350060</ItemCode>
      <ItemType>1</ItemType>
      <ItemName>משקה חלב מרשמלו 350 מל יטבתה</ItemName>
      <ManufactureName>שטראוס גרופ בעמ/מצונן</ManufactureName>
      <ManufactureCountry />
      <ManufactureItemDescription />
      <UnitQty>יח`</UnitQty>
      <Quantity>350</Quantity>
      <UnitMeasure>מ"ל</UnitMeasure>
      <BisWeighted>0</BisWeighted>
      <QtyInPackage>1</QtyInPackage>
      <ItemPrice>6.30</ItemPrice>
      <UnitOfMeasurePrice>1.80</UnitOfMeasurePrice>
      <AllowDiscount>0</AllowDiscount>
      <itemStatus>1</itemStatus>
      <LastUpdateDate />
      <LastUpdateTime />
    </Product>
    <Product>
      <PriceUpdateDate>2020/02/14 06:23</PriceUpdateDate>
      <ItemCode>7290112350275</ItemCode>
      <ItemType>1</ItemType>
      <ItemName>קפסולות LUNGO למכונות נספרו עלית</ItemName>
      <ManufactureName>שטראוס גרופ בעמ</ManufactureName>
      <ManufactureCountry />
      <ManufactureItemDescription />
      <UnitQty>יח`</UnitQty>
      <Quantity>55</Quantity>
      <UnitMeasure>גרם</UnitMeasure>
      <BisWeighted>0</BisWeighted>
      <QtyInPackage>1</QtyInPackage>
      <ItemPrice>16.90</ItemPrice>
      <UnitOfMeasurePrice>30.73</UnitOfMeasurePrice>
      <AllowDiscount>1</AllowDiscount>
      <itemStatus>1</itemStatus>
      <LastUpdateDate />
      <LastUpdateTime />
    </Product>
    <Product>
      <PriceUpdateDate>2020/02/14 06:23</PriceUpdateDate>
      <ItemCode>7290112357175</ItemCode>
      <ItemType>1</ItemType>
      <ItemName>קפסולות BOOST למכונות נספרו עלית</ItemName>
      <ManufactureName>שטראוס גרופ בעמ</ManufactureName>
      <ManufactureCountry />
      <ManufactureItemDescription />
      <UnitQty>יח`</UnitQty>
      <Quantity>50</Quantity>
      <UnitMeasure>גרם</UnitMeasure>
      <BisWeighted>0</BisWeighted>
      <QtyInPackage>1</QtyInPackage>
      <ItemPrice>16.90</ItemPrice>
      <UnitOfMeasurePrice>33.80</UnitOfMeasurePrice>
      <AllowDiscount>1</AllowDiscount>
      <itemStatus>1</itemStatus>
      <LastUpdateDate />
      <LastUpdateTime />
    </Product>
    <Product>
      <PriceUpdateDate>2020/02/14 06:23</PriceUpdateDate>
      <ItemCode>7290112357618</ItemCode>
      <ItemType>1</ItemType>
      <ItemName>מסטיק קוביות בטעם פירות טרופיים 58 גרם</ItemName>
      <ManufactureName>שטראוס גרופ בעמ</ManufactureName>
      <ManufactureCountry />
      <ManufactureItemDescription />
      <UnitQty>יח`</UnitQty>
      <Quantity>58</Quantity>
      <UnitMeasure>גרם</UnitMeasure>
      <BisWeighted>0</BisWeighted>
      <QtyInPackage>1</QtyInPackage>
      <ItemPrice>9.90</ItemPrice>
      <UnitOfMeasurePrice>17.07</UnitOfMeasurePrice>
      <AllowDiscount>1</AllowDiscount>
      <itemStatus>1</itemStatus>
      <LastUpdateDate />
      <LastUpdateTime />
    </Product>
    <Product>
      <PriceUpdateDate>2019/02/17 11:38</PriceUpdateDate>
      <ItemCode>7290112480415</ItemCode>
      <ItemType>1</ItemType>
      <ItemName>צלחת קטנה רנסנס 10 יח לבן</ItemName>
      <ManufactureName>פאלאס תעשיות נטו (2014) בעמ</ManufactureName>
      <ManufactureCountry />
      <ManufactureItemDescription />
      <UnitQty>יח`</UnitQty>
      <Quantity>1</Quantity>
      <UnitMeasure />
      <BisWeighted>0</BisWeighted>
      <QtyInPackage>1</QtyInPackage>
      <ItemPrice>10.90</ItemPrice>
      <UnitOfMeasurePrice>10.90</UnitOfMeasurePrice>
      <AllowDiscount>0</AllowDiscount>
      <itemStatus>1</itemStatus>
      <LastUpdateDate />
      <LastUpdateTime />
    </Product>
    <Product>
      <PriceUpdateDate>2019/08/04 12:57</PriceUpdateDate>
      <ItemCode>7290112482129</ItemCode>
      <ItemType>1</ItemType>
      <ItemName>נר נשמה בפלסטיק 7 ימים פאלאס</ItemName>
      <ManufactureName>פאלאס תעשיות נטו (2014) בעמ</ManufactureName>
      <ManufactureCountry />
      <ManufactureItemDescription />
      <UnitQty>יח`</UnitQty>
      <Quantity>1</Quantity>
      <UnitMeasure />
      <BisWeighted>0</BisWeighted>
      <QtyInPackage>1</QtyInPackage>
      <ItemPrice>8.90</ItemPrice>
      <UnitOfMeasurePrice>8.90</UnitOfMeasurePrice>
      <AllowDiscount>0</AllowDiscount>
      <itemStatus>1</itemStatus>
      <LastUpdateDate />
      <LastUpdateTime />
    </Product>
    <Product>
      <PriceUpdateDate>2019/08/04 12:57</PriceUpdateDate>
      <ItemCode>7290112482143</ItemCode>
      <ItemType>1</ItemType>
      <ItemName>נר נשמה בפלסטיק 72 שעות פאלאס</ItemName>
      <ManufactureName>פאלאס תעשיות נטו (2014) בעמ</ManufactureName>
      <ManufactureCountry />
      <ManufactureItemDescription />
      <UnitQty>יח`</UnitQty>
      <Quantity>1</Quantity>
      <UnitMeasure />
      <BisWeighted>0</BisWeighted>
      <QtyInPackage>1</QtyInPackage>
      <ItemPrice>4.90</ItemPrice>
      <UnitOfMeasurePrice>4.90</UnitOfMeasurePrice>
      <AllowDiscount>0</AllowDiscount>
      <itemStatus>1</itemStatus>
      <LastUpdateDate />
      <LastUpdateTime />
    </Product>
    <Product>
      <PriceUpdateDate>2019/06/07 11:22</PriceUpdateDate>
      <ItemCode>7290112482181</ItemCode>
      <ItemType>1</ItemType>
      <ItemName>צלחת גדולה לבנה 50 יח לפיד</ItemName>
      <ManufactureName>פאלאס תעשיות נטו (2014) בעמ</ManufactureName>
      <ManufactureCountry />
      <ManufactureItemDescription />
      <UnitQty>יח`</UnitQty>
      <Quantity>1</Quantity>
      <UnitMeasure />
      <BisWeighted>0</BisWeighted>
      <QtyInPackage>1</QtyInPackage>
      <ItemPrice>6.90</ItemPrice>
      <UnitOfMeasurePrice>6.90</UnitOfMeasurePrice>
      <AllowDiscount>1</AllowDiscount>
      <itemStatus>1</itemStatus>
      <LastUpdateDate />
      <LastUpdateTime />
    </Product>
    <Product>
      <PriceUpdateDate>2019/12/12 22:21</PriceUpdateDate>
      <ItemCode>7290112482662</ItemCode>
      <ItemType>1</ItemType>
      <ItemName>כף הגשה 4 יח שקוף לפיד</ItemName>
      <ManufactureName>פאלאס תעשיות נטו (2014) בעמ</ManufactureName>
      <ManufactureCountry />
      <ManufactureItemDescription />
      <UnitQty>יח`</UnitQty>
      <Quantity>1</Quantity>
      <UnitMeasure />
      <BisWeighted>0</BisWeighted>
      <QtyInPackage>1</QtyInPackage>
      <ItemPrice>4.90</ItemPrice>
      <UnitOfMeasurePrice>4.90</UnitOfMeasurePrice>
      <AllowDiscount>0</AllowDiscount>
      <itemStatus>1</itemStatus>
      <LastUpdateDate />
      <LastUpdateTime />
    </Product>
    <Product>
      <PriceUpdateDate>2018/08/20 08:54</PriceUpdateDate>
      <ItemCode>7290112490063</ItemCode>
      <ItemType>1</ItemType>
      <ItemName>מאגדת כיפלי בצל 4*36 גר` תלמה</ItemName>
      <ManufactureName>יוניליוור ישראל שיווק בעמ</ManufactureName>
      <ManufactureCountry />
      <ManufactureItemDescription />
      <UnitQty>יח`</UnitQty>
      <Quantity>144</Quantity>
      <UnitMeasure>גרם</UnitMeasure>
      <BisWeighted>0</BisWeighted>
      <QtyInPackage>1</QtyInPackage>
      <ItemPrice>9.90</ItemPrice>
      <UnitOfMeasurePrice>6.88</UnitOfMeasurePrice>
      <AllowDiscount>0</AllowDiscount>
      <itemStatus>1</itemStatus>
      <LastUpdateDate />
      <LastUpdateTime />
    </Product>
    <Product>
      <PriceUpdateDate>2018/08/19 10:44</PriceUpdateDate>
      <ItemCode>7290112490216</ItemCode>
      <ItemType>1</ItemType>
      <ItemName>מרק נמס בכוס טעם עוף קנור(2*24 גר` )</ItemName>
      <ManufactureName>יוניליוור ישראל שיווק בעמ</ManufactureName>
      <ManufactureCountry />
      <ManufactureItemDescription />
      <UnitQty>יח`</UnitQty>
      <Quantity>48</Quantity>
      <UnitMeasure>גרם</UnitMeasure>
      <BisWeighted>0</BisWeighted>
      <QtyInPackage>1</QtyInPackage>
      <ItemPrice>6.90</ItemPrice>
      <UnitOfMeasurePrice>14.38</UnitOfMeasurePrice>
      <AllowDiscount>0</AllowDiscount>
      <itemStatus>1</itemStatus>
      <LastUpdateDate />
      <LastUpdateTime />
    </Product>
    <Product>
      <PriceUpdateDate>2018/08/19 10:44</PriceUpdateDate>
      <ItemCode>7290112490650</ItemCode>
      <ItemType>1</ItemType>
      <ItemName>קונפיטורת תות שדה 788 (340 גר` )</ItemName>
      <ManufactureName>יוניליוור ישראל שיווק בעמ</ManufactureName>
      <ManufactureCountry />
      <ManufactureItemDescription />
      <UnitQty>יח`</UnitQty>
      <Quantity>340</Quantity>
      <UnitMeasure>גרם</UnitMeasure>
      <BisWeighted>0</BisWeighted>
      <QtyInPackage>1</QtyInPackage>
      <ItemPrice>13.90</ItemPrice>
      <UnitOfMeasurePrice>4.09</UnitOfMeasurePrice>
      <AllowDiscount>1</AllowDiscount>
      <itemStatus>1</itemStatus>
      <LastUpdateDate />
      <LastUpdateTime />
    </Product>
    <Product>
      <PriceUpdateDate>2018/08/19 10:44</PriceUpdateDate>
      <ItemCode>7290112490674</ItemCode>
      <ItemType>1</ItemType>
      <ItemName>קונפיטורת דובדבנים 788 ( 340 גר` )</ItemName>
      <ManufactureName>יוניליוור ישראל שיווק בעמ</ManufactureName>
      <ManufactureCountry />
      <ManufactureItemDescription />
      <UnitQty>יח`</UnitQty>
      <Quantity>340</Quantity>
      <UnitMeasure>גרם</UnitMeasure>
      <BisWeighted>0</BisWeighted>
      <QtyInPackage>1</QtyInPackage>
      <ItemPrice>13.90</ItemPrice>
      <UnitOfMeasurePrice>4.09</UnitOfMeasurePrice>
      <AllowDiscount>1</AllowDiscount>
      <itemStatus>1</itemStatus>
      <LastUpdateDate />
      <LastUpdateTime />
    </Product>
    <Product>
      <PriceUpdateDate>2019/02/03 12:20</PriceUpdateDate>
      <ItemCode>7290112490698</ItemCode>
      <ItemType>1</ItemType>
      <ItemName>קונפיטורה לייט תות שדה 778</ItemName>
      <ManufactureName>יוניליוור ישראל שיווק בעמ</ManufactureName>
      <ManufactureCountry />
      <ManufactureItemDescription />
      <UnitQty>יח`</UnitQty>
      <Quantity>260</Quantity>
      <UnitMeasure>גרם</UnitMeasure>
      <BisWeighted>0</BisWeighted>
      <QtyInPackage>1</QtyInPackage>
      <ItemPrice>13.90</ItemPrice>
      <UnitOfMeasurePrice>5.35</UnitOfMeasurePrice>
      <AllowDiscount>1</AllowDiscount>
      <itemStatus>1</itemStatus>
      <LastUpdateDate />
      <LastUpdateTime />
    </Product>
    <Product>
      <PriceUpdateDate>2018/08/19 10:44</PriceUpdateDate>
      <ItemCode>7290112490711</ItemCode>
      <ItemType>1</ItemType>
      <ItemName>מרק נמס בכוס פטריות קנור (</ItemName>
      <ManufactureName>יוניליוור ישראל שיווק בעמ</ManufactureName>
      <ManufactureCountry />
      <ManufactureItemDescription />
      <UnitQty>יח`</UnitQty>
      <Quantity>48</Quantity>
      <UnitMeasure>גרם</UnitMeasure>
      <BisWeighted>0</BisWeighted>
      <QtyInPackage>1</QtyInPackage>
      <ItemPrice>6.90</ItemPrice>
      <UnitOfMeasurePrice>14.38</UnitOfMeasurePrice>
      <AllowDiscount>0</AllowDiscount>
      <itemStatus>1</itemStatus>
      <LastUpdateDate />
      <LastUpdateTime />
    </Product>
    <Product>
      <PriceUpdateDate>2018/10/18 08:33</PriceUpdateDate>
      <ItemCode>7290112490827</ItemCode>
      <ItemType>1</ItemType>
      <ItemName>בדין תרסיס למייבש כביסה בייבי 500 מל</ItemName>
      <ManufactureName>יוניליוור ישראל שיווק בעמ</ManufactureName>
      <ManufactureCountry />
      <ManufactureItemDescription />
      <UnitQty>יח`</UnitQty>
      <Quantity>500</Quantity>
      <UnitMeasure>מ"ל</UnitMeasure>
      <BisWeighted>0</BisWeighted>
      <QtyInPackage>1</QtyInPackage>
      <ItemPrice>19.90</ItemPrice>
      <UnitOfMeasurePrice>3.98</UnitOfMeasurePrice>
      <AllowDiscount>1</AllowDiscount>
      <itemStatus>1</itemStatus>
      <LastUpdateDate />
      <LastUpdateTime />
    </Product>
    <Product>
      <PriceUpdateDate>2019/04/07 10:04</PriceUpdateDate>
      <ItemCode>7290112491558</ItemCode>
      <ItemType>1</ItemType>
      <ItemName>שוקולד מריר פרווה ורד הגליל (100x6 גרם)</ItemName>
      <ManufactureName>יוניליוור ישראל שיווק בעמ</ManufactureName>
      <ManufactureCountry />
      <ManufactureItemDescription />
      <UnitQty>יח`</UnitQty>
      <Quantity>600</Quantity>
      <UnitMeasure>גרם</UnitMeasure>
      <BisWeighted>0</BisWeighted>
      <QtyInPackage>1</QtyInPackage>
      <ItemPrice>22.90</ItemPrice>
      <UnitOfMeasurePrice>3.82</UnitOfMeasurePrice>
      <AllowDiscount>1</AllowDiscount>
      <itemStatus>1</itemStatus>
      <LastUpdateDate />
      <LastUpdateTime />
    </Product>
    <Product>
      <PriceUpdateDate>2018/12/19 10:31</PriceUpdateDate>
      <ItemCode>7290112491770</ItemCode>
      <ItemType>1</ItemType>
      <ItemName>בייגלה דק דק מלח 300 גר`</ItemName>
      <ManufactureName>יוניליוור ישראל שיווק בעמ</ManufactureName>
      <ManufactureCountry />
      <ManufactureItemDescription />
      <UnitQty>יח`</UnitQty>
      <Quantity>300</Quantity>
      <UnitMeasure>גרם</UnitMeasure>
      <BisWeighted>0</BisWeighted>
      <QtyInPackage>1</QtyInPackage>
      <ItemPrice>10.90</ItemPrice>
      <UnitOfMeasurePrice>3.63</UnitOfMeasurePrice>
      <AllowDiscount>1</AllowDiscount>
      <itemStatus>1</itemStatus>
      <LastUpdateDate />
      <LastUpdateTime />
    </Product>
    <Product>
      <PriceUpdateDate>2018/12/10 07:23</PriceUpdateDate>
      <ItemCode>7290112491787</ItemCode>
      <ItemType>1</ItemType>
      <ItemName>בייגלה דקים דקים שומשום 300 גר`</ItemName>
      <ManufactureName>יוניליוור ישראל שיווק בעמ</ManufactureName>
      <ManufactureCountry />
      <ManufactureItemDescription />
      <UnitQty>יח`</UnitQty>
      <Quantity>300</Quantity>
      <UnitMeasure>גרם</UnitMeasure>
      <BisWeighted>0</BisWeighted>
      <QtyInPackage>1</QtyInPackage>
      <ItemPrice>10.90</ItemPrice>
      <UnitOfMeasurePrice>3.63</UnitOfMeasurePrice>
      <AllowDiscount>1</AllowDiscount>
      <itemStatus>1</itemStatus>
      <LastUpdateDate />
      <LastUpdateTime />
    </Product>
    <Product>
      <PriceUpdateDate>2019/01/20 12:03</PriceUpdateDate>
      <ItemCode>7290112491794</ItemCode>
      <ItemType>1</ItemType>
      <ItemName>בייגלה דקים דקים שמנת בצל 300 גר`</ItemName>
      <ManufactureName>יוניליוור ישראל שיווק בעמ</ManufactureName>
      <ManufactureCountry />
      <ManufactureItemDescription />
      <UnitQty>יח`</UnitQty>
      <Quantity>300</Quantity>
      <UnitMeasure>גרם</UnitMeasure>
      <BisWeighted>0</BisWeighted>
      <QtyInPackage>1</QtyInPackage>
      <ItemPrice>10.90</ItemPrice>
      <UnitOfMeasurePrice>3.63</UnitOfMeasurePrice>
      <AllowDiscount>1</AllowDiscount>
      <itemStatus>1</itemStatus>
      <LastUpdateDate />
      <LastUpdateTime />
    </Product>
    <Product>
      <PriceUpdateDate>2019/05/16 10:10</PriceUpdateDate>
      <ItemCode>7290112492258</ItemCode>
      <ItemType>1</ItemType>
      <ItemName>פריכיות תירס דקות עם תירס מלא 25 גר`</ItemName>
      <ManufactureName>יוניליוור ישראל שיווק בעמ</ManufactureName>
      <ManufactureCountry />
      <ManufactureItemDescription />
      <UnitQty>יח`</UnitQty>
      <Quantity>25</Quantity>
      <UnitMeasure>גרם</UnitMeasure>
      <BisWeighted>0</BisWeighted>
      <QtyInPackage>1</QtyInPackage>
      <ItemPrice>3.90</ItemPrice>
      <UnitOfMeasurePrice>15.60</UnitOfMeasurePrice>
      <AllowDiscount>1</AllowDiscount>
      <itemStatus>1</itemStatus>
      <LastUpdateDate />
      <LastUpdateTime />
    </Product>
    <Product>
      <PriceUpdateDate>2020/04/28 06:50</PriceUpdateDate>
      <ItemCode>7290112492449</ItemCode>
      <ItemType>1</ItemType>
      <ItemName>שמפו פינוק שיער רגיל 700 מל</ItemName>
      <ManufactureName>יוניליוור ישראל שיווק בעמ</ManufactureName>
      <ManufactureCountry />
      <ManufactureItemDescription />
      <UnitQty>יח`</UnitQty>
      <Quantity>700</Quantity>
      <UnitMeasure>גרם</UnitMeasure>
      <BisWeighted>0</BisWeighted>
      <QtyInPackage>1</QtyInPackage>
      <ItemPrice>12.90</ItemPrice>
      <UnitOfMeasurePrice>1.84</UnitOfMeasurePrice>
      <AllowDiscount>1</AllowDiscount>
      <itemStatus>1</itemStatus>
      <LastUpdateDate />
      <LastUpdateTime />
    </Product>
    <Product>
      <PriceUpdateDate>2020/04/28 06:50</PriceUpdateDate>
      <ItemCode>7290112492456</ItemCode>
      <ItemType>1</ItemType>
      <ItemName>שמפו לשיער יבש פינוק (700 מל)</ItemName>
      <ManufactureName>יוניליוור ישראל שיווק בעמ</ManufactureName>
      <ManufactureCountry />
      <ManufactureItemDescription />
      <UnitQty>יח`</UnitQty>
      <Quantity>700</Quantity>
      <UnitMeasure>מ"ל</UnitMeasure>
      <BisWeighted>0</BisWeighted>
      <QtyInPackage>1</QtyInPackage>
      <ItemPrice>12.90</ItemPrice>
      <UnitOfMeasurePrice>1.84</UnitOfMeasurePrice>
      <AllowDiscount>1</AllowDiscount>
      <itemStatus>1</itemStatus>
      <LastUpdateDate />
      <LastUpdateTime />
    </Product>
    <Product>
      <PriceUpdateDate>2020/04/28 06:50</PriceUpdateDate>
      <ItemCode>7290112492463</ItemCode>
      <ItemType>1</ItemType>
      <ItemName>שמפו פינוק 2ב (7001 מל)</ItemName>
      <ManufactureName>יוניליוור ישראל שיווק בעמ</ManufactureName>
      <ManufactureCountry />
      <ManufactureItemDescription />
      <UnitQty>יח`</UnitQty>
      <Quantity>700</Quantity>
      <UnitMeasure>מ"ל</UnitMeasure>
      <BisWeighted>0</BisWeighted>
      <QtyInPackage>1</QtyInPackage>
      <ItemPrice>12.90</ItemPrice>
      <UnitOfMeasurePrice>1.84</UnitOfMeasurePrice>
      <AllowDiscount>1</AllowDiscount>
      <itemStatus>1</itemStatus>
      <LastUpdateDate />
      <LastUpdateTime />
    </Product>
    <Product>
      <PriceUpdateDate>2020/04/28 06:50</PriceUpdateDate>
      <ItemCode>7290112492487</ItemCode>
      <ItemType>1</ItemType>
      <ItemName>שמפו פינוק שמן מרוקאי (700 מל)</ItemName>
      <ManufactureName>יוניליוור ישראל שיווק בעמ</ManufactureName>
      <ManufactureCountry />
      <ManufactureItemDescription />
      <UnitQty>יח`</UnitQty>
      <Quantity>700</Quantity>
      <UnitMeasure>מ"ל</UnitMeasure>
      <BisWeighted>0</BisWeighted>
      <QtyInPackage>1</QtyInPackage>
      <ItemPrice>12.90</ItemPrice>
      <UnitOfMeasurePrice>1.84</UnitOfMeasurePrice>
      <AllowDiscount>1</AllowDiscount>
      <itemStatus>1</itemStatus>
      <LastUpdateDate />
      <LastUpdateTime />
    </Product>
    <Product>
      <PriceUpdateDate>2020/04/28 06:50</PriceUpdateDate>
      <ItemCode>7290112492500</ItemCode>
      <ItemType>1</ItemType>
      <ItemName>שמפו פינוק שמן קוקוס (700 מל)</ItemName>
      <ManufactureName>יוניליוור ישראל שיווק בעמ</ManufactureName>
      <ManufactureCountry />
      <ManufactureItemDescription />
      <UnitQty>יח`</UnitQty>
      <Quantity>700</Quantity>
      <UnitMeasure>מ"ל</UnitMeasure>
      <BisWeighted>0</BisWeighted>
      <QtyInPackage>1</QtyInPackage>
      <ItemPrice>12.90</ItemPrice>
      <UnitOfMeasurePrice>1.84</UnitOfMeasurePrice>
      <AllowDiscount>1</AllowDiscount>
      <itemStatus>1</itemStatus>
      <LastUpdateDate />
      <LastUpdateTime />
    </Product>
    <Product>
      <PriceUpdateDate>2020/04/28 06:50</PriceUpdateDate>
      <ItemCode>7290112492579</ItemCode>
      <ItemType>1</ItemType>
      <ItemName>מרכך פינוק לשיער רגיל (700 מל)</ItemName>
      <ManufactureName>יוניליוור ישראל שיווק בעמ</ManufactureName>
      <ManufactureCountry />
      <ManufactureItemDescription />
      <UnitQty>יח`</UnitQty>
      <Quantity>700</Quantity>
      <UnitMeasure>מ"ל</UnitMeasure>
      <BisWeighted>0</BisWeighted>
      <QtyInPackage>1</QtyInPackage>
      <ItemPrice>12.90</ItemPrice>
      <UnitOfMeasurePrice>1.84</UnitOfMeasurePrice>
      <AllowDiscount>1</AllowDiscount>
      <itemStatus>1</itemStatus>
      <LastUpdateDate />
      <LastUpdateTime />
    </Product>
    <Product>
      <PriceUpdateDate>2020/01/06 10:43</PriceUpdateDate>
      <ItemCode>7290112492593</ItemCode>
      <ItemType>1</ItemType>
      <ItemName>תחליב רחצה רגיל 700 מל פינוק</ItemName>
      <ManufactureName>יוניליוור ישראל שיווק בעמ</ManufactureName>
      <ManufactureCountry />
      <ManufactureItemDescription />
      <UnitQty>יח`</UnitQty>
      <Quantity>1</Quantity>
      <UnitMeasure />
      <BisWeighted>0</BisWeighted>
      <QtyInPackage>1</QtyInPackage>
      <ItemPrice>12.90</ItemPrice>
      <UnitOfMeasurePrice>12.90</UnitOfMeasurePrice>
      <AllowDiscount>1</AllowDiscount>
      <itemStatus>1</itemStatus>
      <LastUpdateDate />
      <LastUpdateTime />
    </Product>
    <Product>
      <PriceUpdateDate>2020/03/19 06:43</PriceUpdateDate>
      <ItemCode>7290112492616</ItemCode>
      <ItemType>1</ItemType>
      <ItemName>פינוק תחליב רחצה בתוספת שמן מרוקאי 700</ItemName>
      <ManufactureName>יוניליוור ישראל שיווק בעמ</ManufactureName>
      <ManufactureCountry />
      <ManufactureItemDescription />
      <UnitQty>יח`</UnitQty>
      <Quantity>700</Quantity>
      <UnitMeasure>מ"ל</UnitMeasure>
      <BisWeighted>0</BisWeighted>
      <QtyInPackage>1</QtyInPackage>
      <ItemPrice>12.90</ItemPrice>
      <UnitOfMeasurePrice>1.84</UnitOfMeasurePrice>
      <AllowDiscount>0</AllowDiscount>
      <itemStatus>1</itemStatus>
      <LastUpdateDate />
      <LastUpdateTime />
    </Product>
    <Product>
      <PriceUpdateDate>2020/01/06 10:43</PriceUpdateDate>
      <ItemCode>7290112492623</ItemCode>
      <ItemType>1</ItemType>
      <ItemName>תחליב רחצה בשמן קוקוס (700  מל)פינוק</ItemName>
      <ManufactureName>יוניליוור ישראל שיווק בעמ</ManufactureName>
      <ManufactureCountry />
      <ManufactureItemDescription />
      <UnitQty>יח`</UnitQty>
      <Quantity>700</Quantity>
      <UnitMeasure>מ"ל</UnitMeasure>
      <BisWeighted>0</BisWeighted>
      <QtyInPackage>1</QtyInPackage>
      <ItemPrice>12.90</ItemPrice>
      <UnitOfMeasurePrice>1.84</UnitOfMeasurePrice>
      <AllowDiscount>0</AllowDiscount>
      <itemStatus>1</itemStatus>
      <LastUpdateDate />
      <LastUpdateTime />
    </Product>
    <Product>
      <PriceUpdateDate>2020/01/26 12:59</PriceUpdateDate>
      <ItemCode>7290112492630</ItemCode>
      <ItemType>1</ItemType>
      <ItemName>שמפו 3ב1 לגבר פינוק 700 מל</ItemName>
      <ManufactureName>יוניליוור ישראל שיווק בעמ</ManufactureName>
      <ManufactureCountry />
      <ManufactureItemDescription />
      <UnitQty>יח`</UnitQty>
      <Quantity>700</Quantity>
      <UnitMeasure>מ"ל</UnitMeasure>
      <BisWeighted>0</BisWeighted>
      <QtyInPackage>1</QtyInPackage>
      <ItemPrice>12.90</ItemPrice>
      <UnitOfMeasurePrice>1.84</UnitOfMeasurePrice>
      <AllowDiscount>1</AllowDiscount>
      <itemStatus>1</itemStatus>
      <LastUpdateDate />
      <LastUpdateTime />
    </Product>
    <Product>
      <PriceUpdateDate>2019/12/15 13:43</PriceUpdateDate>
      <ItemCode>7290112492982</ItemCode>
      <ItemType>1</ItemType>
      <ItemName>מרק פטריות רכיבים טבעיים 400 גר` קנור</ItemName>
      <ManufactureName>יוניליוור ישראל שיווק בעמ</ManufactureName>
      <ManufactureCountry />
      <ManufactureItemDescription />
      <UnitQty>יח`</UnitQty>
      <Quantity>400</Quantity>
      <UnitMeasure>גרם</UnitMeasure>
      <BisWeighted>0</BisWeighted>
      <QtyInPackage>1</QtyInPackage>
      <ItemPrice>27.90</ItemPrice>
      <UnitOfMeasurePrice>6.98</UnitOfMeasurePrice>
      <AllowDiscount>1</AllowDiscount>
      <itemStatus>1</itemStatus>
      <LastUpdateDate />
      <LastUpdateTime />
    </Product>
    <Product>
      <PriceUpdateDate>2019/12/15 13:43</PriceUpdateDate>
      <ItemCode>7290112492999</ItemCode>
      <ItemType>1</ItemType>
      <ItemName>אבקת מרק טעם עוף 400 גר` קנור</ItemName>
      <ManufactureName>יוניליוור ישראל שיווק בעמ</ManufactureName>
      <ManufactureCountry />
      <ManufactureItemDescription />
      <UnitQty>יח`</UnitQty>
      <Quantity>400</Quantity>
      <UnitMeasure>גרם</UnitMeasure>
      <BisWeighted>0</BisWeighted>
      <QtyInPackage>1</QtyInPackage>
      <ItemPrice>15.90</ItemPrice>
      <UnitOfMeasurePrice>3.98</UnitOfMeasurePrice>
      <AllowDiscount>1</AllowDiscount>
      <itemStatus>1</itemStatus>
      <LastUpdateDate />
      <LastUpdateTime />
    </Product>
    <Product>
      <PriceUpdateDate>2019/08/01 08:29</PriceUpdateDate>
      <ItemCode>7290112493088</ItemCode>
      <ItemType>1</ItemType>
      <ItemName>נמס בכוס עדשים 100% רכיבים טביעיים קנור</ItemName>
      <ManufactureName>יוניליוור ישראל שיווק בעמ</ManufactureName>
      <ManufactureCountry />
      <ManufactureItemDescription />
      <UnitQty>יח`</UnitQty>
      <Quantity>54</Quantity>
      <UnitMeasure>גרם</UnitMeasure>
      <BisWeighted>0</BisWeighted>
      <QtyInPackage>1</QtyInPackage>
      <ItemPrice>6.90</ItemPrice>
      <UnitOfMeasurePrice>12.78</UnitOfMeasurePrice>
      <AllowDiscount>0</AllowDiscount>
      <itemStatus>1</itemStatus>
      <LastUpdateDate />
      <LastUpdateTime />
    </Product>
    <Product>
      <PriceUpdateDate>2019/07/28 10:58</PriceUpdateDate>
      <ItemCode>7290112493132</ItemCode>
      <ItemType>1</ItemType>
      <ItemName>מאגדת פריכיות תירס דקות עם קינואה ובזילי</ItemName>
      <ManufactureName>יוניליוור ישראל שיווק בעמ</ManufactureName>
      <ManufactureCountry />
      <ManufactureItemDescription />
      <UnitQty>יח`</UnitQty>
      <Quantity>100</Quantity>
      <UnitMeasure>גרם</UnitMeasure>
      <BisWeighted>0</BisWeighted>
      <QtyInPackage>1</QtyInPackage>
      <ItemPrice>10.90</ItemPrice>
      <UnitOfMeasurePrice>10.90</UnitOfMeasurePrice>
      <AllowDiscount>1</AllowDiscount>
      <itemStatus>1</itemStatus>
      <LastUpdateDate />
      <LastUpdateTime />
    </Product>
    <Product>
      <PriceUpdateDate>2019/07/14 08:44</PriceUpdateDate>
      <ItemCode>7290112493255</ItemCode>
      <ItemType>1</ItemType>
      <ItemName>אקטיב שוקולד חלב 350 גר` תלמה</ItemName>
      <ManufactureName>יוניליוור ישראל שיווק בעמ</ManufactureName>
      <ManufactureCountry />
      <ManufactureItemDescription />
      <UnitQty>יח`</UnitQty>
      <Quantity>350</Quantity>
      <UnitMeasure>גרם</UnitMeasure>
      <BisWeighted>0</BisWeighted>
      <QtyInPackage>1</QtyInPackage>
      <ItemPrice>19.90</ItemPrice>
      <UnitOfMeasurePrice>5.69</UnitOfMeasurePrice>
      <AllowDiscount>1</AllowDiscount>
      <itemStatus>1</itemStatus>
      <LastUpdateDate />
      <LastUpdateTime />
    </Product>
    <Product>
      <PriceUpdateDate>2019/07/14 08:44</PriceUpdateDate>
      <ItemCode>7290112493262</ItemCode>
      <ItemType>1</ItemType>
      <ItemName>אקטיב פירות 350 גר` תלמה</ItemName>
      <ManufactureName>יוניליוור ישראל שיווק בעמ</ManufactureName>
      <ManufactureCountry />
      <ManufactureItemDescription />
      <UnitQty>יח`</UnitQty>
      <Quantity>350</Quantity>
      <UnitMeasure>גרם</UnitMeasure>
      <BisWeighted>0</BisWeighted>
      <QtyInPackage>1</QtyInPackage>
      <ItemPrice>19.90</ItemPrice>
      <UnitOfMeasurePrice>5.69</UnitOfMeasurePrice>
      <AllowDiscount>1</AllowDiscount>
      <itemStatus>1</itemStatus>
      <LastUpdateDate />
      <LastUpdateTime />
    </Product>
    <Product>
      <PriceUpdateDate>2019/08/01 08:29</PriceUpdateDate>
      <ItemCode>7290112493293</ItemCode>
      <ItemType>1</ItemType>
      <ItemName>נמס בכוס ירקות 100% רכיבים טביעיים קנור</ItemName>
      <ManufactureName>יוניליוור ישראל שיווק בעמ</ManufactureName>
      <ManufactureCountry />
      <ManufactureItemDescription />
      <UnitQty>יח`</UnitQty>
      <Quantity>44</Quantity>
      <UnitMeasure>גרם</UnitMeasure>
      <BisWeighted>0</BisWeighted>
      <QtyInPackage>1</QtyInPackage>
      <ItemPrice>6.90</ItemPrice>
      <UnitOfMeasurePrice>15.68</UnitOfMeasurePrice>
      <AllowDiscount>0</AllowDiscount>
      <itemStatus>1</itemStatus>
      <LastUpdateDate />
      <LastUpdateTime />
    </Product>
    <Product>
      <PriceUpdateDate>2020/01/08 13:10</PriceUpdateDate>
      <ItemCode>7290112493873</ItemCode>
      <ItemType>1</ItemType>
      <ItemName>חטיף אפוי דג דג (400 גרם) בייגל בייגל</ItemName>
      <ManufactureName>יוניליוור ישראל שיווק בעמ</ManufactureName>
      <ManufactureCountry />
      <ManufactureItemDescription />
      <UnitQty>יח`</UnitQty>
      <Quantity>400</Quantity>
      <UnitMeasure>גרם</UnitMeasure>
      <BisWeighted>0</BisWeighted>
      <QtyInPackage>1</QtyInPackage>
      <ItemPrice>13.90</ItemPrice>
      <UnitOfMeasurePrice>3.48</UnitOfMeasurePrice>
      <AllowDiscount>1</AllowDiscount>
      <itemStatus>1</itemStatus>
      <LastUpdateDate />
      <LastUpdateTime />
    </Product>
    <Product>
      <PriceUpdateDate>2020/01/09 15:52</PriceUpdateDate>
      <ItemCode>7290112493927</ItemCode>
      <ItemType>1</ItemType>
      <ItemName>שטראוס קרמיסימו בטעם ריבת חלב</ItemName>
      <ManufactureName>גלידות שטראוס בעמ</ManufactureName>
      <ManufactureCountry />
      <ManufactureItemDescription />
      <UnitQty>יח`</UnitQty>
      <Quantity>1.33</Quantity>
      <UnitMeasure>1 ליטר</UnitMeasure>
      <BisWeighted>0</BisWeighted>
      <QtyInPackage>1</QtyInPackage>
      <ItemPrice>18.90</ItemPrice>
      <UnitOfMeasurePrice>14.21</UnitOfMeasurePrice>
      <AllowDiscount>1</AllowDiscount>
      <itemStatus>1</itemStatus>
      <LastUpdateDate />
      <LastUpdateTime />
    </Product>
    <Product>
      <PriceUpdateDate>2020/01/09 15:52</PriceUpdateDate>
      <ItemCode>7290112493934</ItemCode>
      <ItemType>1</ItemType>
      <ItemName>שטראוס קרמיסימו וניל צרפתי</ItemName>
      <ManufactureName>גלידות שטראוס בעמ</ManufactureName>
      <ManufactureCountry />
      <ManufactureItemDescription />
      <UnitQty>יח`</UnitQty>
      <Quantity>1.33</Quantity>
      <UnitMeasure>1 ליטר</UnitMeasure>
      <BisWeighted>0</BisWeighted>
      <QtyInPackage>1</QtyInPackage>
      <ItemPrice>18.90</ItemPrice>
      <UnitOfMeasurePrice>14.21</UnitOfMeasurePrice>
      <AllowDiscount>1</AllowDiscount>
      <itemStatus>1</itemStatus>
      <LastUpdateDate />
      <LastUpdateTime />
    </Product>
    <Product>
      <PriceUpdateDate>2020/01/09 15:52</PriceUpdateDate>
      <ItemCode>7290112493965</ItemCode>
      <ItemType>1</ItemType>
      <ItemName>שטראוס קרמיסימו וניל ומסטיק</ItemName>
      <ManufactureName>גלידות שטראוס בעמ</ManufactureName>
      <ManufactureCountry />
      <ManufactureItemDescription />
      <UnitQty>יח`</UnitQty>
      <Quantity>1.33</Quantity>
      <UnitMeasure>1 ליטר</UnitMeasure>
      <BisWeighted>0</BisWeighted>
      <QtyInPackage>1</QtyInPackage>
      <ItemPrice>18.90</ItemPrice>
      <UnitOfMeasurePrice>14.21</UnitOfMeasurePrice>
      <AllowDiscount>1</AllowDiscount>
      <itemStatus>1</itemStatus>
      <LastUpdateDate />
      <LastUpdateTime />
    </Product>
    <Product>
      <PriceUpdateDate>2019/06/07 11:22</PriceUpdateDate>
      <ItemCode>7290112494009</ItemCode>
      <ItemType>1</ItemType>
      <ItemName>מאגדת כיפלי גריל 4*36 גר` תלמה</ItemName>
      <ManufactureName>יוניליוור ישראל שיווק בעמ</ManufactureName>
      <ManufactureCountry />
      <ManufactureItemDescription />
      <UnitQty>יח`</UnitQty>
      <Quantity>144</Quantity>
      <UnitMeasure>גרם</UnitMeasure>
      <BisWeighted>0</BisWeighted>
      <QtyInPackage>1</QtyInPackage>
      <ItemPrice>9.90</ItemPrice>
      <UnitOfMeasurePrice>6.88</UnitOfMeasurePrice>
      <AllowDiscount>0</AllowDiscount>
      <itemStatus>1</itemStatus>
      <LastUpdateDate />
      <LastUpdateTime />
    </Product>
    <Product>
      <PriceUpdateDate>2019/11/21 15:32</PriceUpdateDate>
      <ItemCode>7290112494221</ItemCode>
      <ItemType>1</ItemType>
      <ItemName>חטיף ביסקויט שוקולד חלב קליק (65 גרם)</ItemName>
      <ManufactureName>יוניליוור ישראל שיווק בעמ</ManufactureName>
      <ManufactureCountry />
      <ManufactureItemDescription />
      <UnitQty>יח`</UnitQty>
      <Quantity>65</Quantity>
      <UnitMeasure>גרם</UnitMeasure>
      <BisWeighted>0</BisWeighted>
      <QtyInPackage>1</QtyInPackage>
      <ItemPrice>5.90</ItemPrice>
      <UnitOfMeasurePrice>9.08</UnitOfMeasurePrice>
      <AllowDiscount>1</AllowDiscount>
      <itemStatus>1</itemStatus>
      <LastUpdateDate />
      <LastUpdateTime />
    </Product>
    <Product>
      <PriceUpdateDate>2019/11/12 08:34</PriceUpdateDate>
      <ItemCode>7290112494238</ItemCode>
      <ItemType>1</ItemType>
      <ItemName>חטיף כדורים שוקולד חלב קליק (65 גרם)</ItemName>
      <ManufactureName>יוניליוור ישראל שיווק בעמ</ManufactureName>
      <ManufactureCountry />
      <ManufactureItemDescription />
      <UnitQty>יח`</UnitQty>
      <Quantity>65</Quantity>
      <UnitMeasure>גרם</UnitMeasure>
      <BisWeighted>0</BisWeighted>
      <QtyInPackage>1</QtyInPackage>
      <ItemPrice>5.90</ItemPrice>
      <UnitOfMeasurePrice>9.08</UnitOfMeasurePrice>
      <AllowDiscount>1</AllowDiscount>
      <itemStatus>1</itemStatus>
      <LastUpdateDate />
      <LastUpdateTime />
    </Product>
    <Product>
      <PriceUpdateDate>2019/11/12 08:34</PriceUpdateDate>
      <ItemCode>7290112494276</ItemCode>
      <ItemType>1</ItemType>
      <ItemName>חטיף קליק כריות 65 גר`</ItemName>
      <ManufactureName>יוניליוור ישראל שיווק בעמ</ManufactureName>
      <ManufactureCountry />
      <ManufactureItemDescription />
      <UnitQty>יח`</UnitQty>
      <Quantity>65</Quantity>
      <UnitMeasure>גרם</UnitMeasure>
      <BisWeighted>0</BisWeighted>
      <QtyInPackage>1</QtyInPackage>
      <ItemPrice>5.90</ItemPrice>
      <UnitOfMeasurePrice>9.08</UnitOfMeasurePrice>
      <AllowDiscount>1</AllowDiscount>
      <itemStatus>1</itemStatus>
      <LastUpdateDate />
      <LastUpdateTime />
    </Product>
    <Product>
      <PriceUpdateDate>2019/11/12 08:34</PriceUpdateDate>
      <ItemCode>7290112494283</ItemCode>
      <ItemType>1</ItemType>
      <ItemName>חטיף כדורים מעורב חום לבו 65 גר` קליק</ItemName>
      <ManufactureName>יוניליוור ישראל שיווק בעמ</ManufactureName>
      <ManufactureCountry />
      <ManufactureItemDescription />
      <UnitQty>יח`</UnitQty>
      <Quantity>65</Quantity>
      <UnitMeasure>גרם</UnitMeasure>
      <BisWeighted>0</BisWeighted>
      <QtyInPackage>1</QtyInPackage>
      <ItemPrice>5.90</ItemPrice>
      <UnitOfMeasurePrice>9.08</UnitOfMeasurePrice>
      <AllowDiscount>1</AllowDiscount>
      <itemStatus>1</itemStatus>
      <LastUpdateDate />
      <LastUpdateTime />
    </Product>
    <Product>
      <PriceUpdateDate>2019/11/12 08:34</PriceUpdateDate>
      <ItemCode>7290112494313</ItemCode>
      <ItemType>1</ItemType>
      <ItemName>חטיף קליק קורנפלקס 65 גר`</ItemName>
      <ManufactureName>יוניליוור ישראל שיווק בעמ</ManufactureName>
      <ManufactureCountry />
      <ManufactureItemDescription />
      <UnitQty>יח`</UnitQty>
      <Quantity>65</Quantity>
      <UnitMeasure>גרם</UnitMeasure>
      <BisWeighted>0</BisWeighted>
      <QtyInPackage>1</QtyInPackage>
      <ItemPrice>5.90</ItemPrice>
      <UnitOfMeasurePrice>9.08</UnitOfMeasurePrice>
      <AllowDiscount>1</AllowDiscount>
      <itemStatus>1</itemStatus>
      <LastUpdateDate />
      <LastUpdateTime />
    </Product>
    <Product>
      <PriceUpdateDate>2020/03/17 06:42</PriceUpdateDate>
      <ItemCode>7290112494344</ItemCode>
      <ItemType>1</ItemType>
      <ItemName>קורנפלקס של אלופים תלמה (850 גרם)רבנות</ItemName>
      <ManufactureName>יוניליוור ישראל שיווק בעמ</ManufactureName>
      <ManufactureCountry />
      <ManufactureItemDescription />
      <UnitQty>יח`</UnitQty>
      <Quantity>850</Quantity>
      <UnitMeasure>גרם</UnitMeasure>
      <BisWeighted>0</BisWeighted>
      <QtyInPackage>1</QtyInPackage>
      <ItemPrice>18.90</ItemPrice>
      <UnitOfMeasurePrice>2.22</UnitOfMeasurePrice>
      <AllowDiscount>1</AllowDiscount>
      <itemStatus>1</itemStatus>
      <LastUpdateDate />
      <LastUpdateTime />
    </Product>
    <Product>
      <PriceUpdateDate>2020/03/17 08:15</PriceUpdateDate>
      <ItemCode>7290112494351</ItemCode>
      <ItemType>1</ItemType>
      <ItemName>קורנפלקס של אלופים תלמה (850 גרם).בדצ</ItemName>
      <ManufactureName>יוניליוור ישראל שיווק בעמ</ManufactureName>
      <ManufactureCountry />
      <ManufactureItemDescription />
      <UnitQty>יח`</UnitQty>
      <Quantity>850</Quantity>
      <UnitMeasure>גרם</UnitMeasure>
      <BisWeighted>0</BisWeighted>
      <QtyInPackage>1</QtyInPackage>
      <ItemPrice>18.90</ItemPrice>
      <UnitOfMeasurePrice>2.22</UnitOfMeasurePrice>
      <AllowDiscount>1</AllowDiscount>
      <itemStatus>1</itemStatus>
      <LastUpdateDate />
      <LastUpdateTime />
    </Product>
    <Product>
      <PriceUpdateDate>2020/01/06 10:43</PriceUpdateDate>
      <ItemCode>7290112494474</ItemCode>
      <ItemType>1</ItemType>
      <ItemName>בייגלה דקים דקים שומשום במליחות מעודנת 3</ItemName>
      <ManufactureName>יוניליוור ישראל שיווק בעמ</ManufactureName>
      <ManufactureCountry />
      <ManufactureItemDescription />
      <UnitQty>יח`</UnitQty>
      <Quantity>300</Quantity>
      <UnitMeasure>גרם</UnitMeasure>
      <BisWeighted>0</BisWeighted>
      <QtyInPackage>1</QtyInPackage>
      <ItemPrice>10.90</ItemPrice>
      <UnitOfMeasurePrice>3.63</UnitOfMeasurePrice>
      <AllowDiscount>1</AllowDiscount>
      <itemStatus>1</itemStatus>
      <LastUpdateDate />
      <LastUpdateTime />
    </Product>
    <Product>
      <PriceUpdateDate>2019/12/15 13:43</PriceUpdateDate>
      <ItemCode>7290112494610</ItemCode>
      <ItemType>1</ItemType>
      <ItemName>רוטב פיקנטי לדג 415 גר` קנור</ItemName>
      <ManufactureName>יוניליוור ישראל שיווק בעמ</ManufactureName>
      <ManufactureCountry />
      <ManufactureItemDescription />
      <UnitQty>יח`</UnitQty>
      <Quantity>415</Quantity>
      <UnitMeasure>גרם</UnitMeasure>
      <BisWeighted>0</BisWeighted>
      <QtyInPackage>1</QtyInPackage>
      <ItemPrice>12.90</ItemPrice>
      <UnitOfMeasurePrice>3.11</UnitOfMeasurePrice>
      <AllowDiscount>1</AllowDiscount>
      <itemStatus>1</itemStatus>
      <LastUpdateDate />
      <LastUpdateTime />
    </Product>
    <Product>
      <PriceUpdateDate>2019/12/22 11:06</PriceUpdateDate>
      <ItemCode>7290112494702</ItemCode>
      <ItemType>1</ItemType>
      <ItemName>קליק חטיף שוקולד בננה עוגיות 38 גר</ItemName>
      <ManufactureName>יוניליוור ישראל שיווק בעמ</ManufactureName>
      <ManufactureCountry />
      <ManufactureItemDescription />
      <UnitQty>יח`</UnitQty>
      <Quantity>38</Quantity>
      <UnitMeasure>גרם</UnitMeasure>
      <BisWeighted>0</BisWeighted>
      <QtyInPackage>1</QtyInPackage>
      <ItemPrice>4.90</ItemPrice>
      <UnitOfMeasurePrice>12.89</UnitOfMeasurePrice>
      <AllowDiscount>1</AllowDiscount>
      <itemStatus>1</itemStatus>
      <LastUpdateDate />
      <LastUpdateTime />
    </Product>
    <Product>
      <PriceUpdateDate>2019/11/19 08:38</PriceUpdateDate>
      <ItemCode>7290112494801</ItemCode>
      <ItemType>1</ItemType>
      <ItemName>ג`ל כביסה לבנה וצבעונית בניחוח בדין ורוד</ItemName>
      <ManufactureName>יוניליוור ישראל שיווק בעמ</ManufactureName>
      <ManufactureCountry />
      <ManufactureItemDescription />
      <UnitQty>יח`</UnitQty>
      <Quantity>1</Quantity>
      <UnitMeasure />
      <BisWeighted>0</BisWeighted>
      <QtyInPackage>1</QtyInPackage>
      <ItemPrice>29.90</ItemPrice>
      <UnitOfMeasurePrice>29.90</UnitOfMeasurePrice>
      <AllowDiscount>0</AllowDiscount>
      <itemStatus>1</itemStatus>
      <LastUpdateDate />
      <LastUpdateTime />
    </Product>
    <Product>
      <PriceUpdateDate>2019/11/19 08:38</PriceUpdateDate>
      <ItemCode>7290112494818</ItemCode>
      <ItemType>1</ItemType>
      <ItemName>ג`ל כביסה לבנה וצבעונית בייבי 2.5 קג</ItemName>
      <ManufactureName>יוניליוור ישראל שיווק בעמ</ManufactureName>
      <ManufactureCountry />
      <ManufactureItemDescription />
      <UnitQty>יח`</UnitQty>
      <Quantity>1</Quantity>
      <UnitMeasure />
      <BisWeighted>0</BisWeighted>
      <QtyInPackage>1</QtyInPackage>
      <ItemPrice>29.90</ItemPrice>
      <UnitOfMeasurePrice>29.90</UnitOfMeasurePrice>
      <AllowDiscount>0</AllowDiscount>
      <itemStatus>1</itemStatus>
      <LastUpdateDate />
      <LastUpdateTime />
    </Product>
    <Product>
      <PriceUpdateDate>2019/12/15 13:43</PriceUpdateDate>
      <ItemCode>7290112494955</ItemCode>
      <ItemType>1</ItemType>
      <ItemName>רוטב חרדל וסילאן 340 גר` קנור</ItemName>
      <ManufactureName>יוניליוור ישראל שיווק בעמ</ManufactureName>
      <ManufactureCountry />
      <ManufactureItemDescription />
      <UnitQty>יח`</UnitQty>
      <Quantity>340</Quantity>
      <UnitMeasure>מ"ל</UnitMeasure>
      <BisWeighted>0</BisWeighted>
      <QtyInPackage>1</QtyInPackage>
      <ItemPrice>12.90</ItemPrice>
      <UnitOfMeasurePrice>3.79</UnitOfMeasurePrice>
      <AllowDiscount>1</AllowDiscount>
      <itemStatus>1</itemStatus>
      <LastUpdateDate />
      <LastUpdateTime />
    </Product>
    <Product>
      <PriceUpdateDate>2019/12/15 13:43</PriceUpdateDate>
      <ItemCode>7290112494979</ItemCode>
      <ItemType>1</ItemType>
      <ItemName>רוטב שום ודבש 360 גר` קנור</ItemName>
      <ManufactureName>יוניליוור ישראל שיווק בעמ</ManufactureName>
      <ManufactureCountry />
      <ManufactureItemDescription />
      <UnitQty>יח`</UnitQty>
      <Quantity>360</Quantity>
      <UnitMeasure>מ"ל</UnitMeasure>
      <BisWeighted>0</BisWeighted>
      <QtyInPackage>1</QtyInPackage>
      <ItemPrice>12.90</ItemPrice>
      <UnitOfMeasurePrice>3.58</UnitOfMeasurePrice>
      <AllowDiscount>1</AllowDiscount>
      <itemStatus>1</itemStatus>
      <LastUpdateDate />
      <LastUpdateTime />
    </Product>
    <Product>
      <PriceUpdateDate>2019/11/12 08:34</PriceUpdateDate>
      <ItemCode>7290112494993</ItemCode>
      <ItemType>1</ItemType>
      <ItemName>כריות וניל 686 גר` תלמה</ItemName>
      <ManufactureName>יוניליוור ישראל שיווק בעמ</ManufactureName>
      <ManufactureCountry />
      <ManufactureItemDescription />
      <UnitQty>יח`</UnitQty>
      <Quantity>686</Quantity>
      <UnitMeasure>גרם</UnitMeasure>
      <BisWeighted>0</BisWeighted>
      <QtyInPackage>1</QtyInPackage>
      <ItemPrice>29.90</ItemPrice>
      <UnitOfMeasurePrice>4.36</UnitOfMeasurePrice>
      <AllowDiscount>1</AllowDiscount>
      <itemStatus>1</itemStatus>
      <LastUpdateDate />
      <LastUpdateTime />
    </Product>
    <Product>
      <PriceUpdateDate>2019/11/12 08:34</PriceUpdateDate>
      <ItemCode>7290112495006</ItemCode>
      <ItemType>1</ItemType>
      <ItemName>כריות נוגט 686 גר` תלמה</ItemName>
      <ManufactureName>יוניליוור ישראל שיווק בעמ</ManufactureName>
      <ManufactureCountry />
      <ManufactureItemDescription />
      <UnitQty>יח`</UnitQty>
      <Quantity>686</Quantity>
      <UnitMeasure>גרם</UnitMeasure>
      <BisWeighted>0</BisWeighted>
      <QtyInPackage>1</QtyInPackage>
      <ItemPrice>24.90</ItemPrice>
      <UnitOfMeasurePrice>3.63</UnitOfMeasurePrice>
      <AllowDiscount>1</AllowDiscount>
      <itemStatus>1</itemStatus>
      <LastUpdateDate />
      <LastUpdateTime />
    </Product>
    <Product>
      <PriceUpdateDate>2019/11/05 11:40</PriceUpdateDate>
      <ItemCode>7290112495020</ItemCode>
      <ItemType>1</ItemType>
      <ItemName>כריות צ`וקולדה תלמה (686 גר` )</ItemName>
      <ManufactureName>יוניליוור ישראל שיווק בעמ</ManufactureName>
      <ManufactureCountry />
      <ManufactureItemDescription />
      <UnitQty>יח`</UnitQty>
      <Quantity>686</Quantity>
      <UnitMeasure>גרם</UnitMeasure>
      <BisWeighted>0</BisWeighted>
      <QtyInPackage>1</QtyInPackage>
      <ItemPrice>29.90</ItemPrice>
      <UnitOfMeasurePrice>4.36</UnitOfMeasurePrice>
      <AllowDiscount>1</AllowDiscount>
      <itemStatus>1</itemStatus>
      <LastUpdateDate />
      <LastUpdateTime />
    </Product>
    <Product>
      <PriceUpdateDate>2019/11/12 08:34</PriceUpdateDate>
      <ItemCode>7290112495037</ItemCode>
      <ItemType>1</ItemType>
      <ItemName>קוקומן כדורים 375 גר` תלמה</ItemName>
      <ManufactureName>יוניליוור ישראל שיווק בעמ</ManufactureName>
      <ManufactureCountry />
      <ManufactureItemDescription />
      <UnitQty>יח`</UnitQty>
      <Quantity>375</Quantity>
      <UnitMeasure>גרם</UnitMeasure>
      <BisWeighted>0</BisWeighted>
      <QtyInPackage>1</QtyInPackage>
      <ItemPrice>21.90</ItemPrice>
      <UnitOfMeasurePrice>5.84</UnitOfMeasurePrice>
      <AllowDiscount>1</AllowDiscount>
      <itemStatus>1</itemStatus>
      <LastUpdateDate />
      <LastUpdateTime />
    </Product>
    <Product>
      <PriceUpdateDate>2019/11/12 08:34</PriceUpdateDate>
      <ItemCode>7290112495044</ItemCode>
      <ItemType>1</ItemType>
      <ItemName>דגני קוקומן פצפוצים תלמה (375 גרם)</ItemName>
      <ManufactureName>יוניליוור ישראל שיווק בעמ</ManufactureName>
      <ManufactureCountry />
      <ManufactureItemDescription />
      <UnitQty>יח`</UnitQty>
      <Quantity>375</Quantity>
      <UnitMeasure>גרם</UnitMeasure>
      <BisWeighted>0</BisWeighted>
      <QtyInPackage>1</QtyInPackage>
      <ItemPrice>21.90</ItemPrice>
      <UnitOfMeasurePrice>5.84</UnitOfMeasurePrice>
      <AllowDiscount>1</AllowDiscount>
      <itemStatus>1</itemStatus>
      <LastUpdateDate />
      <LastUpdateTime />
    </Product>
    <Product>
      <PriceUpdateDate>2019/11/05 11:38</PriceUpdateDate>
      <ItemCode>7290112495099</ItemCode>
      <ItemType>1</ItemType>
      <ItemName>דגני בוקר בטעם טופי קרמל 375 גר` פרוזן</ItemName>
      <ManufactureName>יוניליוור ישראל שיווק בעמ</ManufactureName>
      <ManufactureCountry />
      <ManufactureItemDescription />
      <UnitQty>יח`</UnitQty>
      <Quantity>375</Quantity>
      <UnitMeasure>גרם</UnitMeasure>
      <BisWeighted>0</BisWeighted>
      <QtyInPackage>1</QtyInPackage>
      <ItemPrice>21.90</ItemPrice>
      <UnitOfMeasurePrice>5.84</UnitOfMeasurePrice>
      <AllowDiscount>1</AllowDiscount>
      <itemStatus>1</itemStatus>
      <LastUpdateDate />
      <LastUpdateTime />
    </Product>
    <Product>
      <PriceUpdateDate>2019/11/05 11:40</PriceUpdateDate>
      <ItemCode>7290112495105</ItemCode>
      <ItemType>1</ItemType>
      <ItemName>נישנושים תפוא שמנת בצל 260 גר`</ItemName>
      <ManufactureName>יוניליוור ישראל שיווק בעמ</ManufactureName>
      <ManufactureCountry />
      <ManufactureItemDescription />
      <UnitQty>יח`</UnitQty>
      <Quantity>260</Quantity>
      <UnitMeasure>גרם</UnitMeasure>
      <BisWeighted>0</BisWeighted>
      <QtyInPackage>1</QtyInPackage>
      <ItemPrice>12.90</ItemPrice>
      <UnitOfMeasurePrice>4.96</UnitOfMeasurePrice>
      <AllowDiscount>1</AllowDiscount>
      <itemStatus>1</itemStatus>
      <LastUpdateDate />
      <LastUpdateTime />
    </Product>
    <Product>
      <PriceUpdateDate>2019/11/05 11:40</PriceUpdateDate>
      <ItemCode>7290112495112</ItemCode>
      <ItemType>1</ItemType>
      <ItemName>נישנושים זעתר 260 גר`</ItemName>
      <ManufactureName>יוניליוור ישראל שיווק בעמ</ManufactureName>
      <ManufactureCountry />
      <ManufactureItemDescription />
      <UnitQty>יח`</UnitQty>
      <Quantity>260</Quantity>
      <UnitMeasure>גרם</UnitMeasure>
      <BisWeighted>0</BisWeighted>
      <QtyInPackage>1</QtyInPackage>
      <ItemPrice>12.90</ItemPrice>
      <UnitOfMeasurePrice>4.96</UnitOfMeasurePrice>
      <AllowDiscount>1</AllowDiscount>
      <itemStatus>1</itemStatus>
      <LastUpdateDate />
      <LastUpdateTime />
    </Product>
    <Product>
      <PriceUpdateDate>2019/11/13 15:43</PriceUpdateDate>
      <ItemCode>7290112495136</ItemCode>
      <ItemType>1</ItemType>
      <ItemName>נשנושי קרקר 6 דגנים 300 גר`</ItemName>
      <ManufactureName>יוניליוור ישראל שיווק בעמ</ManufactureName>
      <ManufactureCountry />
      <ManufactureItemDescription />
      <UnitQty>יח`</UnitQty>
      <Quantity>300</Quantity>
      <UnitMeasure>גרם</UnitMeasure>
      <BisWeighted>0</BisWeighted>
      <QtyInPackage>1</QtyInPackage>
      <ItemPrice>12.90</ItemPrice>
      <UnitOfMeasurePrice>4.30</UnitOfMeasurePrice>
      <AllowDiscount>1</AllowDiscount>
      <itemStatus>1</itemStatus>
      <LastUpdateDate />
      <LastUpdateTime />
    </Product>
    <Product>
      <PriceUpdateDate>2019/11/13 15:43</PriceUpdateDate>
      <ItemCode>7290112495143</ItemCode>
      <ItemType>1</ItemType>
      <ItemName>נשנושי קרקר קוקטייל מלוח 300 גר`</ItemName>
      <ManufactureName>יוניליוור ישראל שיווק בעמ</ManufactureName>
      <ManufactureCountry />
      <ManufactureItemDescription />
      <UnitQty>יח`</UnitQty>
      <Quantity>300</Quantity>
      <UnitMeasure>גרם</UnitMeasure>
      <BisWeighted>0</BisWeighted>
      <QtyInPackage>1</QtyInPackage>
      <ItemPrice>12.90</ItemPrice>
      <UnitOfMeasurePrice>4.30</UnitOfMeasurePrice>
      <AllowDiscount>1</AllowDiscount>
      <itemStatus>1</itemStatus>
      <LastUpdateDate />
      <LastUpdateTime />
    </Product>
    <Product>
      <PriceUpdateDate>2019/11/13 15:43</PriceUpdateDate>
      <ItemCode>7290112495150</ItemCode>
      <ItemType>1</ItemType>
      <ItemName>נשנושי קרקר עיגולים מלוחים 300 גר`</ItemName>
      <ManufactureName>יוניליוור ישראל שיווק בעמ</ManufactureName>
      <ManufactureCountry />
      <ManufactureItemDescription />
      <UnitQty>יח`</UnitQty>
      <Quantity>300</Quantity>
      <UnitMeasure>גרם</UnitMeasure>
      <BisWeighted>0</BisWeighted>
      <QtyInPackage>1</QtyInPackage>
      <ItemPrice>12.90</ItemPrice>
      <UnitOfMeasurePrice>4.30</UnitOfMeasurePrice>
      <AllowDiscount>1</AllowDiscount>
      <itemStatus>1</itemStatus>
      <LastUpdateDate />
      <LastUpdateTime />
    </Product>
    <Product>
      <PriceUpdateDate>2019/11/13 15:43</PriceUpdateDate>
      <ItemCode>7290112495167</ItemCode>
      <ItemType>1</ItemType>
      <ItemName>נשנושי קרקר משולשי שומשום 300 גר</ItemName>
      <ManufactureName>יוניליוור ישראל שיווק בעמ</ManufactureName>
      <ManufactureCountry />
      <ManufactureItemDescription />
      <UnitQty>יח`</UnitQty>
      <Quantity>300</Quantity>
      <UnitMeasure>גרם</UnitMeasure>
      <BisWeighted>0</BisWeighted>
      <QtyInPackage>1</QtyInPackage>
      <ItemPrice>12.90</ItemPrice>
      <UnitOfMeasurePrice>4.30</UnitOfMeasurePrice>
      <AllowDiscount>1</AllowDiscount>
      <itemStatus>1</itemStatus>
      <LastUpdateDate />
      <LastUpdateTime />
    </Product>
    <Product>
      <PriceUpdateDate>2019/11/13 15:43</PriceUpdateDate>
      <ItemCode>7290112495174</ItemCode>
      <ItemType>1</ItemType>
      <ItemName>נשנושי קרקר קוקטייל שומשום 300 גר`</ItemName>
      <ManufactureName>יוניליוור ישראל שיווק בעמ</ManufactureName>
      <ManufactureCountry />
      <ManufactureItemDescription />
      <UnitQty>יח`</UnitQty>
      <Quantity>300</Quantity>
      <UnitMeasure>גרם</UnitMeasure>
      <BisWeighted>0</BisWeighted>
      <QtyInPackage>1</QtyInPackage>
      <ItemPrice>12.90</ItemPrice>
      <UnitOfMeasurePrice>4.30</UnitOfMeasurePrice>
      <AllowDiscount>1</AllowDiscount>
      <itemStatus>1</itemStatus>
      <LastUpdateDate />
      <LastUpdateTime />
    </Product>
    <Product>
      <PriceUpdateDate>2019/12/31 09:54</PriceUpdateDate>
      <ItemCode>7290112495228</ItemCode>
      <ItemType>1</ItemType>
      <ItemName>קורנפלקס דבש 448 גר` תלמה</ItemName>
      <ManufactureName>יוניליוור ישראל שיווק בעמ</ManufactureName>
      <ManufactureCountry />
      <ManufactureItemDescription />
      <UnitQty>יח`</UnitQty>
      <Quantity>484</Quantity>
      <UnitMeasure>גרם</UnitMeasure>
      <BisWeighted>0</BisWeighted>
      <QtyInPackage>1</QtyInPackage>
      <ItemPrice>16.90</ItemPrice>
      <UnitOfMeasurePrice>3.49</UnitOfMeasurePrice>
      <AllowDiscount>1</AllowDiscount>
      <itemStatus>1</itemStatus>
      <LastUpdateDate />
      <LastUpdateTime />
    </Product>
    <Product>
      <PriceUpdateDate>2019/11/12 08:34</PriceUpdateDate>
      <ItemCode>7290112495235</ItemCode>
      <ItemType>1</ItemType>
      <ItemName>קורנפלקס וניל 415  גר`תלמה</ItemName>
      <ManufactureName>יוניליוור ישראל שיווק בעמ</ManufactureName>
      <ManufactureCountry />
      <ManufactureItemDescription />
      <UnitQty>יח`</UnitQty>
      <Quantity>415</Quantity>
      <UnitMeasure>גרם</UnitMeasure>
      <BisWeighted>0</BisWeighted>
      <QtyInPackage>1</QtyInPackage>
      <ItemPrice>19.90</ItemPrice>
      <UnitOfMeasurePrice>4.80</UnitOfMeasurePrice>
      <AllowDiscount>1</AllowDiscount>
      <itemStatus>1</itemStatus>
      <LastUpdateDate />
      <LastUpdateTime />
    </Product>
    <Product>
      <PriceUpdateDate>2020/01/06 10:43</PriceUpdateDate>
      <ItemCode>7290112495242</ItemCode>
      <ItemType>1</ItemType>
      <ItemName>קורנפלקס מייפל 448  גר`תלמה</ItemName>
      <ManufactureName>יוניליוור ישראל שיווק בעמ</ManufactureName>
      <ManufactureCountry />
      <ManufactureItemDescription />
      <UnitQty>יח`</UnitQty>
      <Quantity>448</Quantity>
      <UnitMeasure>גרם</UnitMeasure>
      <BisWeighted>0</BisWeighted>
      <QtyInPackage>1</QtyInPackage>
      <ItemPrice>16.90</ItemPrice>
      <UnitOfMeasurePrice>3.77</UnitOfMeasurePrice>
      <AllowDiscount>1</AllowDiscount>
      <itemStatus>1</itemStatus>
      <LastUpdateDate />
      <LastUpdateTime />
    </Product>
    <Product>
      <PriceUpdateDate>2020/02/14 06:23</PriceUpdateDate>
      <ItemCode>7290112495280</ItemCode>
      <ItemType>1</ItemType>
      <ItemName>ברנפלקס ריבועי קינמון תלמה (400 גרם)</ItemName>
      <ManufactureName>יוניליוור ישראל שיווק בעמ</ManufactureName>
      <ManufactureCountry />
      <ManufactureItemDescription />
      <UnitQty>יח`</UnitQty>
      <Quantity>400</Quantity>
      <UnitMeasure>גרם</UnitMeasure>
      <BisWeighted>0</BisWeighted>
      <QtyInPackage>1</QtyInPackage>
      <ItemPrice>22.90</ItemPrice>
      <UnitOfMeasurePrice>5.73</UnitOfMeasurePrice>
      <AllowDiscount>1</AllowDiscount>
      <itemStatus>1</itemStatus>
      <LastUpdateDate />
      <LastUpdateTime />
    </Product>
    <Product>
      <PriceUpdateDate>2020/01/06 10:43</PriceUpdateDate>
      <ItemCode>7290112495396</ItemCode>
      <ItemType>1</ItemType>
      <ItemName>בייגלה שבלולים עם מלח 270 גר` בייגל בייג</ItemName>
      <ManufactureName>יוניליוור ישראל שיווק בעמ</ManufactureName>
      <ManufactureCountry />
      <ManufactureItemDescription />
      <UnitQty>יח`</UnitQty>
      <Quantity>270</Quantity>
      <UnitMeasure>גרם</UnitMeasure>
      <BisWeighted>0</BisWeighted>
      <QtyInPackage>1</QtyInPackage>
      <ItemPrice>10.90</ItemPrice>
      <UnitOfMeasurePrice>4.04</UnitOfMeasurePrice>
      <AllowDiscount>1</AllowDiscount>
      <itemStatus>1</itemStatus>
      <LastUpdateDate />
      <LastUpdateTime />
    </Product>
    <Product>
      <PriceUpdateDate>2019/08/29 10:52</PriceUpdateDate>
      <ItemCode>7290112495433</ItemCode>
      <ItemType>1</ItemType>
      <ItemName>דליפקאן תוספת אגוזי פקאן ושקדים תלמה (40</ItemName>
      <ManufactureName>יוניליוור ישראל שיווק בעמ</ManufactureName>
      <ManufactureCountry />
      <ManufactureItemDescription />
      <UnitQty>יח`</UnitQty>
      <Quantity>400</Quantity>
      <UnitMeasure>גרם</UnitMeasure>
      <BisWeighted>0</BisWeighted>
      <QtyInPackage>1</QtyInPackage>
      <ItemPrice>22.90</ItemPrice>
      <UnitOfMeasurePrice>5.73</UnitOfMeasurePrice>
      <AllowDiscount>1</AllowDiscount>
      <itemStatus>1</itemStatus>
      <LastUpdateDate />
      <LastUpdateTime />
    </Product>
    <Product>
      <PriceUpdateDate>2020/02/14 06:23</PriceUpdateDate>
      <ItemCode>7290112495488</ItemCode>
      <ItemType>1</ItemType>
      <ItemName>קורנפלקס ללא גלוטן תלמה 500 גרם</ItemName>
      <ManufactureName>יוניליוור ישראל שיווק בעמ</ManufactureName>
      <ManufactureCountry />
      <ManufactureItemDescription />
      <UnitQty>יח`</UnitQty>
      <Quantity>500</Quantity>
      <UnitMeasure>גרם</UnitMeasure>
      <BisWeighted>0</BisWeighted>
      <QtyInPackage>1</QtyInPackage>
      <ItemPrice>15.90</ItemPrice>
      <UnitOfMeasurePrice>3.18</UnitOfMeasurePrice>
      <AllowDiscount>0</AllowDiscount>
      <itemStatus>1</itemStatus>
      <LastUpdateDate />
      <LastUpdateTime />
    </Product>
    <Product>
      <PriceUpdateDate>2020/02/14 06:23</PriceUpdateDate>
      <ItemCode>7290112495662</ItemCode>
      <ItemType>1</ItemType>
      <ItemName>קרקר חיטה מלאה עם פשתן 300 גרם</ItemName>
      <ManufactureName>יוניליוור ישראל שיווק בעמ</ManufactureName>
      <ManufactureCountry />
      <ManufactureItemDescription />
      <UnitQty>יח`</UnitQty>
      <Quantity>300</Quantity>
      <UnitMeasure>גרם</UnitMeasure>
      <BisWeighted>0</BisWeighted>
      <QtyInPackage>1</QtyInPackage>
      <ItemPrice>8.90</ItemPrice>
      <UnitOfMeasurePrice>2.97</UnitOfMeasurePrice>
      <AllowDiscount>0</AllowDiscount>
      <itemStatus>1</itemStatus>
      <LastUpdateDate />
      <LastUpdateTime />
    </Product>
    <Product>
      <PriceUpdateDate>2020/01/06 10:43</PriceUpdateDate>
      <ItemCode>7290112495747</ItemCode>
      <ItemType>1</ItemType>
      <ItemName>רוטב צ`ילי מתוק 340 מל ( 70% מופחת סוכר)</ItemName>
      <ManufactureName>יוניליוור ישראל שיווק בעמ</ManufactureName>
      <ManufactureCountry />
      <ManufactureItemDescription />
      <UnitQty>יח`</UnitQty>
      <Quantity>340</Quantity>
      <UnitMeasure>מ"ל</UnitMeasure>
      <BisWeighted>0</BisWeighted>
      <QtyInPackage>1</QtyInPackage>
      <ItemPrice>12.90</ItemPrice>
      <UnitOfMeasurePrice>3.79</UnitOfMeasurePrice>
      <AllowDiscount>1</AllowDiscount>
      <itemStatus>1</itemStatus>
      <LastUpdateDate />
      <LastUpdateTime />
    </Product>
    <Product>
      <PriceUpdateDate>2020/01/06 10:43</PriceUpdateDate>
      <ItemCode>7290112495754</ItemCode>
      <ItemType>1</ItemType>
      <ItemName>רוטב לסלט אלף האיים הלמנס (305 מל)</ItemName>
      <ManufactureName>יוניליוור ישראל שיווק בעמ</ManufactureName>
      <ManufactureCountry />
      <ManufactureItemDescription />
      <UnitQty>יח`</UnitQty>
      <Quantity>305</Quantity>
      <UnitMeasure>מ"ל</UnitMeasure>
      <BisWeighted>0</BisWeighted>
      <QtyInPackage>1</QtyInPackage>
      <ItemPrice>12.90</ItemPrice>
      <UnitOfMeasurePrice>4.23</UnitOfMeasurePrice>
      <AllowDiscount>1</AllowDiscount>
      <itemStatus>1</itemStatus>
      <LastUpdateDate />
      <LastUpdateTime />
    </Product>
    <Product>
      <PriceUpdateDate>2020/01/06 10:43</PriceUpdateDate>
      <ItemCode>7290112495761</ItemCode>
      <ItemType>1</ItemType>
      <ItemName>רוטב לסלט אלף האיים לייט הלמנס (305 מל)</ItemName>
      <ManufactureName>יוניליוור ישראל שיווק בעמ</ManufactureName>
      <ManufactureCountry />
      <ManufactureItemDescription />
      <UnitQty>יח`</UnitQty>
      <Quantity>305</Quantity>
      <UnitMeasure>מ"ל</UnitMeasure>
      <BisWeighted>0</BisWeighted>
      <QtyInPackage>1</QtyInPackage>
      <ItemPrice>12.90</ItemPrice>
      <UnitOfMeasurePrice>4.23</UnitOfMeasurePrice>
      <AllowDiscount>1</AllowDiscount>
      <itemStatus>1</itemStatus>
      <LastUpdateDate />
      <LastUpdateTime />
    </Product>
    <Product>
      <PriceUpdateDate>2020/01/06 10:43</PriceUpdateDate>
      <ItemCode>7290112495785</ItemCode>
      <ItemType>1</ItemType>
      <ItemName>רוטב לסלט שום (300 גרם) הלמנס</ItemName>
      <ManufactureName>יוניליוור ישראל שיווק בעמ</ManufactureName>
      <ManufactureCountry />
      <ManufactureItemDescription />
      <UnitQty>יח`</UnitQty>
      <Quantity>300</Quantity>
      <UnitMeasure>גרם</UnitMeasure>
      <BisWeighted>0</BisWeighted>
      <QtyInPackage>1</QtyInPackage>
      <ItemPrice>12.90</ItemPrice>
      <UnitOfMeasurePrice>4.30</UnitOfMeasurePrice>
      <AllowDiscount>1</AllowDiscount>
      <itemStatus>1</itemStatus>
      <LastUpdateDate />
      <LastUpdateTime />
    </Product>
    <Product>
      <PriceUpdateDate>2020/01/06 10:43</PriceUpdateDate>
      <ItemCode>7290112495792</ItemCode>
      <ItemType>1</ItemType>
      <ItemName>רוטב שום לייט 300 גר הלמנס</ItemName>
      <ManufactureName>יוניליוור ישראל שיווק בעמ</ManufactureName>
      <ManufactureCountry />
      <ManufactureItemDescription />
      <UnitQty>יח`</UnitQty>
      <Quantity>300</Quantity>
      <UnitMeasure>גרם</UnitMeasure>
      <BisWeighted>0</BisWeighted>
      <QtyInPackage>1</QtyInPackage>
      <ItemPrice>12.90</ItemPrice>
      <UnitOfMeasurePrice>4.30</UnitOfMeasurePrice>
      <AllowDiscount>1</AllowDiscount>
      <itemStatus>1</itemStatus>
      <LastUpdateDate />
      <LastUpdateTime />
    </Product>
    <Product>
      <PriceUpdateDate>2020/01/06 10:43</PriceUpdateDate>
      <ItemCode>7290112495808</ItemCode>
      <ItemType>1</ItemType>
      <ItemName>רוטב לסלט חרדל ודבש הלמנס (305 מל)</ItemName>
      <ManufactureName>יוניליוור ישראל שיווק בעמ</ManufactureName>
      <ManufactureCountry />
      <ManufactureItemDescription />
      <UnitQty>יח`</UnitQty>
      <Quantity>305</Quantity>
      <UnitMeasure>מ"ל</UnitMeasure>
      <BisWeighted>0</BisWeighted>
      <QtyInPackage>1</QtyInPackage>
      <ItemPrice>12.90</ItemPrice>
      <UnitOfMeasurePrice>4.23</UnitOfMeasurePrice>
      <AllowDiscount>0</AllowDiscount>
      <itemStatus>1</itemStatus>
      <LastUpdateDate />
      <LastUpdateTime />
    </Product>
    <Product>
      <PriceUpdateDate>2020/03/29 07:02</PriceUpdateDate>
      <ItemCode>7290112495815</ItemCode>
      <ItemType>1</ItemType>
      <ItemName>רוטב לסלט חרדל ודבש לייט (305  גרם)הלמנס</ItemName>
      <ManufactureName>יוניליוור ישראל שיווק בעמ</ManufactureName>
      <ManufactureCountry />
      <ManufactureItemDescription />
      <UnitQty>יח`</UnitQty>
      <Quantity>305</Quantity>
      <UnitMeasure>גרם</UnitMeasure>
      <BisWeighted>0</BisWeighted>
      <QtyInPackage>1</QtyInPackage>
      <ItemPrice>12.90</ItemPrice>
      <UnitOfMeasurePrice>4.23</UnitOfMeasurePrice>
      <AllowDiscount>0</AllowDiscount>
      <itemStatus>1</itemStatus>
      <LastUpdateDate />
      <LastUpdateTime />
    </Product>
    <Product>
      <PriceUpdateDate>2020/02/14 06:23</PriceUpdateDate>
      <ItemCode>7290112496034</ItemCode>
      <ItemType>1</ItemType>
      <ItemName>סירופ בטעם מייפל אפיכל כשלפ 580 גרם</ItemName>
      <ManufactureName>יוניליוור ישראל שיווק בעמ</ManufactureName>
      <ManufactureCountry />
      <ManufactureItemDescription />
      <UnitQty>יח`</UnitQty>
      <Quantity>580</Quantity>
      <UnitMeasure>גרם</UnitMeasure>
      <BisWeighted>0</BisWeighted>
      <QtyInPackage>1</QtyInPackage>
      <ItemPrice>14.90</ItemPrice>
      <UnitOfMeasurePrice>2.57</UnitOfMeasurePrice>
      <AllowDiscount>0</AllowDiscount>
      <itemStatus>1</itemStatus>
      <LastUpdateDate />
      <LastUpdateTime />
    </Product>
    <Product>
      <PriceUpdateDate>2020/04/23 06:49</PriceUpdateDate>
      <ItemCode>7290112496218</ItemCode>
      <ItemType>1</ItemType>
      <ItemName>טריאקי הפחתה של 50% סוכר ונתרן</ItemName>
      <ManufactureName>יוניליוור ישראל שיווק בעמ</ManufactureName>
      <ManufactureCountry />
      <ManufactureItemDescription />
      <UnitQty>יח`</UnitQty>
      <Quantity>340</Quantity>
      <UnitMeasure>מ"ל</UnitMeasure>
      <BisWeighted>0</BisWeighted>
      <QtyInPackage>1</QtyInPackage>
      <ItemPrice>12.90</ItemPrice>
      <UnitOfMeasurePrice>3.79</UnitOfMeasurePrice>
      <AllowDiscount>0</AllowDiscount>
      <itemStatus>1</itemStatus>
      <LastUpdateDate />
      <LastUpdateTime />
    </Product>
    <Product>
      <PriceUpdateDate>2020/01/09 15:52</PriceUpdateDate>
      <ItemCode>7290112499691</ItemCode>
      <ItemType>1</ItemType>
      <ItemName>מאגדת-מיני מגנום לבן שקדים מובחרים</ItemName>
      <ManufactureName>גלידות שטראוס בעמ</ManufactureName>
      <ManufactureCountry />
      <ManufactureItemDescription />
      <UnitQty>יח`</UnitQty>
      <Quantity>250</Quantity>
      <UnitMeasure>גרם</UnitMeasure>
      <BisWeighted>0</BisWeighted>
      <QtyInPackage>1</QtyInPackage>
      <ItemPrice>32.90</ItemPrice>
      <UnitOfMeasurePrice>13.16</UnitOfMeasurePrice>
      <AllowDiscount>1</AllowDiscount>
      <itemStatus>1</itemStatus>
      <LastUpdateDate />
      <LastUpdateTime />
    </Product>
    <Product>
      <PriceUpdateDate>2020/01/09 15:52</PriceUpdateDate>
      <ItemCode>7290112499752</ItemCode>
      <ItemType>1</ItemType>
      <ItemName>קרמיסימו אייס מוקצ`ינו</ItemName>
      <ManufactureName>גלידות שטראוס בעמ</ManufactureName>
      <ManufactureCountry />
      <ManufactureItemDescription />
      <UnitQty>יח`</UnitQty>
      <Quantity>1.33</Quantity>
      <UnitMeasure>1 ליטר</UnitMeasure>
      <BisWeighted>0</BisWeighted>
      <QtyInPackage>1</QtyInPackage>
      <ItemPrice>18.90</ItemPrice>
      <UnitOfMeasurePrice>14.21</UnitOfMeasurePrice>
      <AllowDiscount>1</AllowDiscount>
      <itemStatus>1</itemStatus>
      <LastUpdateDate />
      <LastUpdateTime />
    </Product>
    <Product>
      <PriceUpdateDate>2020/04/03 06:22</PriceUpdateDate>
      <ItemCode>7290112499769</ItemCode>
      <ItemType>1</ItemType>
      <ItemName>קרמיסימו גלידונית 60 יח` בטעם קפה מצופה</ItemName>
      <ManufactureName>גלידות שטראוס בעמ</ManufactureName>
      <ManufactureCountry />
      <ManufactureItemDescription />
      <UnitQty>יח`</UnitQty>
      <Quantity>630</Quantity>
      <UnitMeasure>גרם</UnitMeasure>
      <BisWeighted>0</BisWeighted>
      <QtyInPackage>1</QtyInPackage>
      <ItemPrice>47.90</ItemPrice>
      <UnitOfMeasurePrice>7.60</UnitOfMeasurePrice>
      <AllowDiscount>1</AllowDiscount>
      <itemStatus>1</itemStatus>
      <LastUpdateDate />
      <LastUpdateTime />
    </Product>
    <Product>
      <PriceUpdateDate>2020/01/09 15:52</PriceUpdateDate>
      <ItemCode>7290112499844</ItemCode>
      <ItemType>1</ItemType>
      <ItemName>מאגדת-מיני מגנום דואט שוקולד עם נוגט</ItemName>
      <ManufactureName>גלידות שטראוס בעמ</ManufactureName>
      <ManufactureCountry />
      <ManufactureItemDescription />
      <UnitQty>יח`</UnitQty>
      <Quantity>1</Quantity>
      <UnitMeasure />
      <BisWeighted>0</BisWeighted>
      <QtyInPackage>1</QtyInPackage>
      <ItemPrice>27.90</ItemPrice>
      <UnitOfMeasurePrice>27.90</UnitOfMeasurePrice>
      <AllowDiscount>1</AllowDiscount>
      <itemStatus>1</itemStatus>
      <LastUpdateDate />
      <LastUpdateTime />
    </Product>
    <Product>
      <PriceUpdateDate>2020/01/09 15:52</PriceUpdateDate>
      <ItemCode>7290112499943</ItemCode>
      <ItemType>1</ItemType>
      <ItemName>מאגדת-מיני מגנום קלאסיק שוקולד</ItemName>
      <ManufactureName>גלידות שטראוס בעמ</ManufactureName>
      <ManufactureCountry />
      <ManufactureItemDescription />
      <UnitQty>יח`</UnitQty>
      <Quantity>1</Quantity>
      <UnitMeasure />
      <BisWeighted>0</BisWeighted>
      <QtyInPackage>1</QtyInPackage>
      <ItemPrice>32.90</ItemPrice>
      <UnitOfMeasurePrice>32.90</UnitOfMeasurePrice>
      <AllowDiscount>1</AllowDiscount>
      <itemStatus>1</itemStatus>
      <LastUpdateDate />
      <LastUpdateTime />
    </Product>
    <Product>
      <PriceUpdateDate>2019/04/14 14:25</PriceUpdateDate>
      <ItemCode>7290112961266</ItemCode>
      <ItemType>1</ItemType>
      <ItemName>בייגלה כפיות פיזור איטלקי 300 גר` אסם</ItemName>
      <ManufactureName>קבוצת אסם סחר שות. מוגבלת</ManufactureName>
      <ManufactureCountry />
      <ManufactureItemDescription />
      <UnitQty>יח`</UnitQty>
      <Quantity>300</Quantity>
      <UnitMeasure>גרם</UnitMeasure>
      <BisWeighted>0</BisWeighted>
      <QtyInPackage>1</QtyInPackage>
      <ItemPrice>9.90</ItemPrice>
      <UnitOfMeasurePrice>3.30</UnitOfMeasurePrice>
      <AllowDiscount>0</AllowDiscount>
      <itemStatus>1</itemStatus>
      <LastUpdateDate />
      <LastUpdateTime />
    </Product>
    <Product>
      <PriceUpdateDate>2018/12/19 10:34</PriceUpdateDate>
      <ItemCode>7290112961372</ItemCode>
      <ItemType>1</ItemType>
      <ItemName>חטיפי פריכיות דקות קינמון 60  גר`פיטנס</ItemName>
      <ManufactureName>קבוצת אסם סחר שות. מוגבלת</ManufactureName>
      <ManufactureCountry />
      <ManufactureItemDescription />
      <UnitQty>יח`</UnitQty>
      <Quantity>60</Quantity>
      <UnitMeasure>גרם</UnitMeasure>
      <BisWeighted>0</BisWeighted>
      <QtyInPackage>1</QtyInPackage>
      <ItemPrice>8.90</ItemPrice>
      <UnitOfMeasurePrice>14.83</UnitOfMeasurePrice>
      <AllowDiscount>0</AllowDiscount>
      <itemStatus>1</itemStatus>
      <LastUpdateDate />
      <LastUpdateTime />
    </Product>
    <Product>
      <PriceUpdateDate>2018/12/19 10:34</PriceUpdateDate>
      <ItemCode>7290112961464</ItemCode>
      <ItemType>1</ItemType>
      <ItemName>חטיפי פריכיות דקות מתובלות 60  גר`פיטנס</ItemName>
      <ManufactureName>קבוצת אסם סחר שות. מוגבלת</ManufactureName>
      <ManufactureCountry />
      <ManufactureItemDescription />
      <UnitQty>יח`</UnitQty>
      <Quantity>60</Quantity>
      <UnitMeasure>גרם</UnitMeasure>
      <BisWeighted>0</BisWeighted>
      <QtyInPackage>1</QtyInPackage>
      <ItemPrice>8.90</ItemPrice>
      <UnitOfMeasurePrice>14.83</UnitOfMeasurePrice>
      <AllowDiscount>0</AllowDiscount>
      <itemStatus>1</itemStatus>
      <LastUpdateDate />
      <LastUpdateTime />
    </Product>
    <Product>
      <PriceUpdateDate>2019/01/20 12:05</PriceUpdateDate>
      <ItemCode>7290112961754</ItemCode>
      <ItemType>1</ItemType>
      <ItemName>עוגיות שוקוצ`יפס קרם אגוזים (220 גר`) אס</ItemName>
      <ManufactureName>קבוצת אסם סחר שות. מוגבלת</ManufactureName>
      <ManufactureCountry />
      <ManufactureItemDescription />
      <UnitQty>יח`</UnitQty>
      <Quantity>220</Quantity>
      <UnitMeasure>גרם</UnitMeasure>
      <BisWeighted>0</BisWeighted>
      <QtyInPackage>1</QtyInPackage>
      <ItemPrice>11.90</ItemPrice>
      <UnitOfMeasurePrice>5.41</UnitOfMeasurePrice>
      <AllowDiscount>0</AllowDiscount>
      <itemStatus>1</itemStatus>
      <LastUpdateDate />
      <LastUpdateTime />
    </Product>
    <Product>
      <PriceUpdateDate>2019/02/27 14:03</PriceUpdateDate>
      <ItemCode>7290112962652</ItemCode>
      <ItemType>1</ItemType>
      <ItemName>מרק טעם עוף 800  גר`אסם</ItemName>
      <ManufactureName>קבוצת אסם סחר שות. מוגבלת</ManufactureName>
      <ManufactureCountry />
      <ManufactureItemDescription />
      <UnitQty>יח`</UnitQty>
      <Quantity>800</Quantity>
      <UnitMeasure>גרם</UnitMeasure>
      <BisWeighted>0</BisWeighted>
      <QtyInPackage>1</QtyInPackage>
      <ItemPrice>9.90</ItemPrice>
      <UnitOfMeasurePrice>1.24</UnitOfMeasurePrice>
      <AllowDiscount>0</AllowDiscount>
      <itemStatus>1</itemStatus>
      <LastUpdateDate />
      <LastUpdateTime />
    </Product>
    <Product>
      <PriceUpdateDate>2018/12/19 10:34</PriceUpdateDate>
      <ItemCode>7290112962737</ItemCode>
      <ItemType>1</ItemType>
      <ItemName>טבעול-שניצל מן הצומח עם חלבון 664 גר`</ItemName>
      <ManufactureName>קבוצת אסם סחר שות. מוגבלת</ManufactureName>
      <ManufactureCountry />
      <ManufactureItemDescription />
      <UnitQty>יח`</UnitQty>
      <Quantity>664</Quantity>
      <UnitMeasure>גרם</UnitMeasure>
      <BisWeighted>0</BisWeighted>
      <QtyInPackage>1</QtyInPackage>
      <ItemPrice>24.90</ItemPrice>
      <UnitOfMeasurePrice>3.75</UnitOfMeasurePrice>
      <AllowDiscount>0</AllowDiscount>
      <itemStatus>1</itemStatus>
      <LastUpdateDate />
      <LastUpdateTime />
    </Product>
    <Product>
      <PriceUpdateDate>2019/02/27 14:03</PriceUpdateDate>
      <ItemCode>7290112962904</ItemCode>
      <ItemType>1</ItemType>
      <ItemName>שקדי מרק 150 גר` אסם כשר לפסח</ItemName>
      <ManufactureName>קבוצת אסם סחר שות. מוגבלת</ManufactureName>
      <ManufactureCountry />
      <ManufactureItemDescription />
      <UnitQty>יח`</UnitQty>
      <Quantity>150</Quantity>
      <UnitMeasure>גרם</UnitMeasure>
      <BisWeighted>0</BisWeighted>
      <QtyInPackage>1</QtyInPackage>
      <ItemPrice>9.90</ItemPrice>
      <UnitOfMeasurePrice>6.60</UnitOfMeasurePrice>
      <AllowDiscount>0</AllowDiscount>
      <itemStatus>1</itemStatus>
      <LastUpdateDate />
      <LastUpdateTime />
    </Product>
    <Product>
      <PriceUpdateDate>2020/01/26 13:02</PriceUpdateDate>
      <ItemCode>7290112962980</ItemCode>
      <ItemType>1</ItemType>
      <ItemName>רוטב סויה סיני מופחת סוכר (290  מל) אסם</ItemName>
      <ManufactureName>קבוצת אסם סחר שות. מוגבלת</ManufactureName>
      <ManufactureCountry />
      <ManufactureItemDescription />
      <UnitQty>יח`</UnitQty>
      <Quantity>290</Quantity>
      <UnitMeasure>מ"ל</UnitMeasure>
      <BisWeighted>0</BisWeighted>
      <QtyInPackage>1</QtyInPackage>
      <ItemPrice>12.90</ItemPrice>
      <UnitOfMeasurePrice>4.45</UnitOfMeasurePrice>
      <AllowDiscount>0</AllowDiscount>
      <itemStatus>1</itemStatus>
      <LastUpdateDate />
      <LastUpdateTime />
    </Product>
    <Product>
      <PriceUpdateDate>2020/01/26 13:02</PriceUpdateDate>
      <ItemCode>7290112963000</ItemCode>
      <ItemType>1</ItemType>
      <ItemName>רוטב צ`לי מתוק מוחפת נתרן וסוכר 290 מל</ItemName>
      <ManufactureName>קבוצת אסם סחר שות. מוגבלת</ManufactureName>
      <ManufactureCountry />
      <ManufactureItemDescription />
      <UnitQty>יח`</UnitQty>
      <Quantity>1</Quantity>
      <UnitMeasure />
      <BisWeighted>0</BisWeighted>
      <QtyInPackage>1</QtyInPackage>
      <ItemPrice>12.90</ItemPrice>
      <UnitOfMeasurePrice>12.90</UnitOfMeasurePrice>
      <AllowDiscount>0</AllowDiscount>
      <itemStatus>1</itemStatus>
      <LastUpdateDate />
      <LastUpdateTime />
    </Product>
    <Product>
      <PriceUpdateDate>2019/06/16 12:57</PriceUpdateDate>
      <ItemCode>7290112963895</ItemCode>
      <ItemType>1</ItemType>
      <ItemName>חטיפי קרקר דק כפרי 150 פיטנס</ItemName>
      <ManufactureName>קבוצת אסם סחר שות. מוגבלת</ManufactureName>
      <ManufactureCountry />
      <ManufactureItemDescription />
      <UnitQty>יח`</UnitQty>
      <Quantity>150</Quantity>
      <UnitMeasure>גרם</UnitMeasure>
      <BisWeighted>0</BisWeighted>
      <QtyInPackage>1</QtyInPackage>
      <ItemPrice>11.90</ItemPrice>
      <UnitOfMeasurePrice>7.93</UnitOfMeasurePrice>
      <AllowDiscount>1</AllowDiscount>
      <itemStatus>1</itemStatus>
      <LastUpdateDate />
      <LastUpdateTime />
    </Product>
    <Product>
      <PriceUpdateDate>2019/06/16 12:57</PriceUpdateDate>
      <ItemCode>7290112963918</ItemCode>
      <ItemType>1</ItemType>
      <ItemName>חטיפי קרקר דק רוזמרין 140 גר` פיטנס</ItemName>
      <ManufactureName>קבוצת אסם סחר שות. מוגבלת</ManufactureName>
      <ManufactureCountry />
      <ManufactureItemDescription />
      <UnitQty>יח`</UnitQty>
      <Quantity>140</Quantity>
      <UnitMeasure>גרם</UnitMeasure>
      <BisWeighted>0</BisWeighted>
      <QtyInPackage>1</QtyInPackage>
      <ItemPrice>11.90</ItemPrice>
      <UnitOfMeasurePrice>8.50</UnitOfMeasurePrice>
      <AllowDiscount>1</AllowDiscount>
      <itemStatus>1</itemStatus>
      <LastUpdateDate />
      <LastUpdateTime />
    </Product>
    <Product>
      <PriceUpdateDate>2019/07/09 14:14</PriceUpdateDate>
      <ItemCode>7290112964212</ItemCode>
      <ItemType>1</ItemType>
      <ItemName>פסטה קונכיות פתיתים 400 גר` אסם</ItemName>
      <ManufactureName>קבוצת אסם סחר שות. מוגבלת</ManufactureName>
      <ManufactureCountry />
      <ManufactureItemDescription />
      <UnitQty>יח`</UnitQty>
      <Quantity>400</Quantity>
      <UnitMeasure>גרם</UnitMeasure>
      <BisWeighted>0</BisWeighted>
      <QtyInPackage>1</QtyInPackage>
      <ItemPrice>8.90</ItemPrice>
      <UnitOfMeasurePrice>2.23</UnitOfMeasurePrice>
      <AllowDiscount>1</AllowDiscount>
      <itemStatus>1</itemStatus>
      <LastUpdateDate />
      <LastUpdateTime />
    </Product>
    <Product>
      <PriceUpdateDate>2019/06/16 12:57</PriceUpdateDate>
      <ItemCode>7290112964410</ItemCode>
      <ItemType>1</ItemType>
      <ItemName>רוטב אלף האיים לסלט ( 290 גר`) אסם</ItemName>
      <ManufactureName>קבוצת אסם סחר שות. מוגבלת</ManufactureName>
      <ManufactureCountry />
      <ManufactureItemDescription />
      <UnitQty>יח`</UnitQty>
      <Quantity>290</Quantity>
      <UnitMeasure>מ"ל</UnitMeasure>
      <BisWeighted>0</BisWeighted>
      <QtyInPackage>1</QtyInPackage>
      <ItemPrice>11.90</ItemPrice>
      <UnitOfMeasurePrice>4.10</UnitOfMeasurePrice>
      <AllowDiscount>1</AllowDiscount>
      <itemStatus>1</itemStatus>
      <LastUpdateDate />
      <LastUpdateTime />
    </Product>
    <Product>
      <PriceUpdateDate>2019/06/16 12:57</PriceUpdateDate>
      <ItemCode>7290112964434</ItemCode>
      <ItemType>1</ItemType>
      <ItemName>רוטב לסלט קיסר אסם (295 מל)</ItemName>
      <ManufactureName>קבוצת אסם סחר שות. מוגבלת</ManufactureName>
      <ManufactureCountry />
      <ManufactureItemDescription />
      <UnitQty>יח`</UnitQty>
      <Quantity>290</Quantity>
      <UnitMeasure>מ"ל</UnitMeasure>
      <BisWeighted>0</BisWeighted>
      <QtyInPackage>1</QtyInPackage>
      <ItemPrice>11.90</ItemPrice>
      <UnitOfMeasurePrice>4.10</UnitOfMeasurePrice>
      <AllowDiscount>1</AllowDiscount>
      <itemStatus>1</itemStatus>
      <LastUpdateDate />
      <LastUpdateTime />
    </Product>
    <Product>
      <PriceUpdateDate>2019/06/16 12:57</PriceUpdateDate>
      <ItemCode>7290112964458</ItemCode>
      <ItemType>1</ItemType>
      <ItemName>רוטב לסלט וינגרט אסם (295 מל)</ItemName>
      <ManufactureName>קבוצת אסם סחר שות. מוגבלת</ManufactureName>
      <ManufactureCountry />
      <ManufactureItemDescription />
      <UnitQty>יח`</UnitQty>
      <Quantity>295</Quantity>
      <UnitMeasure>מ"ל</UnitMeasure>
      <BisWeighted>0</BisWeighted>
      <QtyInPackage>1</QtyInPackage>
      <ItemPrice>11.90</ItemPrice>
      <UnitOfMeasurePrice>4.03</UnitOfMeasurePrice>
      <AllowDiscount>1</AllowDiscount>
      <itemStatus>1</itemStatus>
      <LastUpdateDate />
      <LastUpdateTime />
    </Product>
    <Product>
      <PriceUpdateDate>2019/06/16 12:57</PriceUpdateDate>
      <ItemCode>7290112964472</ItemCode>
      <ItemType>1</ItemType>
      <ItemName>רוטב שום לסלט (290 גר`) אסם</ItemName>
      <ManufactureName>קבוצת אסם סחר שות. מוגבלת</ManufactureName>
      <ManufactureCountry />
      <ManufactureItemDescription />
      <UnitQty>יח`</UnitQty>
      <Quantity>290</Quantity>
      <UnitMeasure>מ"ל</UnitMeasure>
      <BisWeighted>0</BisWeighted>
      <QtyInPackage>1</QtyInPackage>
      <ItemPrice>11.90</ItemPrice>
      <UnitOfMeasurePrice>4.10</UnitOfMeasurePrice>
      <AllowDiscount>1</AllowDiscount>
      <itemStatus>1</itemStatus>
      <LastUpdateDate />
      <LastUpdateTime />
    </Product>
    <Product>
      <PriceUpdateDate>2019/06/20 15:39</PriceUpdateDate>
      <ItemCode>7290112964502</ItemCode>
      <ItemType>1</ItemType>
      <ItemName>רוטב אלף האיים לסלט אסם (600 מל)</ItemName>
      <ManufactureName>קבוצת אסם סחר שות. מוגבלת</ManufactureName>
      <ManufactureCountry />
      <ManufactureItemDescription />
      <UnitQty>יח`</UnitQty>
      <Quantity>600</Quantity>
      <UnitMeasure>מ"ל</UnitMeasure>
      <BisWeighted>0</BisWeighted>
      <QtyInPackage>1</QtyInPackage>
      <ItemPrice>17.90</ItemPrice>
      <UnitOfMeasurePrice>2.98</UnitOfMeasurePrice>
      <AllowDiscount>0</AllowDiscount>
      <itemStatus>1</itemStatus>
      <LastUpdateDate />
      <LastUpdateTime />
    </Product>
    <Product>
      <PriceUpdateDate>2019/06/16 12:57</PriceUpdateDate>
      <ItemCode>7290112965042</ItemCode>
      <ItemType>1</ItemType>
      <ItemName>מנה חמה פסטה ברוטב פטריות מוקרם 64  גר`א</ItemName>
      <ManufactureName>קבוצת אסם סחר שות. מוגבלת</ManufactureName>
      <ManufactureCountry />
      <ManufactureItemDescription />
      <UnitQty>יח`</UnitQty>
      <Quantity>64</Quantity>
      <UnitMeasure>גרם</UnitMeasure>
      <BisWeighted>0</BisWeighted>
      <QtyInPackage>1</QtyInPackage>
      <ItemPrice>6.90</ItemPrice>
      <UnitOfMeasurePrice>10.78</UnitOfMeasurePrice>
      <AllowDiscount>1</AllowDiscount>
      <itemStatus>1</itemStatus>
      <LastUpdateDate />
      <LastUpdateTime />
    </Product>
    <Product>
      <PriceUpdateDate>2019/12/22 11:07</PriceUpdateDate>
      <ItemCode>7290112965141</ItemCode>
      <ItemType>1</ItemType>
      <ItemName>פתיתים אפויים עם ירקות 130  גר`אסם</ItemName>
      <ManufactureName>קבוצת אסם סחר שות. מוגבלת</ManufactureName>
      <ManufactureCountry />
      <ManufactureItemDescription />
      <UnitQty>יח`</UnitQty>
      <Quantity>150</Quantity>
      <UnitMeasure>גרם</UnitMeasure>
      <BisWeighted>0</BisWeighted>
      <QtyInPackage>1</QtyInPackage>
      <ItemPrice>11.90</ItemPrice>
      <UnitOfMeasurePrice>7.93</UnitOfMeasurePrice>
      <AllowDiscount>0</AllowDiscount>
      <itemStatus>1</itemStatus>
      <LastUpdateDate />
      <LastUpdateTime />
    </Product>
    <Product>
      <PriceUpdateDate>2019/12/16 17:15</PriceUpdateDate>
      <ItemCode>7290112965325</ItemCode>
      <ItemType>1</ItemType>
      <ItemName>אורז ספרדי 140  גר`אסם</ItemName>
      <ManufactureName>קבוצת אסם סחר שות. מוגבלת</ManufactureName>
      <ManufactureCountry />
      <ManufactureItemDescription />
      <UnitQty>יח`</UnitQty>
      <Quantity>140</Quantity>
      <UnitMeasure>גרם</UnitMeasure>
      <BisWeighted>0</BisWeighted>
      <QtyInPackage>1</QtyInPackage>
      <ItemPrice>11.90</ItemPrice>
      <UnitOfMeasurePrice>8.50</UnitOfMeasurePrice>
      <AllowDiscount>0</AllowDiscount>
      <itemStatus>1</itemStatus>
      <LastUpdateDate />
      <LastUpdateTime />
    </Product>
    <Product>
      <PriceUpdateDate>2019/10/02 13:08</PriceUpdateDate>
      <ItemCode>7290112965363</ItemCode>
      <ItemType>1</ItemType>
      <ItemName>קציצת קינואה וברוקולי 525  גר`טבעול</ItemName>
      <ManufactureName>קבוצת אסם סחר שות. מוגבלת</ManufactureName>
      <ManufactureCountry />
      <ManufactureItemDescription />
      <UnitQty>יח`</UnitQty>
      <Quantity>525</Quantity>
      <UnitMeasure>גרם</UnitMeasure>
      <BisWeighted>0</BisWeighted>
      <QtyInPackage>1</QtyInPackage>
      <ItemPrice>32.90</ItemPrice>
      <UnitOfMeasurePrice>6.27</UnitOfMeasurePrice>
      <AllowDiscount>0</AllowDiscount>
      <itemStatus>1</itemStatus>
      <LastUpdateDate />
      <LastUpdateTime />
    </Product>
    <Product>
      <PriceUpdateDate>2020/01/14 17:53</PriceUpdateDate>
      <ItemCode>7290112965448</ItemCode>
      <ItemType>1</ItemType>
      <ItemName>סירופ פטל ויטמינצ`יק 50% פוחת סוכר 500 מ</ItemName>
      <ManufactureName>קבוצת אסם סחר שות. מוגבלת</ManufactureName>
      <ManufactureCountry />
      <ManufactureItemDescription />
      <UnitQty>יח`</UnitQty>
      <Quantity>500</Quantity>
      <UnitMeasure>מ"ל</UnitMeasure>
      <BisWeighted>0</BisWeighted>
      <QtyInPackage>1</QtyInPackage>
      <ItemPrice>14.90</ItemPrice>
      <UnitOfMeasurePrice>2.98</UnitOfMeasurePrice>
      <AllowDiscount>0</AllowDiscount>
      <itemStatus>1</itemStatus>
      <LastUpdateDate />
      <LastUpdateTime />
    </Product>
    <Product>
      <PriceUpdateDate>2019/11/13 15:46</PriceUpdateDate>
      <ItemCode>7290112965523</ItemCode>
      <ItemType>1</ItemType>
      <ItemName>קטשופ פיצה 710  גר`אסם</ItemName>
      <ManufactureName>קבוצת אסם סחר שות. מוגבלת</ManufactureName>
      <ManufactureCountry />
      <ManufactureItemDescription />
      <UnitQty>יח`</UnitQty>
      <Quantity>710</Quantity>
      <UnitMeasure>גרם</UnitMeasure>
      <BisWeighted>0</BisWeighted>
      <QtyInPackage>1</QtyInPackage>
      <ItemPrice>10.90</ItemPrice>
      <UnitOfMeasurePrice>1.54</UnitOfMeasurePrice>
      <AllowDiscount>0</AllowDiscount>
      <itemStatus>1</itemStatus>
      <LastUpdateDate />
      <LastUpdateTime />
    </Product>
    <Product>
      <PriceUpdateDate>2019/07/09 14:14</PriceUpdateDate>
      <ItemCode>7290112965585</ItemCode>
      <ItemType>1</ItemType>
      <ItemName>פסטה קסרצה 500 גר` פרפקטו אסם</ItemName>
      <ManufactureName>קבוצת אסם סחר שות. מוגבלת</ManufactureName>
      <ManufactureCountry />
      <ManufactureItemDescription />
      <UnitQty>יח`</UnitQty>
      <Quantity>500</Quantity>
      <UnitMeasure>גרם</UnitMeasure>
      <BisWeighted>0</BisWeighted>
      <QtyInPackage>1</QtyInPackage>
      <ItemPrice>6.90</ItemPrice>
      <UnitOfMeasurePrice>1.38</UnitOfMeasurePrice>
      <AllowDiscount>1</AllowDiscount>
      <itemStatus>1</itemStatus>
      <LastUpdateDate />
      <LastUpdateTime />
    </Product>
    <Product>
      <PriceUpdateDate>2019/12/16 17:15</PriceUpdateDate>
      <ItemCode>7290112965622</ItemCode>
      <ItemType>1</ItemType>
      <ItemName>חטיפי קרקר במליחות מעודנת 300  גר`אסם</ItemName>
      <ManufactureName>קבוצת אסם סחר שות. מוגבלת</ManufactureName>
      <ManufactureCountry />
      <ManufactureItemDescription />
      <UnitQty>יח`</UnitQty>
      <Quantity>300</Quantity>
      <UnitMeasure>גרם</UnitMeasure>
      <BisWeighted>0</BisWeighted>
      <QtyInPackage>1</QtyInPackage>
      <ItemPrice>11.90</ItemPrice>
      <UnitOfMeasurePrice>3.97</UnitOfMeasurePrice>
      <AllowDiscount>0</AllowDiscount>
      <itemStatus>1</itemStatus>
      <LastUpdateDate />
      <LastUpdateTime />
    </Product>
    <Product>
      <PriceUpdateDate>2019/12/16 17:15</PriceUpdateDate>
      <ItemCode>7290112965868</ItemCode>
      <ItemType>1</ItemType>
      <ItemName>קרם קרקר במליחות מעודנת 250 גר` אסם</ItemName>
      <ManufactureName>קבוצת אסם סחר שות. מוגבלת</ManufactureName>
      <ManufactureCountry />
      <ManufactureItemDescription />
      <UnitQty>יח`</UnitQty>
      <Quantity>250</Quantity>
      <UnitMeasure>גרם</UnitMeasure>
      <BisWeighted>0</BisWeighted>
      <QtyInPackage>1</QtyInPackage>
      <ItemPrice>9.90</ItemPrice>
      <UnitOfMeasurePrice>3.96</UnitOfMeasurePrice>
      <AllowDiscount>1</AllowDiscount>
      <itemStatus>1</itemStatus>
      <LastUpdateDate />
      <LastUpdateTime />
    </Product>
    <Product>
      <PriceUpdateDate>2019/12/22 11:07</PriceUpdateDate>
      <ItemCode>7290112965905</ItemCode>
      <ItemType>1</ItemType>
      <ItemName>בייגלה שמיניות במליחות מעודנת 400 גר` אס</ItemName>
      <ManufactureName>קבוצת אסם סחר שות. מוגבלת</ManufactureName>
      <ManufactureCountry />
      <ManufactureItemDescription />
      <UnitQty>יח`</UnitQty>
      <Quantity>400</Quantity>
      <UnitMeasure>גרם</UnitMeasure>
      <BisWeighted>0</BisWeighted>
      <QtyInPackage>1</QtyInPackage>
      <ItemPrice>10.90</ItemPrice>
      <UnitOfMeasurePrice>2.73</UnitOfMeasurePrice>
      <AllowDiscount>0</AllowDiscount>
      <itemStatus>1</itemStatus>
      <LastUpdateDate />
      <LastUpdateTime />
    </Product>
    <Product>
      <PriceUpdateDate>2019/12/16 17:15</PriceUpdateDate>
      <ItemCode>7290112966049</ItemCode>
      <ItemType>1</ItemType>
      <ItemName>ערגליות תפוז אסם (300 גרם)</ItemName>
      <ManufactureName>קבוצת אסם סחר שות. מוגבלת</ManufactureName>
      <ManufactureCountry />
      <ManufactureItemDescription />
      <UnitQty>יח`</UnitQty>
      <Quantity>300</Quantity>
      <UnitMeasure>גרם</UnitMeasure>
      <BisWeighted>0</BisWeighted>
      <QtyInPackage>1</QtyInPackage>
      <ItemPrice>10.90</ItemPrice>
      <UnitOfMeasurePrice>3.63</UnitOfMeasurePrice>
      <AllowDiscount>0</AllowDiscount>
      <itemStatus>1</itemStatus>
      <LastUpdateDate />
      <LastUpdateTime />
    </Product>
    <Product>
      <PriceUpdateDate>2019/12/16 17:15</PriceUpdateDate>
      <ItemCode>7290112966094</ItemCode>
      <ItemType>1</ItemType>
      <ItemName>עוגת הבית בטעם תפוז מופחת סוכר אסם (400</ItemName>
      <ManufactureName>קבוצת אסם סחר שות. מוגבלת</ManufactureName>
      <ManufactureCountry />
      <ManufactureItemDescription />
      <UnitQty>יח`</UnitQty>
      <Quantity>400</Quantity>
      <UnitMeasure>גרם</UnitMeasure>
      <BisWeighted>0</BisWeighted>
      <QtyInPackage>1</QtyInPackage>
      <ItemPrice>11.90</ItemPrice>
      <UnitOfMeasurePrice>2.98</UnitOfMeasurePrice>
      <AllowDiscount>0</AllowDiscount>
      <itemStatus>1</itemStatus>
      <LastUpdateDate />
      <LastUpdateTime />
    </Product>
    <Product>
      <PriceUpdateDate>2019/12/16 17:15</PriceUpdateDate>
      <ItemCode>7290112966223</ItemCode>
      <ItemType>1</ItemType>
      <ItemName>קרמוגית שוקו במילוי קרם בננה 200 גר` אסם</ItemName>
      <ManufactureName>קבוצת אסם סחר שות. מוגבלת</ManufactureName>
      <ManufactureCountry />
      <ManufactureItemDescription />
      <UnitQty>יח`</UnitQty>
      <Quantity>200</Quantity>
      <UnitMeasure>גרם</UnitMeasure>
      <BisWeighted>0</BisWeighted>
      <QtyInPackage>1</QtyInPackage>
      <ItemPrice>11.90</ItemPrice>
      <UnitOfMeasurePrice>5.95</UnitOfMeasurePrice>
      <AllowDiscount>0</AllowDiscount>
      <itemStatus>1</itemStatus>
      <LastUpdateDate />
      <LastUpdateTime />
    </Product>
    <Product>
      <PriceUpdateDate>2019/11/13 15:46</PriceUpdateDate>
      <ItemCode>7290112966506</ItemCode>
      <ItemType>1</ItemType>
      <ItemName>קוקטייל זיתים בית השיטה (336 גרם)</ItemName>
      <ManufactureName>קבוצת אסם סחר שות. מוגבלת</ManufactureName>
      <ManufactureCountry />
      <ManufactureItemDescription />
      <UnitQty>יח`</UnitQty>
      <Quantity>336</Quantity>
      <UnitMeasure>גרם</UnitMeasure>
      <BisWeighted>0</BisWeighted>
      <QtyInPackage>1</QtyInPackage>
      <ItemPrice>11.90</ItemPrice>
      <UnitOfMeasurePrice>3.54</UnitOfMeasurePrice>
      <AllowDiscount>0</AllowDiscount>
      <itemStatus>1</itemStatus>
      <LastUpdateDate />
      <LastUpdateTime />
    </Product>
    <Product>
      <PriceUpdateDate>2019/10/10 12:20</PriceUpdateDate>
      <ItemCode>7290112966728</ItemCode>
      <ItemType>1</ItemType>
      <ItemName>טחינה בלאדי פלפלים חריפים 350 גר` צבר</ItemName>
      <ManufactureName>קבוצת אסם סחר שות. מוגבלת</ManufactureName>
      <ManufactureCountry />
      <ManufactureItemDescription />
      <UnitQty>יח`</UnitQty>
      <Quantity>350</Quantity>
      <UnitMeasure>גרם</UnitMeasure>
      <BisWeighted>0</BisWeighted>
      <QtyInPackage>1</QtyInPackage>
      <ItemPrice>14.90</ItemPrice>
      <UnitOfMeasurePrice>4.26</UnitOfMeasurePrice>
      <AllowDiscount>1</AllowDiscount>
      <itemStatus>1</itemStatus>
      <LastUpdateDate />
      <LastUpdateTime />
    </Product>
    <Product>
      <PriceUpdateDate>2019/10/10 12:20</PriceUpdateDate>
      <ItemCode>7290112966780</ItemCode>
      <ItemType>1</ItemType>
      <ItemName>טחינה בלאדי עם חציל קלוי 350 גר` צבר</ItemName>
      <ManufactureName>קבוצת אסם סחר שות. מוגבלת</ManufactureName>
      <ManufactureCountry />
      <ManufactureItemDescription />
      <UnitQty>יח`</UnitQty>
      <Quantity>350</Quantity>
      <UnitMeasure>גרם</UnitMeasure>
      <BisWeighted>0</BisWeighted>
      <QtyInPackage>1</QtyInPackage>
      <ItemPrice>14.90</ItemPrice>
      <UnitOfMeasurePrice>4.26</UnitOfMeasurePrice>
      <AllowDiscount>1</AllowDiscount>
      <itemStatus>1</itemStatus>
      <LastUpdateDate />
      <LastUpdateTime />
    </Product>
    <Product>
      <PriceUpdateDate>2019/12/22 11:07</PriceUpdateDate>
      <ItemCode>7290112966841</ItemCode>
      <ItemType>1</ItemType>
      <ItemName>פודינג בטעם שוקולד מריר 90 גר` אסם</ItemName>
      <ManufactureName>קבוצת אסם סחר שות. מוגבלת</ManufactureName>
      <ManufactureCountry />
      <ManufactureItemDescription />
      <UnitQty>יח`</UnitQty>
      <Quantity>90</Quantity>
      <UnitMeasure>גרם</UnitMeasure>
      <BisWeighted>0</BisWeighted>
      <QtyInPackage>1</QtyInPackage>
      <ItemPrice>5.90</ItemPrice>
      <UnitOfMeasurePrice>6.56</UnitOfMeasurePrice>
      <AllowDiscount>1</AllowDiscount>
      <itemStatus>1</itemStatus>
      <LastUpdateDate />
      <LastUpdateTime />
    </Product>
    <Product>
      <PriceUpdateDate>2019/12/22 11:07</PriceUpdateDate>
      <ItemCode>7290112967138</ItemCode>
      <ItemType>1</ItemType>
      <ItemName>בייגלה שמיניות ללא גלוטן 250  גר`אסם</ItemName>
      <ManufactureName>קבוצת אסם סחר שות. מוגבלת</ManufactureName>
      <ManufactureCountry />
      <ManufactureItemDescription />
      <UnitQty>יח`</UnitQty>
      <Quantity>250</Quantity>
      <UnitMeasure>גרם</UnitMeasure>
      <BisWeighted>0</BisWeighted>
      <QtyInPackage>1</QtyInPackage>
      <ItemPrice>13.90</ItemPrice>
      <UnitOfMeasurePrice>5.56</UnitOfMeasurePrice>
      <AllowDiscount>0</AllowDiscount>
      <itemStatus>1</itemStatus>
      <LastUpdateDate />
      <LastUpdateTime />
    </Product>
    <Product>
      <PriceUpdateDate>2020/01/26 13:02</PriceUpdateDate>
      <ItemCode>7290112967534</ItemCode>
      <ItemType>1</ItemType>
      <ItemName>חטיפי תירס 440 גר` כשר לפסח טבעול</ItemName>
      <ManufactureName>קבוצת אסם סחר שות. מוגבלת</ManufactureName>
      <ManufactureCountry />
      <ManufactureItemDescription />
      <UnitQty>יח`</UnitQty>
      <Quantity>440</Quantity>
      <UnitMeasure>גרם</UnitMeasure>
      <BisWeighted>0</BisWeighted>
      <QtyInPackage>1</QtyInPackage>
      <ItemPrice>32.90</ItemPrice>
      <UnitOfMeasurePrice>7.48</UnitOfMeasurePrice>
      <AllowDiscount>1</AllowDiscount>
      <itemStatus>1</itemStatus>
      <LastUpdateDate />
      <LastUpdateTime />
    </Product>
    <Product>
      <PriceUpdateDate>2020/01/26 13:02</PriceUpdateDate>
      <ItemCode>7290112967619</ItemCode>
      <ItemType>1</ItemType>
      <ItemName>רוטב סויה קלאסי מופחת נתרן (290 מל) אסם</ItemName>
      <ManufactureName>קבוצת אסם סחר שות. מוגבלת</ManufactureName>
      <ManufactureCountry />
      <ManufactureItemDescription />
      <UnitQty>יח`</UnitQty>
      <Quantity>290</Quantity>
      <UnitMeasure>מ"ל</UnitMeasure>
      <BisWeighted>0</BisWeighted>
      <QtyInPackage>1</QtyInPackage>
      <ItemPrice>14.90</ItemPrice>
      <UnitOfMeasurePrice>5.14</UnitOfMeasurePrice>
      <AllowDiscount>1</AllowDiscount>
      <itemStatus>1</itemStatus>
      <LastUpdateDate />
      <LastUpdateTime />
    </Product>
    <Product>
      <PriceUpdateDate>2019/12/16 17:15</PriceUpdateDate>
      <ItemCode>7290112967749</ItemCode>
      <ItemType>1</ItemType>
      <ItemName>פרפקטו פסטה נוציאולה 500 גר` אסם</ItemName>
      <ManufactureName>קבוצת אסם סחר שות. מוגבלת</ManufactureName>
      <ManufactureCountry />
      <ManufactureItemDescription />
      <UnitQty>יח`</UnitQty>
      <Quantity>500</Quantity>
      <UnitMeasure>גרם</UnitMeasure>
      <BisWeighted>0</BisWeighted>
      <QtyInPackage>1</QtyInPackage>
      <ItemPrice>6.90</ItemPrice>
      <UnitOfMeasurePrice>1.38</UnitOfMeasurePrice>
      <AllowDiscount>1</AllowDiscount>
      <itemStatus>1</itemStatus>
      <LastUpdateDate />
      <LastUpdateTime />
    </Product>
    <Product>
      <PriceUpdateDate>2020/02/23 08:47</PriceUpdateDate>
      <ItemCode>7290112968128</ItemCode>
      <ItemType>1</ItemType>
      <ItemName>סלט תפוח אדמה ובצלים 220 גר צבר</ItemName>
      <ManufactureName>קבוצת אסם סחר שות. מוגבלת</ManufactureName>
      <ManufactureCountry />
      <ManufactureItemDescription />
      <UnitQty>יח`</UnitQty>
      <Quantity>220</Quantity>
      <UnitMeasure>גרם</UnitMeasure>
      <BisWeighted>0</BisWeighted>
      <QtyInPackage>1</QtyInPackage>
      <ItemPrice>10.90</ItemPrice>
      <UnitOfMeasurePrice>4.95</UnitOfMeasurePrice>
      <AllowDiscount>1</AllowDiscount>
      <itemStatus>1</itemStatus>
      <LastUpdateDate />
      <LastUpdateTime />
    </Product>
    <Product>
      <PriceUpdateDate>2020/02/20 06:42</PriceUpdateDate>
      <ItemCode>7290112968142</ItemCode>
      <ItemType>1</ItemType>
      <ItemName>סלט חצילים ופלפלים 220 גר` צבר</ItemName>
      <ManufactureName>קבוצת אסם סחר שות. מוגבלת</ManufactureName>
      <ManufactureCountry />
      <ManufactureItemDescription />
      <UnitQty>יח`</UnitQty>
      <Quantity>220</Quantity>
      <UnitMeasure>גרם</UnitMeasure>
      <BisWeighted>0</BisWeighted>
      <QtyInPackage>1</QtyInPackage>
      <ItemPrice>10.90</ItemPrice>
      <UnitOfMeasurePrice>4.95</UnitOfMeasurePrice>
      <AllowDiscount>1</AllowDiscount>
      <itemStatus>1</itemStatus>
      <LastUpdateDate />
      <LastUpdateTime />
    </Product>
    <Product>
      <PriceUpdateDate>2020/03/02 06:48</PriceUpdateDate>
      <ItemCode>7290112968203</ItemCode>
      <ItemType>1</ItemType>
      <ItemName>סלט טחינה בלאדי 250 גר` צבר</ItemName>
      <ManufactureName>קבוצת אסם סחר שות. מוגבלת</ManufactureName>
      <ManufactureCountry />
      <ManufactureItemDescription />
      <UnitQty>יח`</UnitQty>
      <Quantity>250</Quantity>
      <UnitMeasure>גרם</UnitMeasure>
      <BisWeighted>0</BisWeighted>
      <QtyInPackage>1</QtyInPackage>
      <ItemPrice>9.90</ItemPrice>
      <UnitOfMeasurePrice>3.96</UnitOfMeasurePrice>
      <AllowDiscount>1</AllowDiscount>
      <itemStatus>1</itemStatus>
      <LastUpdateDate />
      <LastUpdateTime />
    </Product>
    <Product>
      <PriceUpdateDate>2020/02/23 08:47</PriceUpdateDate>
      <ItemCode>7290112968449</ItemCode>
      <ItemType>1</ItemType>
      <ItemName>סלט כרוב אדום 250 גר` צבר</ItemName>
      <ManufactureName>קבוצת אסם סחר שות. מוגבלת</ManufactureName>
      <ManufactureCountry />
      <ManufactureItemDescription />
      <UnitQty>יח`</UnitQty>
      <Quantity>250</Quantity>
      <UnitMeasure>גרם</UnitMeasure>
      <BisWeighted>0</BisWeighted>
      <QtyInPackage>1</QtyInPackage>
      <ItemPrice>9.90</ItemPrice>
      <UnitOfMeasurePrice>3.96</UnitOfMeasurePrice>
      <AllowDiscount>1</AllowDiscount>
      <itemStatus>1</itemStatus>
      <LastUpdateDate />
      <LastUpdateTime />
    </Product>
    <Product>
      <PriceUpdateDate>2020/02/23 08:47</PriceUpdateDate>
      <ItemCode>7290112968524</ItemCode>
      <ItemType>1</ItemType>
      <ItemName>סלט חומוס סמיר 250 גר` צבר</ItemName>
      <ManufactureName>קבוצת אסם סחר שות. מוגבלת</ManufactureName>
      <ManufactureCountry />
      <ManufactureItemDescription />
      <UnitQty>יח`</UnitQty>
      <Quantity>250</Quantity>
      <UnitMeasure>גרם</UnitMeasure>
      <BisWeighted>0</BisWeighted>
      <QtyInPackage>1</QtyInPackage>
      <ItemPrice>9.90</ItemPrice>
      <UnitOfMeasurePrice>3.96</UnitOfMeasurePrice>
      <AllowDiscount>1</AllowDiscount>
      <itemStatus>1</itemStatus>
      <LastUpdateDate />
      <LastUpdateTime />
    </Product>
    <Product>
      <PriceUpdateDate>2019/08/11 12:01</PriceUpdateDate>
      <ItemCode>7290113190450</ItemCode>
      <ItemType>1</ItemType>
      <ItemName>ממרח תמרים 450  גר`שקדיה</ItemName>
      <ManufactureName>דין שיווק וקליה בעמ</ManufactureName>
      <ManufactureCountry />
      <ManufactureItemDescription />
      <UnitQty>יח`</UnitQty>
      <Quantity>450</Quantity>
      <UnitMeasure>גרם</UnitMeasure>
      <BisWeighted>0</BisWeighted>
      <QtyInPackage>1</QtyInPackage>
      <ItemPrice>4.90</ItemPrice>
      <UnitOfMeasurePrice>1.09</UnitOfMeasurePrice>
      <AllowDiscount>0</AllowDiscount>
      <itemStatus>1</itemStatus>
      <LastUpdateDate />
      <LastUpdateTime />
    </Product>
    <Product>
      <PriceUpdateDate>2019/04/24 13:44</PriceUpdateDate>
      <ItemCode>7290113190764</ItemCode>
      <ItemType>1</ItemType>
      <ItemName>חלבה מסולסלת ללא תוספת סוכר 400  גר`שקדי</ItemName>
      <ManufactureName>דין שיווק וקליה בעמ</ManufactureName>
      <ManufactureCountry />
      <ManufactureItemDescription />
      <UnitQty>יח`</UnitQty>
      <Quantity>400</Quantity>
      <UnitMeasure>גרם</UnitMeasure>
      <BisWeighted>0</BisWeighted>
      <QtyInPackage>1</QtyInPackage>
      <ItemPrice>15.90</ItemPrice>
      <UnitOfMeasurePrice>3.98</UnitOfMeasurePrice>
      <AllowDiscount>0</AllowDiscount>
      <itemStatus>1</itemStatus>
      <LastUpdateDate />
      <LastUpdateTime />
    </Product>
    <Product>
      <PriceUpdateDate>2020/03/27 06:16</PriceUpdateDate>
      <ItemCode>7290113192324</ItemCode>
      <ItemType>1</ItemType>
      <ItemName>זיתים ירוקים שלמים בינוניים 560  גר`בית</ItemName>
      <ManufactureName>קבוצת אסם סחר שות. מוגבלת</ManufactureName>
      <ManufactureCountry />
      <ManufactureItemDescription />
      <UnitQty>יח`</UnitQty>
      <Quantity>560</Quantity>
      <UnitMeasure>גרם</UnitMeasure>
      <BisWeighted>0</BisWeighted>
      <QtyInPackage>1</QtyInPackage>
      <ItemPrice>7.90</ItemPrice>
      <UnitOfMeasurePrice>1.41</UnitOfMeasurePrice>
      <AllowDiscount>0</AllowDiscount>
      <itemStatus>1</itemStatus>
      <LastUpdateDate />
      <LastUpdateTime />
    </Product>
    <Product>
      <PriceUpdateDate>2020/04/06 14:15</PriceUpdateDate>
      <ItemCode>7290113192355</ItemCode>
      <ItemType>1</ItemType>
      <ItemName>זיתים חרוזית ירוק A2 בית השיטה</ItemName>
      <ManufactureName>קבוצת אסם סחר שות. מוגבלת</ManufactureName>
      <ManufactureCountry />
      <ManufactureItemDescription />
      <UnitQty>יח`</UnitQty>
      <Quantity>560</Quantity>
      <UnitMeasure>גרם</UnitMeasure>
      <BisWeighted>0</BisWeighted>
      <QtyInPackage>1</QtyInPackage>
      <ItemPrice>9.90</ItemPrice>
      <UnitOfMeasurePrice>1.77</UnitOfMeasurePrice>
      <AllowDiscount>0</AllowDiscount>
      <itemStatus>1</itemStatus>
      <LastUpdateDate />
      <LastUpdateTime />
    </Product>
    <Product>
      <PriceUpdateDate>2020/03/27 06:16</PriceUpdateDate>
      <ItemCode>7290113192362</ItemCode>
      <ItemType>1</ItemType>
      <ItemName>זיתים ירוקים טבעות (560  גרם)בית השיטה.</ItemName>
      <ManufactureName>קבוצת אסם סחר שות. מוגבלת</ManufactureName>
      <ManufactureCountry />
      <ManufactureItemDescription />
      <UnitQty>יח`</UnitQty>
      <Quantity>560</Quantity>
      <UnitMeasure>גרם</UnitMeasure>
      <BisWeighted>0</BisWeighted>
      <QtyInPackage>1</QtyInPackage>
      <ItemPrice>9.90</ItemPrice>
      <UnitOfMeasurePrice>1.77</UnitOfMeasurePrice>
      <AllowDiscount>0</AllowDiscount>
      <itemStatus>1</itemStatus>
      <LastUpdateDate />
      <LastUpdateTime />
    </Product>
    <Product>
      <PriceUpdateDate>2020/02/20 06:42</PriceUpdateDate>
      <ItemCode>7290113192997</ItemCode>
      <ItemType>1</ItemType>
      <ItemName>זית מרוקאי 340  גר`בית השיטה</ItemName>
      <ManufactureName>קבוצת אסם סחר שות. מוגבלת</ManufactureName>
      <ManufactureCountry />
      <ManufactureItemDescription />
      <UnitQty>יח`</UnitQty>
      <Quantity>340</Quantity>
      <UnitMeasure>גרם</UnitMeasure>
      <BisWeighted>0</BisWeighted>
      <QtyInPackage>1</QtyInPackage>
      <ItemPrice>10.90</ItemPrice>
      <UnitOfMeasurePrice>3.21</UnitOfMeasurePrice>
      <AllowDiscount>0</AllowDiscount>
      <itemStatus>1</itemStatus>
      <LastUpdateDate />
      <LastUpdateTime />
    </Product>
    <Product>
      <PriceUpdateDate>2020/02/20 06:42</PriceUpdateDate>
      <ItemCode>7290113193000</ItemCode>
      <ItemType>1</ItemType>
      <ItemName>פלפל שיפקונית 230  גר`בית השיטה</ItemName>
      <ManufactureName>קבוצת אסם סחר שות. מוגבלת</ManufactureName>
      <ManufactureCountry />
      <ManufactureItemDescription />
      <UnitQty>יח`</UnitQty>
      <Quantity>340</Quantity>
      <UnitMeasure>גרם</UnitMeasure>
      <BisWeighted>0</BisWeighted>
      <QtyInPackage>1</QtyInPackage>
      <ItemPrice>9.90</ItemPrice>
      <UnitOfMeasurePrice>2.91</UnitOfMeasurePrice>
      <AllowDiscount>0</AllowDiscount>
      <itemStatus>1</itemStatus>
      <LastUpdateDate />
      <LastUpdateTime />
    </Product>
    <Product>
      <PriceUpdateDate>2020/02/20 06:42</PriceUpdateDate>
      <ItemCode>7290113193031</ItemCode>
      <ItemType>1</ItemType>
      <ItemName>חרוזית קלמטה 275  גר`בית השיטה</ItemName>
      <ManufactureName>קבוצת אסם סחר שות. מוגבלת</ManufactureName>
      <ManufactureCountry />
      <ManufactureItemDescription />
      <UnitQty>יח`</UnitQty>
      <Quantity>275</Quantity>
      <UnitMeasure>גרם</UnitMeasure>
      <BisWeighted>0</BisWeighted>
      <QtyInPackage>1</QtyInPackage>
      <ItemPrice>10.90</ItemPrice>
      <UnitOfMeasurePrice>3.96</UnitOfMeasurePrice>
      <AllowDiscount>0</AllowDiscount>
      <itemStatus>1</itemStatus>
      <LastUpdateDate />
      <LastUpdateTime />
    </Product>
    <Product>
      <PriceUpdateDate>2020/04/28 06:50</PriceUpdateDate>
      <ItemCode>7290113194243</ItemCode>
      <ItemType>1</ItemType>
      <ItemName>ירקות מעורבים 500 גר`</ItemName>
      <ManufactureName>קונסיגנציה דין שיווק וקליה בעמ</ManufactureName>
      <ManufactureCountry />
      <ManufactureItemDescription />
      <UnitQty>יח`</UnitQty>
      <Quantity>1</Quantity>
      <UnitMeasure />
      <BisWeighted>0</BisWeighted>
      <QtyInPackage>1</QtyInPackage>
      <ItemPrice>19.90</ItemPrice>
      <UnitOfMeasurePrice>19.90</UnitOfMeasurePrice>
      <AllowDiscount>0</AllowDiscount>
      <itemStatus>1</itemStatus>
      <LastUpdateDate />
      <LastUpdateTime />
    </Product>
    <Product>
      <PriceUpdateDate>2019/11/12 08:37</PriceUpdateDate>
      <ItemCode>7290113597136</ItemCode>
      <ItemType>1</ItemType>
      <ItemName>קערה במבוק חד בייבי שארק</ItemName>
      <ManufactureName>שמחה זה אנחנו בעמ</ManufactureName>
      <ManufactureCountry />
      <ManufactureItemDescription />
      <UnitQty>יח`</UnitQty>
      <Quantity>1</Quantity>
      <UnitMeasure />
      <BisWeighted>0</BisWeighted>
      <QtyInPackage>1</QtyInPackage>
      <ItemPrice>9.90</ItemPrice>
      <UnitOfMeasurePrice>9.90</UnitOfMeasurePrice>
      <AllowDiscount>0</AllowDiscount>
      <itemStatus>1</itemStatus>
      <LastUpdateDate />
      <LastUpdateTime />
    </Product>
    <Product>
      <PriceUpdateDate>2019/08/25 11:39</PriceUpdateDate>
      <ItemCode>7290114580403</ItemCode>
      <ItemType>1</ItemType>
      <ItemName>שולחן פלסטיק לבן 1.80 מתקפל</ItemName>
      <ManufactureName>פיקס יבוא (ש.ע.) בעמ</ManufactureName>
      <ManufactureCountry />
      <ManufactureItemDescription />
      <UnitQty>יח`</UnitQty>
      <Quantity>1</Quantity>
      <UnitMeasure />
      <BisWeighted>0</BisWeighted>
      <QtyInPackage>1</QtyInPackage>
      <ItemPrice>129.90</ItemPrice>
      <UnitOfMeasurePrice>129.90</UnitOfMeasurePrice>
      <AllowDiscount>1</AllowDiscount>
      <itemStatus>1</itemStatus>
      <LastUpdateDate />
      <LastUpdateTime />
    </Product>
    <Product>
      <PriceUpdateDate>2020/02/14 06:23</PriceUpdateDate>
      <ItemCode>7290114600156</ItemCode>
      <ItemType>1</ItemType>
      <ItemName>פוף טבעות בצל 50 גר` כשר לפסח</ItemName>
      <ManufactureName>ש.שסטוביץ בעמ</ManufactureName>
      <ManufactureCountry />
      <ManufactureItemDescription />
      <UnitQty>יח`</UnitQty>
      <Quantity>50</Quantity>
      <UnitMeasure>גרם</UnitMeasure>
      <BisWeighted>0</BisWeighted>
      <QtyInPackage>1</QtyInPackage>
      <ItemPrice>3.90</ItemPrice>
      <UnitOfMeasurePrice>7.80</UnitOfMeasurePrice>
      <AllowDiscount>1</AllowDiscount>
      <itemStatus>1</itemStatus>
      <LastUpdateDate />
      <LastUpdateTime />
    </Product>
    <Product>
      <PriceUpdateDate>2017/05/04 07:48</PriceUpdateDate>
      <ItemCode>7290900010367</ItemCode>
      <ItemType>1</ItemType>
      <ItemName>טורטיה 360 גר AVEL</ItemName>
      <ManufactureName>אבאל יזמות בעמ</ManufactureName>
      <ManufactureCountry />
      <ManufactureItemDescription />
      <UnitQty>יח`</UnitQty>
      <Quantity>360</Quantity>
      <UnitMeasure>גרם</UnitMeasure>
      <BisWeighted>0</BisWeighted>
      <QtyInPackage>1</QtyInPackage>
      <ItemPrice>8.90</ItemPrice>
      <UnitOfMeasurePrice>2.47</UnitOfMeasurePrice>
      <AllowDiscount>1</AllowDiscount>
      <itemStatus>1</itemStatus>
      <LastUpdateDate />
      <LastUpdateTime />
    </Product>
    <Product>
      <PriceUpdateDate>2018/02/11 10:46</PriceUpdateDate>
      <ItemCode>7290900010664</ItemCode>
      <ItemType>1</ItemType>
      <ItemName>ניוקי בטטה (1 קג) Avel</ItemName>
      <ManufactureName>אבאל יזמות בעמ</ManufactureName>
      <ManufactureCountry />
      <ManufactureItemDescription />
      <UnitQty>יח`</UnitQty>
      <Quantity>1000</Quantity>
      <UnitMeasure>גרם</UnitMeasure>
      <BisWeighted>0</BisWeighted>
      <QtyInPackage>1</QtyInPackage>
      <ItemPrice>9.90</ItemPrice>
      <UnitOfMeasurePrice>0.99</UnitOfMeasurePrice>
      <AllowDiscount>1</AllowDiscount>
      <itemStatus>1</itemStatus>
      <LastUpdateDate />
      <LastUpdateTime />
    </Product>
    <Product>
      <PriceUpdateDate>2017/05/21 07:47</PriceUpdateDate>
      <ItemCode>7290900011135</ItemCode>
      <ItemType>1</ItemType>
      <ItemName>עלי גפן ממולאים באורז אבאל (400 גרם)</ItemName>
      <ManufactureName>אבאל יזמות בעמ</ManufactureName>
      <ManufactureCountry />
      <ManufactureItemDescription />
      <UnitQty>יח`</UnitQty>
      <Quantity>400</Quantity>
      <UnitMeasure>גרם</UnitMeasure>
      <BisWeighted>0</BisWeighted>
      <QtyInPackage>1</QtyInPackage>
      <ItemPrice>6.90</ItemPrice>
      <UnitOfMeasurePrice>1.73</UnitOfMeasurePrice>
      <AllowDiscount>1</AllowDiscount>
      <itemStatus>1</itemStatus>
      <LastUpdateDate />
      <LastUpdateTime />
    </Product>
    <Product>
      <PriceUpdateDate>2015/12/01 09:48</PriceUpdateDate>
      <ItemCode>7501013100990</ItemCode>
      <ItemType>1</ItemType>
      <ItemName>ג`ומקס נקטר 500 מל קוקוס אננס</ItemName>
      <ManufactureName>טמפו משקאות בעמ</ManufactureName>
      <ManufactureCountry />
      <ManufactureItemDescription />
      <UnitQty>יח`</UnitQty>
      <Quantity>500</Quantity>
      <UnitMeasure>מ"ל</UnitMeasure>
      <BisWeighted>0</BisWeighted>
      <QtyInPackage>1</QtyInPackage>
      <ItemPrice>8.20</ItemPrice>
      <UnitOfMeasurePrice>1.58</UnitOfMeasurePrice>
      <AllowDiscount>0</AllowDiscount>
      <itemStatus>1</itemStatus>
      <LastUpdateDate />
      <LastUpdateTime />
    </Product>
    <Product>
      <PriceUpdateDate>2019/12/15 12:31</PriceUpdateDate>
      <ItemCode>7501013101362</ItemCode>
      <ItemType>1</ItemType>
      <ItemName>ג`ומקס משקה קוקו</ItemName>
      <ManufactureName>טמפו משקאות בעמ</ManufactureName>
      <ManufactureCountry />
      <ManufactureItemDescription />
      <UnitQty>יח`</UnitQty>
      <Quantity>1</Quantity>
      <UnitMeasure />
      <BisWeighted>0</BisWeighted>
      <QtyInPackage>1</QtyInPackage>
      <ItemPrice>6.90</ItemPrice>
      <UnitOfMeasurePrice>6.90</UnitOfMeasurePrice>
      <AllowDiscount>1</AllowDiscount>
      <itemStatus>1</itemStatus>
      <LastUpdateDate />
      <LastUpdateTime />
    </Product>
    <Product>
      <PriceUpdateDate>2019/12/15 12:31</PriceUpdateDate>
      <ItemCode>7501013101393</ItemCode>
      <ItemType>1</ItemType>
      <ItemName>ג`ומקס נקטר אננס 473 מל</ItemName>
      <ManufactureName>טמפו משקאות בעמ</ManufactureName>
      <ManufactureCountry />
      <ManufactureItemDescription />
      <UnitQty>יח`</UnitQty>
      <Quantity>1</Quantity>
      <UnitMeasure />
      <BisWeighted>0</BisWeighted>
      <QtyInPackage>1</QtyInPackage>
      <ItemPrice>6.90</ItemPrice>
      <UnitOfMeasurePrice>6.90</UnitOfMeasurePrice>
      <AllowDiscount>1</AllowDiscount>
      <itemStatus>1</itemStatus>
      <LastUpdateDate />
      <LastUpdateTime />
    </Product>
    <Product>
      <PriceUpdateDate>2019/12/15 12:31</PriceUpdateDate>
      <ItemCode>7501013101447</ItemCode>
      <ItemType>1</ItemType>
      <ItemName>יוניקו פרסקו משק</ItemName>
      <ManufactureName>טמפו משקאות בעמ</ManufactureName>
      <ManufactureCountry />
      <ManufactureItemDescription />
      <UnitQty>יח`</UnitQty>
      <Quantity>1</Quantity>
      <UnitMeasure />
      <BisWeighted>0</BisWeighted>
      <QtyInPackage>1</QtyInPackage>
      <ItemPrice>7.90</ItemPrice>
      <UnitOfMeasurePrice>7.90</UnitOfMeasurePrice>
      <AllowDiscount>1</AllowDiscount>
      <itemStatus>1</itemStatus>
      <LastUpdateDate />
      <LastUpdateTime />
    </Product>
    <Product>
      <PriceUpdateDate>2020/02/05 21:39</PriceUpdateDate>
      <ItemCode>7501013122039</ItemCode>
      <ItemType>1</ItemType>
      <ItemName>נקטר מנגו קרטונית ליטר גו`מקס</ItemName>
      <ManufactureName>טמפו משקאות בעמ</ManufactureName>
      <ManufactureCountry />
      <ManufactureItemDescription />
      <UnitQty>יח`</UnitQty>
      <Quantity>1</Quantity>
      <UnitMeasure />
      <BisWeighted>0</BisWeighted>
      <QtyInPackage>1</QtyInPackage>
      <ItemPrice>7.90</ItemPrice>
      <UnitOfMeasurePrice>7.90</UnitOfMeasurePrice>
      <AllowDiscount>1</AllowDiscount>
      <itemStatus>1</itemStatus>
      <LastUpdateDate />
      <LastUpdateTime />
    </Product>
    <Product>
      <PriceUpdateDate>2020/02/05 21:39</PriceUpdateDate>
      <ItemCode>7501013122053</ItemCode>
      <ItemType>1</ItemType>
      <ItemName>נקטר אפרסק קרטונית ליטר גומקס</ItemName>
      <ManufactureName>טמפו משקאות בעמ</ManufactureName>
      <ManufactureCountry />
      <ManufactureItemDescription />
      <UnitQty>יח`</UnitQty>
      <Quantity>1</Quantity>
      <UnitMeasure />
      <BisWeighted>0</BisWeighted>
      <QtyInPackage>1</QtyInPackage>
      <ItemPrice>7.90</ItemPrice>
      <UnitOfMeasurePrice>7.90</UnitOfMeasurePrice>
      <AllowDiscount>1</AllowDiscount>
      <itemStatus>1</itemStatus>
      <LastUpdateDate />
      <LastUpdateTime />
    </Product>
    <Product>
      <PriceUpdateDate>2020/02/05 21:39</PriceUpdateDate>
      <ItemCode>7501013138184</ItemCode>
      <ItemType>1</ItemType>
      <ItemName>משקה חמוציות קרטונית ליטר יוניקו פרסקו</ItemName>
      <ManufactureName>טמפו משקאות בעמ</ManufactureName>
      <ManufactureCountry />
      <ManufactureItemDescription />
      <UnitQty>יח`</UnitQty>
      <Quantity>1</Quantity>
      <UnitMeasure>1 ליטר</UnitMeasure>
      <BisWeighted>0</BisWeighted>
      <QtyInPackage>1</QtyInPackage>
      <ItemPrice>9.90</ItemPrice>
      <UnitOfMeasurePrice>9.90</UnitOfMeasurePrice>
      <AllowDiscount>1</AllowDiscount>
      <itemStatus>1</itemStatus>
      <LastUpdateDate />
      <LastUpdateTime />
    </Product>
    <Product>
      <PriceUpdateDate>2019/06/26 08:53</PriceUpdateDate>
      <ItemCode>7501064191398</ItemCode>
      <ItemType>1</ItemType>
      <ItemName>בירה אקסטרה קורונה (355x6 מל) בקבוק</ItemName>
      <ManufactureName>תימקו בירה בעמ</ManufactureName>
      <ManufactureCountry />
      <ManufactureItemDescription />
      <UnitQty>יח`</UnitQty>
      <Quantity>2.13</Quantity>
      <UnitMeasure>1 ליטר</UnitMeasure>
      <BisWeighted>0</BisWeighted>
      <QtyInPackage>1</QtyInPackage>
      <ItemPrice>34.90</ItemPrice>
      <UnitOfMeasurePrice>15.54</UnitOfMeasurePrice>
      <AllowDiscount>0</AllowDiscount>
      <itemStatus>1</itemStatus>
      <LastUpdateDate />
      <LastUpdateTime />
    </Product>
    <Product>
      <PriceUpdateDate>2019/05/19 09:42</PriceUpdateDate>
      <ItemCode>7501064191466</ItemCode>
      <ItemType>1</ItemType>
      <ItemName>בירה אקסטרה קורונה (355x6 מל)</ItemName>
      <ManufactureName>תימקו בירה בעמ</ManufactureName>
      <ManufactureCountry />
      <ManufactureItemDescription />
      <UnitQty>יח`</UnitQty>
      <Quantity>2.13</Quantity>
      <UnitMeasure>1 ליטר</UnitMeasure>
      <BisWeighted>0</BisWeighted>
      <QtyInPackage>1</QtyInPackage>
      <ItemPrice>34.90</ItemPrice>
      <UnitOfMeasurePrice>15.54</UnitOfMeasurePrice>
      <AllowDiscount>0</AllowDiscount>
      <itemStatus>1</itemStatus>
      <LastUpdateDate />
      <LastUpdateTime />
    </Product>
    <Product>
      <PriceUpdateDate>2016/10/09 08:32</PriceUpdateDate>
      <ItemCode>7610243004463</ItemCode>
      <ItemType>1</ItemType>
      <ItemName>דורגול מרסס מסיר אבנית יעקבי (600 מל)</ItemName>
      <ManufactureName>יעקב יעקבי ובניו בעמ</ManufactureName>
      <ManufactureCountry />
      <ManufactureItemDescription />
      <UnitQty>יח`</UnitQty>
      <Quantity>600</Quantity>
      <UnitMeasure>מ"ל</UnitMeasure>
      <BisWeighted>0</BisWeighted>
      <QtyInPackage>1</QtyInPackage>
      <ItemPrice>19.90</ItemPrice>
      <UnitOfMeasurePrice>3.32</UnitOfMeasurePrice>
      <AllowDiscount>0</AllowDiscount>
      <itemStatus>1</itemStatus>
      <LastUpdateDate />
      <LastUpdateTime />
    </Product>
    <Product>
      <PriceUpdateDate>2015/12/02 12:17</PriceUpdateDate>
      <ItemCode>7610400014632</ItemCode>
      <ItemType>1</ItemType>
      <ItemName>לינדור לבן לינדט (100 גרם)</ItemName>
      <ManufactureName>משה סידס ובנו בעמ</ManufactureName>
      <ManufactureCountry />
      <ManufactureItemDescription />
      <UnitQty>יח`</UnitQty>
      <Quantity>100</Quantity>
      <UnitMeasure>גרם</UnitMeasure>
      <BisWeighted>0</BisWeighted>
      <QtyInPackage>1</QtyInPackage>
      <ItemPrice>15.90</ItemPrice>
      <UnitOfMeasurePrice>15.90</UnitOfMeasurePrice>
      <AllowDiscount>1</AllowDiscount>
      <itemStatus>1</itemStatus>
      <LastUpdateDate />
      <LastUpdateTime />
    </Product>
    <Product>
      <PriceUpdateDate>2015/08/12 16:28</PriceUpdateDate>
      <ItemCode>7610400068529</ItemCode>
      <ItemType>1</ItemType>
      <ItemName>לינדט לינדור בונבוניירה מעורב כדורי שוקו</ItemName>
      <ManufactureName>משה סידס ובנו בעמ</ManufactureName>
      <ManufactureCountry />
      <ManufactureItemDescription />
      <UnitQty>יח`</UnitQty>
      <Quantity>200</Quantity>
      <UnitMeasure>גרם</UnitMeasure>
      <BisWeighted>0</BisWeighted>
      <QtyInPackage>1</QtyInPackage>
      <ItemPrice>31.90</ItemPrice>
      <UnitOfMeasurePrice>15.95</UnitOfMeasurePrice>
      <AllowDiscount>0</AllowDiscount>
      <itemStatus>1</itemStatus>
      <LastUpdateDate />
      <LastUpdateTime />
    </Product>
    <Product>
      <PriceUpdateDate>2018/04/15 08:48</PriceUpdateDate>
      <ItemCode>7613030979647</ItemCode>
      <ItemType>1</ItemType>
      <ItemName>טריקס נסטלה (480 גרם)</ItemName>
      <ManufactureName>קבוצת אסם סחר שות. מוגבלת</ManufactureName>
      <ManufactureCountry />
      <ManufactureItemDescription />
      <UnitQty>יח`</UnitQty>
      <Quantity>480</Quantity>
      <UnitMeasure>גרם</UnitMeasure>
      <BisWeighted>0</BisWeighted>
      <QtyInPackage>1</QtyInPackage>
      <ItemPrice>26.90</ItemPrice>
      <UnitOfMeasurePrice>5.60</UnitOfMeasurePrice>
      <AllowDiscount>1</AllowDiscount>
      <itemStatus>1</itemStatus>
      <LastUpdateDate />
      <LastUpdateTime />
    </Product>
    <Product>
      <PriceUpdateDate>2014/05/04 09:50</PriceUpdateDate>
      <ItemCode>7613031608850</ItemCode>
      <ItemType>1</ItemType>
      <ItemName>פיטנס מוגדל 625  גר`דגני בוקר</ItemName>
      <ManufactureName>קבוצת אסם סחר שות. מוגבלת</ManufactureName>
      <ManufactureCountry />
      <ManufactureItemDescription />
      <UnitQty>יח`</UnitQty>
      <Quantity>625</Quantity>
      <UnitMeasure>גרם</UnitMeasure>
      <BisWeighted>0</BisWeighted>
      <QtyInPackage>1</QtyInPackage>
      <ItemPrice>32.90</ItemPrice>
      <UnitOfMeasurePrice>5.26</UnitOfMeasurePrice>
      <AllowDiscount>1</AllowDiscount>
      <itemStatus>1</itemStatus>
      <LastUpdateDate />
      <LastUpdateTime />
    </Product>
    <Product>
      <PriceUpdateDate>2015/05/01 09:58</PriceUpdateDate>
      <ItemCode>7613032045753</ItemCode>
      <ItemType>1</ItemType>
      <ItemName>פיטנס שוקולד נסטלה (375 גרם)</ItemName>
      <ManufactureName>קבוצת אסם סחר שות. מוגבלת</ManufactureName>
      <ManufactureCountry />
      <ManufactureItemDescription />
      <UnitQty>יח`</UnitQty>
      <Quantity>375</Quantity>
      <UnitMeasure>גרם</UnitMeasure>
      <BisWeighted>0</BisWeighted>
      <QtyInPackage>1</QtyInPackage>
      <ItemPrice>19.90</ItemPrice>
      <UnitOfMeasurePrice>5.31</UnitOfMeasurePrice>
      <AllowDiscount>1</AllowDiscount>
      <itemStatus>1</itemStatus>
      <LastUpdateDate />
      <LastUpdateTime />
    </Product>
    <Product>
      <PriceUpdateDate>2015/05/01 09:58</PriceUpdateDate>
      <ItemCode>7613033548192</ItemCode>
      <ItemType>1</ItemType>
      <ItemName>פיטנס שוקולד מריר נסטלה (375 גרם)</ItemName>
      <ManufactureName>קבוצת אסם סחר שות. מוגבלת</ManufactureName>
      <ManufactureCountry />
      <ManufactureItemDescription />
      <UnitQty>יח`</UnitQty>
      <Quantity>375</Quantity>
      <UnitMeasure>גרם</UnitMeasure>
      <BisWeighted>0</BisWeighted>
      <QtyInPackage>1</QtyInPackage>
      <ItemPrice>19.90</ItemPrice>
      <UnitOfMeasurePrice>5.31</UnitOfMeasurePrice>
      <AllowDiscount>1</AllowDiscount>
      <itemStatus>1</itemStatus>
      <LastUpdateDate />
      <LastUpdateTime />
    </Product>
    <Product>
      <PriceUpdateDate>2018/07/02 09:29</PriceUpdateDate>
      <ItemCode>7613034792785</ItemCode>
      <ItemType>1</ItemType>
      <ItemName>מולטי צ`יריוס נסטלה (565 גרם)</ItemName>
      <ManufactureName>קבוצת אסם סחר שות. מוגבלת</ManufactureName>
      <ManufactureCountry />
      <ManufactureItemDescription />
      <UnitQty>יח`</UnitQty>
      <Quantity>565</Quantity>
      <UnitMeasure>גרם</UnitMeasure>
      <BisWeighted>0</BisWeighted>
      <QtyInPackage>1</QtyInPackage>
      <ItemPrice>23.90</ItemPrice>
      <UnitOfMeasurePrice>4.23</UnitOfMeasurePrice>
      <AllowDiscount>1</AllowDiscount>
      <itemStatus>1</itemStatus>
      <LastUpdateDate />
      <LastUpdateTime />
    </Product>
    <Product>
      <PriceUpdateDate>2018/07/02 09:29</PriceUpdateDate>
      <ItemCode>7613035548374</ItemCode>
      <ItemType>1</ItemType>
      <ItemName>דגני בוקר גולדן מיניס נסטלה (570 גרם)</ItemName>
      <ManufactureName>קבוצת אסם סחר שות. מוגבלת</ManufactureName>
      <ManufactureCountry />
      <ManufactureItemDescription />
      <UnitQty>יח`</UnitQty>
      <Quantity>570</Quantity>
      <UnitMeasure>גרם</UnitMeasure>
      <BisWeighted>0</BisWeighted>
      <QtyInPackage>1</QtyInPackage>
      <ItemPrice>26.90</ItemPrice>
      <UnitOfMeasurePrice>4.72</UnitOfMeasurePrice>
      <AllowDiscount>1</AllowDiscount>
      <itemStatus>1</itemStatus>
      <LastUpdateDate />
      <LastUpdateTime />
    </Product>
    <Product>
      <PriceUpdateDate>2016/04/20 08:06</PriceUpdateDate>
      <ItemCode>7613035622623</ItemCode>
      <ItemType>1</ItemType>
      <ItemName>פיטנס גרנולה שקדים ודבש נסטלה (300 גרם)</ItemName>
      <ManufactureName>קבוצת אסם סחר שות. מוגבלת</ManufactureName>
      <ManufactureCountry />
      <ManufactureItemDescription />
      <UnitQty>יח`</UnitQty>
      <Quantity>300</Quantity>
      <UnitMeasure>גרם</UnitMeasure>
      <BisWeighted>0</BisWeighted>
      <QtyInPackage>1</QtyInPackage>
      <ItemPrice>15.90</ItemPrice>
      <UnitOfMeasurePrice>5.30</UnitOfMeasurePrice>
      <AllowDiscount>1</AllowDiscount>
      <itemStatus>1</itemStatus>
      <LastUpdateDate />
      <LastUpdateTime />
    </Product>
    <Product>
      <PriceUpdateDate>2016/09/29 08:18</PriceUpdateDate>
      <ItemCode>7613035807778</ItemCode>
      <ItemType>1</ItemType>
      <ItemName>רוטב עגבניות לבולנז פרפקטו</ItemName>
      <ManufactureName>קבוצת אסם סחר שות. מוגבלת</ManufactureName>
      <ManufactureCountry />
      <ManufactureItemDescription />
      <UnitQty>יח`</UnitQty>
      <Quantity>400</Quantity>
      <UnitMeasure>גרם</UnitMeasure>
      <BisWeighted>0</BisWeighted>
      <QtyInPackage>1</QtyInPackage>
      <ItemPrice>9.90</ItemPrice>
      <UnitOfMeasurePrice>2.48</UnitOfMeasurePrice>
      <AllowDiscount>1</AllowDiscount>
      <itemStatus>1</itemStatus>
      <LastUpdateDate />
      <LastUpdateTime />
    </Product>
    <Product>
      <PriceUpdateDate>2016/09/29 08:18</PriceUpdateDate>
      <ItemCode>7613035809109</ItemCode>
      <ItemType>1</ItemType>
      <ItemName>רוטב עגבניות ובזיליקום פרפקטו</ItemName>
      <ManufactureName>קבוצת אסם סחר שות. מוגבלת</ManufactureName>
      <ManufactureCountry />
      <ManufactureItemDescription />
      <UnitQty>יח`</UnitQty>
      <Quantity>400</Quantity>
      <UnitMeasure>גרם</UnitMeasure>
      <BisWeighted>0</BisWeighted>
      <QtyInPackage>1</QtyInPackage>
      <ItemPrice>9.90</ItemPrice>
      <UnitOfMeasurePrice>2.48</UnitOfMeasurePrice>
      <AllowDiscount>1</AllowDiscount>
      <itemStatus>1</itemStatus>
      <LastUpdateDate />
      <LastUpdateTime />
    </Product>
    <Product>
      <PriceUpdateDate>2016/09/29 08:18</PriceUpdateDate>
      <ItemCode>7613035809123</ItemCode>
      <ItemType>1</ItemType>
      <ItemName>רוטב עגבניות עם פלפלים פרפקטו</ItemName>
      <ManufactureName>קבוצת אסם סחר שות. מוגבלת</ManufactureName>
      <ManufactureCountry />
      <ManufactureItemDescription />
      <UnitQty>יח`</UnitQty>
      <Quantity>400</Quantity>
      <UnitMeasure>גרם</UnitMeasure>
      <BisWeighted>0</BisWeighted>
      <QtyInPackage>1</QtyInPackage>
      <ItemPrice>9.90</ItemPrice>
      <UnitOfMeasurePrice>2.48</UnitOfMeasurePrice>
      <AllowDiscount>1</AllowDiscount>
      <itemStatus>1</itemStatus>
      <LastUpdateDate />
      <LastUpdateTime />
    </Product>
    <Product>
      <PriceUpdateDate>2016/09/29 08:18</PriceUpdateDate>
      <ItemCode>7613035809857</ItemCode>
      <ItemType>1</ItemType>
      <ItemName>רוטב עגבניות לפסטה פרפקטו</ItemName>
      <ManufactureName>קבוצת אסם סחר שות. מוגבלת</ManufactureName>
      <ManufactureCountry />
      <ManufactureItemDescription />
      <UnitQty>יח`</UnitQty>
      <Quantity>400</Quantity>
      <UnitMeasure>גרם</UnitMeasure>
      <BisWeighted>0</BisWeighted>
      <QtyInPackage>1</QtyInPackage>
      <ItemPrice>9.90</ItemPrice>
      <UnitOfMeasurePrice>2.48</UnitOfMeasurePrice>
      <AllowDiscount>1</AllowDiscount>
      <itemStatus>1</itemStatus>
      <LastUpdateDate />
      <LastUpdateTime />
    </Product>
    <Product>
      <PriceUpdateDate>2019/02/03 12:23</PriceUpdateDate>
      <ItemCode>7613036045544</ItemCode>
      <ItemType>1</ItemType>
      <ItemName>פייבר וואן 460 גר`</ItemName>
      <ManufactureName>קבוצת אסם סחר שות. מוגבלת</ManufactureName>
      <ManufactureCountry />
      <ManufactureItemDescription />
      <UnitQty>יח`</UnitQty>
      <Quantity>460</Quantity>
      <UnitMeasure>גרם</UnitMeasure>
      <BisWeighted>0</BisWeighted>
      <QtyInPackage>1</QtyInPackage>
      <ItemPrice>22.90</ItemPrice>
      <UnitOfMeasurePrice>4.98</UnitOfMeasurePrice>
      <AllowDiscount>1</AllowDiscount>
      <itemStatus>1</itemStatus>
      <LastUpdateDate />
      <LastUpdateTime />
    </Product>
    <Product>
      <PriceUpdateDate>2018/07/22 15:22</PriceUpdateDate>
      <ItemCode>7613036727280</ItemCode>
      <ItemType>1</ItemType>
      <ItemName>דגני בוקר שוקולד קרמל 480 גר` ליון</ItemName>
      <ManufactureName>קבוצת אסם סחר שות. מוגבלת</ManufactureName>
      <ManufactureCountry />
      <ManufactureItemDescription />
      <UnitQty>יח`</UnitQty>
      <Quantity>480</Quantity>
      <UnitMeasure>גרם</UnitMeasure>
      <BisWeighted>0</BisWeighted>
      <QtyInPackage>1</QtyInPackage>
      <ItemPrice>26.90</ItemPrice>
      <UnitOfMeasurePrice>5.60</UnitOfMeasurePrice>
      <AllowDiscount>1</AllowDiscount>
      <itemStatus>1</itemStatus>
      <LastUpdateDate />
      <LastUpdateTime />
    </Product>
    <Product>
      <PriceUpdateDate>2019/11/13 15:46</PriceUpdateDate>
      <ItemCode>7613036878135</ItemCode>
      <ItemType>1</ItemType>
      <ItemName>מחית סלט פירות 190 גר` גרבר</ItemName>
      <ManufactureName>קבוצת אסם סחר שות. מוגבלת</ManufactureName>
      <ManufactureCountry />
      <ManufactureItemDescription />
      <UnitQty>יח`</UnitQty>
      <Quantity>190</Quantity>
      <UnitMeasure>גרם</UnitMeasure>
      <BisWeighted>0</BisWeighted>
      <QtyInPackage>1</QtyInPackage>
      <ItemPrice>6.90</ItemPrice>
      <UnitOfMeasurePrice>3.63</UnitOfMeasurePrice>
      <AllowDiscount>1</AllowDiscount>
      <itemStatus>1</itemStatus>
      <LastUpdateDate />
      <LastUpdateTime />
    </Product>
    <Product>
      <PriceUpdateDate>2019/11/13 15:46</PriceUpdateDate>
      <ItemCode>7613036880510</ItemCode>
      <ItemType>1</ItemType>
      <ItemName>מחית תפוח עץ דגנים מלאים 190 גרבר</ItemName>
      <ManufactureName>קבוצת אסם סחר שות. מוגבלת</ManufactureName>
      <ManufactureCountry />
      <ManufactureItemDescription />
      <UnitQty>יח`</UnitQty>
      <Quantity>190</Quantity>
      <UnitMeasure>גרם</UnitMeasure>
      <BisWeighted>0</BisWeighted>
      <QtyInPackage>1</QtyInPackage>
      <ItemPrice>6.90</ItemPrice>
      <UnitOfMeasurePrice>3.63</UnitOfMeasurePrice>
      <AllowDiscount>1</AllowDiscount>
      <itemStatus>1</itemStatus>
      <LastUpdateDate />
      <LastUpdateTime />
    </Product>
    <Product>
      <PriceUpdateDate>2019/11/13 15:46</PriceUpdateDate>
      <ItemCode>7613036880695</ItemCode>
      <ItemType>1</ItemType>
      <ItemName>מחית בננה תפוח עץ דגנים מלאים 190 גרבר</ItemName>
      <ManufactureName>קבוצת אסם סחר שות. מוגבלת</ManufactureName>
      <ManufactureCountry />
      <ManufactureItemDescription />
      <UnitQty>יח`</UnitQty>
      <Quantity>190</Quantity>
      <UnitMeasure>גרם</UnitMeasure>
      <BisWeighted>0</BisWeighted>
      <QtyInPackage>1</QtyInPackage>
      <ItemPrice>6.90</ItemPrice>
      <UnitOfMeasurePrice>3.63</UnitOfMeasurePrice>
      <AllowDiscount>1</AllowDiscount>
      <itemStatus>1</itemStatus>
      <LastUpdateDate />
      <LastUpdateTime />
    </Product>
    <Product>
      <PriceUpdateDate>2019/04/21 13:41</PriceUpdateDate>
      <ItemCode>7613037012095</ItemCode>
      <ItemType>1</ItemType>
      <ItemName>פיטנס גרנולה שוקולד קינואה ושקדים נסטלה</ItemName>
      <ManufactureName>קבוצת אסם סחר שות. מוגבלת</ManufactureName>
      <ManufactureCountry />
      <ManufactureItemDescription />
      <UnitQty>יח`</UnitQty>
      <Quantity>300</Quantity>
      <UnitMeasure>גרם</UnitMeasure>
      <BisWeighted>0</BisWeighted>
      <QtyInPackage>1</QtyInPackage>
      <ItemPrice>15.90</ItemPrice>
      <UnitOfMeasurePrice>5.30</UnitOfMeasurePrice>
      <AllowDiscount>1</AllowDiscount>
      <itemStatus>1</itemStatus>
      <LastUpdateDate />
      <LastUpdateTime />
    </Product>
    <Product>
      <PriceUpdateDate>2020/01/26 13:02</PriceUpdateDate>
      <ItemCode>7613037054279</ItemCode>
      <ItemType>1</ItemType>
      <ItemName>מחית תפוח עץ ובננה 190 גר` גרבר כשר לפסח</ItemName>
      <ManufactureName>קבוצת אסם סחר שות. מוגבלת</ManufactureName>
      <ManufactureCountry />
      <ManufactureItemDescription />
      <UnitQty>יח`</UnitQty>
      <Quantity>190</Quantity>
      <UnitMeasure>גרם</UnitMeasure>
      <BisWeighted>0</BisWeighted>
      <QtyInPackage>1</QtyInPackage>
      <ItemPrice>6.90</ItemPrice>
      <UnitOfMeasurePrice>3.63</UnitOfMeasurePrice>
      <AllowDiscount>0</AllowDiscount>
      <itemStatus>1</itemStatus>
      <LastUpdateDate />
      <LastUpdateTime />
    </Product>
    <Product>
      <PriceUpdateDate>2020/01/26 13:02</PriceUpdateDate>
      <ItemCode>7613037054347</ItemCode>
      <ItemType>1</ItemType>
      <ItemName>מחית תפוחי עץ 190 גר` גרבר כשר לפסח</ItemName>
      <ManufactureName>קבוצת אסם סחר שות. מוגבלת</ManufactureName>
      <ManufactureCountry />
      <ManufactureItemDescription />
      <UnitQty>יח`</UnitQty>
      <Quantity>190</Quantity>
      <UnitMeasure>גרם</UnitMeasure>
      <BisWeighted>0</BisWeighted>
      <QtyInPackage>1</QtyInPackage>
      <ItemPrice>6.90</ItemPrice>
      <UnitOfMeasurePrice>3.63</UnitOfMeasurePrice>
      <AllowDiscount>0</AllowDiscount>
      <itemStatus>1</itemStatus>
      <LastUpdateDate />
      <LastUpdateTime />
    </Product>
    <Product>
      <PriceUpdateDate>2019/11/12 08:36</PriceUpdateDate>
      <ItemCode>7613037276091</ItemCode>
      <ItemType>1</ItemType>
      <ItemName>מארז דגני בוקר ניסטלה מיקס שישייה</ItemName>
      <ManufactureName>קבוצת אסם סחר שות. מוגבלת</ManufactureName>
      <ManufactureCountry />
      <ManufactureItemDescription />
      <UnitQty>יח`</UnitQty>
      <Quantity>1</Quantity>
      <UnitMeasure />
      <BisWeighted>0</BisWeighted>
      <QtyInPackage>1</QtyInPackage>
      <ItemPrice>16.90</ItemPrice>
      <UnitOfMeasurePrice>16.90</UnitOfMeasurePrice>
      <AllowDiscount>1</AllowDiscount>
      <itemStatus>1</itemStatus>
      <LastUpdateDate />
      <LastUpdateTime />
    </Product>
    <Product>
      <PriceUpdateDate>2019/11/13 15:46</PriceUpdateDate>
      <ItemCode>7613037686906</ItemCode>
      <ItemType>1</ItemType>
      <ItemName>פיטנס שקדים ודבש (355 גרם) נסטלה</ItemName>
      <ManufactureName>קבוצת אסם סחר שות. מוגבלת</ManufactureName>
      <ManufactureCountry />
      <ManufactureItemDescription />
      <UnitQty>יח`</UnitQty>
      <Quantity>355</Quantity>
      <UnitMeasure>גרם</UnitMeasure>
      <BisWeighted>0</BisWeighted>
      <QtyInPackage>1</QtyInPackage>
      <ItemPrice>19.90</ItemPrice>
      <UnitOfMeasurePrice>5.61</UnitOfMeasurePrice>
      <AllowDiscount>1</AllowDiscount>
      <itemStatus>1</itemStatus>
      <LastUpdateDate />
      <LastUpdateTime />
    </Product>
    <Product>
      <PriceUpdateDate>2019/11/17 08:32</PriceUpdateDate>
      <ItemCode>7613037687132</ItemCode>
      <ItemType>1</ItemType>
      <ItemName>פיטנס שקדים ודבש 585 גר נסטלה</ItemName>
      <ManufactureName>קבוצת אסם סחר שות. מוגבלת</ManufactureName>
      <ManufactureCountry />
      <ManufactureItemDescription />
      <UnitQty>יח`</UnitQty>
      <Quantity>585</Quantity>
      <UnitMeasure>גרם</UnitMeasure>
      <BisWeighted>0</BisWeighted>
      <QtyInPackage>1</QtyInPackage>
      <ItemPrice>31.90</ItemPrice>
      <UnitOfMeasurePrice>5.45</UnitOfMeasurePrice>
      <AllowDiscount>1</AllowDiscount>
      <itemStatus>1</itemStatus>
      <LastUpdateDate />
      <LastUpdateTime />
    </Product>
    <Product>
      <PriceUpdateDate>2020/01/26 13:02</PriceUpdateDate>
      <ItemCode>7613038268262</ItemCode>
      <ItemType>1</ItemType>
      <ItemName>צ`יריוס האני נאט מופחת סוכר 410 גר`</ItemName>
      <ManufactureName>קבוצת אסם סחר שות. מוגבלת</ManufactureName>
      <ManufactureCountry />
      <ManufactureItemDescription />
      <UnitQty>יח`</UnitQty>
      <Quantity>410</Quantity>
      <UnitMeasure>גרם</UnitMeasure>
      <BisWeighted>0</BisWeighted>
      <QtyInPackage>1</QtyInPackage>
      <ItemPrice>20.90</ItemPrice>
      <UnitOfMeasurePrice>5.10</UnitOfMeasurePrice>
      <AllowDiscount>1</AllowDiscount>
      <itemStatus>1</itemStatus>
      <LastUpdateDate />
      <LastUpdateTime />
    </Product>
    <Product>
      <PriceUpdateDate>2020/01/26 13:02</PriceUpdateDate>
      <ItemCode>7613038451954</ItemCode>
      <ItemType>1</ItemType>
      <ItemName>דגני קראנץ` שוקולד מופחת 410 גר`</ItemName>
      <ManufactureName>קבוצת אסם סחר שות. מוגבלת</ManufactureName>
      <ManufactureCountry />
      <ManufactureItemDescription />
      <UnitQty>יח`</UnitQty>
      <Quantity>410</Quantity>
      <UnitMeasure>גרם</UnitMeasure>
      <BisWeighted>0</BisWeighted>
      <QtyInPackage>1</QtyInPackage>
      <ItemPrice>23.90</ItemPrice>
      <UnitOfMeasurePrice>5.83</UnitOfMeasurePrice>
      <AllowDiscount>1</AllowDiscount>
      <itemStatus>1</itemStatus>
      <LastUpdateDate />
      <LastUpdateTime />
    </Product>
    <Product>
      <PriceUpdateDate>2016/03/30 08:41</PriceUpdateDate>
      <ItemCode>7622010001858</ItemCode>
      <ItemType>1</ItemType>
      <ItemName>אוראו וניל 176 גר`</ItemName>
      <ManufactureName>דיפלומט היינץ</ManufactureName>
      <ManufactureCountry />
      <ManufactureItemDescription />
      <UnitQty>יח`</UnitQty>
      <Quantity>176</Quantity>
      <UnitMeasure>גרם</UnitMeasure>
      <BisWeighted>0</BisWeighted>
      <QtyInPackage>1</QtyInPackage>
      <ItemPrice>8.90</ItemPrice>
      <UnitOfMeasurePrice>5.06</UnitOfMeasurePrice>
      <AllowDiscount>1</AllowDiscount>
      <itemStatus>1</itemStatus>
      <LastUpdateDate />
      <LastUpdateTime />
    </Product>
    <Product>
      <PriceUpdateDate>2020/03/27 06:16</PriceUpdateDate>
      <ItemCode>7622201139278</ItemCode>
      <ItemType>1</ItemType>
      <ItemName>גבנת פילדלפיה שמנת 150 גר` (27% שומן)</ItemName>
      <ManufactureName>נטו מלינדה סחר בעמ</ManufactureName>
      <ManufactureCountry />
      <ManufactureItemDescription />
      <UnitQty>יח`</UnitQty>
      <Quantity>150</Quantity>
      <UnitMeasure>גרם</UnitMeasure>
      <BisWeighted>0</BisWeighted>
      <QtyInPackage>1</QtyInPackage>
      <ItemPrice>13.90</ItemPrice>
      <UnitOfMeasurePrice>9.27</UnitOfMeasurePrice>
      <AllowDiscount>1</AllowDiscount>
      <itemStatus>1</itemStatus>
      <LastUpdateDate />
      <LastUpdateTime />
    </Product>
    <Product>
      <PriceUpdateDate>2018/02/05 11:52</PriceUpdateDate>
      <ItemCode>7622210078131</ItemCode>
      <ItemType>1</ItemType>
      <ItemName>שוקולד חלב דיים מילקה (100 גרם)</ItemName>
      <ManufactureName>דיפלומט היינץ</ManufactureName>
      <ManufactureCountry />
      <ManufactureItemDescription />
      <UnitQty>יח`</UnitQty>
      <Quantity>100</Quantity>
      <UnitMeasure>גרם</UnitMeasure>
      <BisWeighted>0</BisWeighted>
      <QtyInPackage>1</QtyInPackage>
      <ItemPrice>5.90</ItemPrice>
      <UnitOfMeasurePrice>5.90</UnitOfMeasurePrice>
      <AllowDiscount>1</AllowDiscount>
      <itemStatus>1</itemStatus>
      <LastUpdateDate />
      <LastUpdateTime />
    </Product>
    <Product>
      <PriceUpdateDate>2017/11/13 07:35</PriceUpdateDate>
      <ItemCode>7622210453327</ItemCode>
      <ItemType>1</ItemType>
      <ItemName>מילקה סנסייטן 156 גר`</ItemName>
      <ManufactureName>דיפלומט היינץ</ManufactureName>
      <ManufactureCountry />
      <ManufactureItemDescription />
      <UnitQty>יח`</UnitQty>
      <Quantity>156</Quantity>
      <UnitMeasure>גרם</UnitMeasure>
      <BisWeighted>0</BisWeighted>
      <QtyInPackage>1</QtyInPackage>
      <ItemPrice>12.90</ItemPrice>
      <UnitOfMeasurePrice>8.27</UnitOfMeasurePrice>
      <AllowDiscount>0</AllowDiscount>
      <itemStatus>1</itemStatus>
      <LastUpdateDate />
      <LastUpdateTime />
    </Product>
    <Product>
      <PriceUpdateDate>2017/12/25 12:47</PriceUpdateDate>
      <ItemCode>7622210650924</ItemCode>
      <ItemType>1</ItemType>
      <ItemName>אוראו דקים שוקו 96 גר`</ItemName>
      <ManufactureName>דיפלומט היינץ</ManufactureName>
      <ManufactureCountry />
      <ManufactureItemDescription />
      <UnitQty>יח`</UnitQty>
      <Quantity>96</Quantity>
      <UnitMeasure>גרם</UnitMeasure>
      <BisWeighted>0</BisWeighted>
      <QtyInPackage>1</QtyInPackage>
      <ItemPrice>6.90</ItemPrice>
      <UnitOfMeasurePrice>7.19</UnitOfMeasurePrice>
      <AllowDiscount>0</AllowDiscount>
      <itemStatus>1</itemStatus>
      <LastUpdateDate />
      <LastUpdateTime />
    </Product>
    <Product>
      <PriceUpdateDate>2017/12/25 12:47</PriceUpdateDate>
      <ItemCode>7622210658708</ItemCode>
      <ItemType>1</ItemType>
      <ItemName>אוראו דקים וניל 96 גר`</ItemName>
      <ManufactureName>דיפלומט היינץ</ManufactureName>
      <ManufactureCountry />
      <ManufactureItemDescription />
      <UnitQty>יח`</UnitQty>
      <Quantity>96</Quantity>
      <UnitMeasure>גרם</UnitMeasure>
      <BisWeighted>0</BisWeighted>
      <QtyInPackage>1</QtyInPackage>
      <ItemPrice>6.90</ItemPrice>
      <UnitOfMeasurePrice>7.19</UnitOfMeasurePrice>
      <AllowDiscount>0</AllowDiscount>
      <itemStatus>1</itemStatus>
      <LastUpdateDate />
      <LastUpdateTime />
    </Product>
    <Product>
      <PriceUpdateDate>2018/05/13 11:10</PriceUpdateDate>
      <ItemCode>7622210820310</ItemCode>
      <ItemType>1</ItemType>
      <ItemName>שוקולד חלב בוטנים קרמל 90 גר` מילקה</ItemName>
      <ManufactureName>דיפלומט היינץ</ManufactureName>
      <ManufactureCountry />
      <ManufactureItemDescription />
      <UnitQty>יח`</UnitQty>
      <Quantity>100</Quantity>
      <UnitMeasure>גרם</UnitMeasure>
      <BisWeighted>0</BisWeighted>
      <QtyInPackage>1</QtyInPackage>
      <ItemPrice>5.90</ItemPrice>
      <UnitOfMeasurePrice>5.90</UnitOfMeasurePrice>
      <AllowDiscount>1</AllowDiscount>
      <itemStatus>1</itemStatus>
      <LastUpdateDate />
      <LastUpdateTime />
    </Product>
    <Product>
      <PriceUpdateDate>2019/08/08 08:23</PriceUpdateDate>
      <ItemCode>7622210874351</ItemCode>
      <ItemType>1</ItemType>
      <ItemName>אוראו מיני כוסות בטעם וניל 67 גר`</ItemName>
      <ManufactureName>דיפלומט היינץ</ManufactureName>
      <ManufactureCountry />
      <ManufactureItemDescription />
      <UnitQty>יח`</UnitQty>
      <Quantity>67</Quantity>
      <UnitMeasure>גרם</UnitMeasure>
      <BisWeighted>0</BisWeighted>
      <QtyInPackage>1</QtyInPackage>
      <ItemPrice>6.90</ItemPrice>
      <UnitOfMeasurePrice>10.30</UnitOfMeasurePrice>
      <AllowDiscount>0</AllowDiscount>
      <itemStatus>1</itemStatus>
      <LastUpdateDate />
      <LastUpdateTime />
    </Product>
    <Product>
      <PriceUpdateDate>2016/08/29 08:31</PriceUpdateDate>
      <ItemCode>7622210984678</ItemCode>
      <ItemType>1</ItemType>
      <ItemName>וופל במילוי קרם קקאו מילקה (150 גרם)</ItemName>
      <ManufactureName>דיפלומט היינץ</ManufactureName>
      <ManufactureCountry />
      <ManufactureItemDescription />
      <UnitQty>יח`</UnitQty>
      <Quantity>150</Quantity>
      <UnitMeasure>גרם</UnitMeasure>
      <BisWeighted>0</BisWeighted>
      <QtyInPackage>1</QtyInPackage>
      <ItemPrice>13.90</ItemPrice>
      <UnitOfMeasurePrice>9.27</UnitOfMeasurePrice>
      <AllowDiscount>0</AllowDiscount>
      <itemStatus>1</itemStatus>
      <LastUpdateDate />
      <LastUpdateTime />
    </Product>
    <Product>
      <PriceUpdateDate>2019/06/16 12:50</PriceUpdateDate>
      <ItemCode>7622300336738</ItemCode>
      <ItemType>1</ItemType>
      <ItemName>אוראו וניל 154 גר`בדצ</ItemName>
      <ManufactureName>דיפלומט היינץ</ManufactureName>
      <ManufactureCountry />
      <ManufactureItemDescription />
      <UnitQty>יח`</UnitQty>
      <Quantity>154</Quantity>
      <UnitMeasure>גרם</UnitMeasure>
      <BisWeighted>0</BisWeighted>
      <QtyInPackage>1</QtyInPackage>
      <ItemPrice>7.90</ItemPrice>
      <UnitOfMeasurePrice>5.13</UnitOfMeasurePrice>
      <AllowDiscount>0</AllowDiscount>
      <itemStatus>1</itemStatus>
      <LastUpdateDate />
      <LastUpdateTime />
    </Product>
    <Product>
      <PriceUpdateDate>2018/03/18 13:45</PriceUpdateDate>
      <ItemCode>7622300489427</ItemCode>
      <ItemType>1</ItemType>
      <ItemName>אוראו פאדג שוקולד לבן 246גר</ItemName>
      <ManufactureName>דיפלומט היינץ</ManufactureName>
      <ManufactureCountry />
      <ManufactureItemDescription />
      <UnitQty>יח`</UnitQty>
      <Quantity>246</Quantity>
      <UnitMeasure>גרם</UnitMeasure>
      <BisWeighted>0</BisWeighted>
      <QtyInPackage>1</QtyInPackage>
      <ItemPrice>19.90</ItemPrice>
      <UnitOfMeasurePrice>8.09</UnitOfMeasurePrice>
      <AllowDiscount>0</AllowDiscount>
      <itemStatus>1</itemStatus>
      <LastUpdateDate />
      <LastUpdateTime />
    </Product>
    <Product>
      <PriceUpdateDate>2018/02/05 11:52</PriceUpdateDate>
      <ItemCode>7622300495046</ItemCode>
      <ItemType>1</ItemType>
      <ItemName>שוקולד עם אקסטרה קקאו מילקה (100 גרם)</ItemName>
      <ManufactureName>דיפלומט היינץ</ManufactureName>
      <ManufactureCountry />
      <ManufactureItemDescription />
      <UnitQty>יח`</UnitQty>
      <Quantity>100</Quantity>
      <UnitMeasure>גרם</UnitMeasure>
      <BisWeighted>0</BisWeighted>
      <QtyInPackage>1</QtyInPackage>
      <ItemPrice>5.90</ItemPrice>
      <UnitOfMeasurePrice>5.90</UnitOfMeasurePrice>
      <AllowDiscount>1</AllowDiscount>
      <itemStatus>1</itemStatus>
      <LastUpdateDate />
      <LastUpdateTime />
    </Product>
    <Product>
      <PriceUpdateDate>2018/02/05 11:52</PriceUpdateDate>
      <ItemCode>7622300498429</ItemCode>
      <ItemType>1</ItemType>
      <ItemName>שוקולד חלב עם יוגורט תות מילקה (100 גרם)</ItemName>
      <ManufactureName>דיפלומט היינץ</ManufactureName>
      <ManufactureCountry />
      <ManufactureItemDescription />
      <UnitQty>יח`</UnitQty>
      <Quantity>100</Quantity>
      <UnitMeasure>גרם</UnitMeasure>
      <BisWeighted>0</BisWeighted>
      <QtyInPackage>1</QtyInPackage>
      <ItemPrice>5.90</ItemPrice>
      <UnitOfMeasurePrice>5.90</UnitOfMeasurePrice>
      <AllowDiscount>1</AllowDiscount>
      <itemStatus>1</itemStatus>
      <LastUpdateDate />
      <LastUpdateTime />
    </Product>
    <Product>
      <PriceUpdateDate>2017/01/23 07:56</PriceUpdateDate>
      <ItemCode>7622300503079</ItemCode>
      <ItemType>1</ItemType>
      <ItemName>ביסקוויט מצופה שוקולד מילקה (200 גרם)</ItemName>
      <ManufactureName>דיפלומט היינץ</ManufactureName>
      <ManufactureCountry />
      <ManufactureItemDescription />
      <UnitQty>יח`</UnitQty>
      <Quantity>200</Quantity>
      <UnitMeasure>גרם</UnitMeasure>
      <BisWeighted>0</BisWeighted>
      <QtyInPackage>1</QtyInPackage>
      <ItemPrice>12.90</ItemPrice>
      <UnitOfMeasurePrice>6.45</UnitOfMeasurePrice>
      <AllowDiscount>0</AllowDiscount>
      <itemStatus>1</itemStatus>
      <LastUpdateDate />
      <LastUpdateTime />
    </Product>
    <Product>
      <PriceUpdateDate>2018/02/05 11:52</PriceUpdateDate>
      <ItemCode>7622300617820</ItemCode>
      <ItemType>1</ItemType>
      <ItemName>שוקולד אוראו מילקה (100 גרם)</ItemName>
      <ManufactureName>דיפלומט היינץ</ManufactureName>
      <ManufactureCountry />
      <ManufactureItemDescription />
      <UnitQty>יח`</UnitQty>
      <Quantity>100</Quantity>
      <UnitMeasure>גרם</UnitMeasure>
      <BisWeighted>0</BisWeighted>
      <QtyInPackage>1</QtyInPackage>
      <ItemPrice>5.90</ItemPrice>
      <UnitOfMeasurePrice>5.90</UnitOfMeasurePrice>
      <AllowDiscount>1</AllowDiscount>
      <itemStatus>1</itemStatus>
      <LastUpdateDate />
      <LastUpdateTime />
    </Product>
    <Product>
      <PriceUpdateDate>2019/05/07 16:25</PriceUpdateDate>
      <ItemCode>7638900410402</ItemCode>
      <ItemType>1</ItemType>
      <ItemName>סוללות אנרגייזר מקס C</ItemName>
      <ManufactureName>דנשר (1963) בעמ</ManufactureName>
      <ManufactureCountry />
      <ManufactureItemDescription />
      <UnitQty>יח`</UnitQty>
      <Quantity>1</Quantity>
      <UnitMeasure />
      <BisWeighted>0</BisWeighted>
      <QtyInPackage>1</QtyInPackage>
      <ItemPrice>24.90</ItemPrice>
      <UnitOfMeasurePrice>24.90</UnitOfMeasurePrice>
      <AllowDiscount>0</AllowDiscount>
      <itemStatus>1</itemStatus>
      <LastUpdateDate />
      <LastUpdateTime />
    </Product>
    <Product>
      <PriceUpdateDate>2020/05/01 06:20</PriceUpdateDate>
      <ItemCode>7640166793991</ItemCode>
      <ItemType>1</ItemType>
      <ItemName>מוצרלה כדור 125 גר</ItemName>
      <ManufactureName>נטו מלינדה סחר בעמ</ManufactureName>
      <ManufactureCountry />
      <ManufactureItemDescription />
      <UnitQty>יח`</UnitQty>
      <Quantity>125</Quantity>
      <UnitMeasure>גרם</UnitMeasure>
      <BisWeighted>0</BisWeighted>
      <QtyInPackage>1</QtyInPackage>
      <ItemPrice>10</ItemPrice>
      <UnitOfMeasurePrice>8</UnitOfMeasurePrice>
      <AllowDiscount>0</AllowDiscount>
      <itemStatus>1</itemStatus>
      <LastUpdateDate />
      <LastUpdateTime />
    </Product>
    <Product>
      <PriceUpdateDate>2020/05/01 06:20</PriceUpdateDate>
      <ItemCode>7640166796329</ItemCode>
      <ItemType>1</ItemType>
      <ItemName>מוצרלה גליל נקניק 300גר`</ItemName>
      <ManufactureName>נטו מלינדה סחר בעמ</ManufactureName>
      <ManufactureCountry />
      <ManufactureItemDescription />
      <UnitQty>יח`</UnitQty>
      <Quantity>300</Quantity>
      <UnitMeasure>גרם</UnitMeasure>
      <BisWeighted>0</BisWeighted>
      <QtyInPackage>1</QtyInPackage>
      <ItemPrice>24.90</ItemPrice>
      <UnitOfMeasurePrice>8.30</UnitOfMeasurePrice>
      <AllowDiscount>0</AllowDiscount>
      <itemStatus>1</itemStatus>
      <LastUpdateDate />
      <LastUpdateTime />
    </Product>
    <Product>
      <PriceUpdateDate>2016/08/04 08:20</PriceUpdateDate>
      <ItemCode>7702018093892</ItemCode>
      <ItemType>1</ItemType>
      <ItemName>מכשיר סכיני גילוח ונוס סימפלי 6 יח`</ItemName>
      <ManufactureName>פארמה דיל (פ.א.ב.) שיווק והפצה</ManufactureName>
      <ManufactureCountry />
      <ManufactureItemDescription />
      <UnitQty>יח`</UnitQty>
      <Quantity>1</Quantity>
      <UnitMeasure />
      <BisWeighted>0</BisWeighted>
      <QtyInPackage>1</QtyInPackage>
      <ItemPrice>24.90</ItemPrice>
      <UnitOfMeasurePrice>24.90</UnitOfMeasurePrice>
      <AllowDiscount>0</AllowDiscount>
      <itemStatus>1</itemStatus>
      <LastUpdateDate />
      <LastUpdateTime />
    </Product>
    <Product>
      <PriceUpdateDate>2016/02/12 09:09</PriceUpdateDate>
      <ItemCode>7702018389285</ItemCode>
      <ItemType>1</ItemType>
      <ItemName>מכשיר פיוג`ן פרושילד</ItemName>
      <ManufactureName>דיפלומט מפיצים (1968) בעמ</ManufactureName>
      <ManufactureCountry />
      <ManufactureItemDescription />
      <UnitQty>יח`</UnitQty>
      <Quantity>1</Quantity>
      <UnitMeasure />
      <BisWeighted>0</BisWeighted>
      <QtyInPackage>1</QtyInPackage>
      <ItemPrice>59.90</ItemPrice>
      <UnitOfMeasurePrice>59.90</UnitOfMeasurePrice>
      <AllowDiscount>0</AllowDiscount>
      <itemStatus>1</itemStatus>
      <LastUpdateDate />
      <LastUpdateTime />
    </Product>
    <Product>
      <PriceUpdateDate>2019/01/13 11:17</PriceUpdateDate>
      <ItemCode>7702018469383</ItemCode>
      <ItemType>1</ItemType>
      <ItemName>סכיני גילוח פיוז`ן ידני ג`ילט (12) מוגד</ItemName>
      <ManufactureName>דיפלומט מפיצים (1968) בעמ</ManufactureName>
      <ManufactureCountry />
      <ManufactureItemDescription />
      <UnitQty>יח`</UnitQty>
      <Quantity>1</Quantity>
      <UnitMeasure />
      <BisWeighted>0</BisWeighted>
      <QtyInPackage>1</QtyInPackage>
      <ItemPrice>144.90</ItemPrice>
      <UnitOfMeasurePrice>144.90</UnitOfMeasurePrice>
      <AllowDiscount>1</AllowDiscount>
      <itemStatus>1</itemStatus>
      <LastUpdateDate />
      <LastUpdateTime />
    </Product>
    <Product>
      <PriceUpdateDate>2019/11/19 08:40</PriceUpdateDate>
      <ItemCode>7702018978106</ItemCode>
      <ItemType>1</ItemType>
      <ItemName>דאודורנט קליר ג`ל 70 גר` AI</ItemName>
      <ManufactureName>פארמה דיל (פ.א.ב.) שיווק והפצה</ManufactureName>
      <ManufactureCountry />
      <ManufactureItemDescription />
      <UnitQty>יח`</UnitQty>
      <Quantity>70</Quantity>
      <UnitMeasure>מ"ל</UnitMeasure>
      <BisWeighted>0</BisWeighted>
      <QtyInPackage>1</QtyInPackage>
      <ItemPrice>14.90</ItemPrice>
      <UnitOfMeasurePrice>21.29</UnitOfMeasurePrice>
      <AllowDiscount>0</AllowDiscount>
      <itemStatus>1</itemStatus>
      <LastUpdateDate />
      <LastUpdateTime />
    </Product>
    <Product>
      <PriceUpdateDate>2019/11/19 08:40</PriceUpdateDate>
      <ItemCode>7702018978120</ItemCode>
      <ItemType>1</ItemType>
      <ItemName>דאודורנט קליר ג`ל 70 גר` CW</ItemName>
      <ManufactureName>פארמה דיל (פ.א.ב.) שיווק והפצה</ManufactureName>
      <ManufactureCountry />
      <ManufactureItemDescription />
      <UnitQty>יח`</UnitQty>
      <Quantity>70</Quantity>
      <UnitMeasure>מ"ל</UnitMeasure>
      <BisWeighted>0</BisWeighted>
      <QtyInPackage>1</QtyInPackage>
      <ItemPrice>14.90</ItemPrice>
      <UnitOfMeasurePrice>21.29</UnitOfMeasurePrice>
      <AllowDiscount>0</AllowDiscount>
      <itemStatus>1</itemStatus>
      <LastUpdateDate />
      <LastUpdateTime />
    </Product>
    <Product>
      <PriceUpdateDate>2016/10/14 08:01</PriceUpdateDate>
      <ItemCode>7702018980833</ItemCode>
      <ItemType>1</ItemType>
      <ItemName>ג`ל גילוח סירייס מעושר בלחות</ItemName>
      <ManufactureName>דיפלומט מפיצים (1968) בעמ</ManufactureName>
      <ManufactureCountry />
      <ManufactureItemDescription />
      <UnitQty>יח`</UnitQty>
      <Quantity>250</Quantity>
      <UnitMeasure>מ"ל</UnitMeasure>
      <BisWeighted>0</BisWeighted>
      <QtyInPackage>1</QtyInPackage>
      <ItemPrice>19.90</ItemPrice>
      <UnitOfMeasurePrice>7.96</UnitOfMeasurePrice>
      <AllowDiscount>1</AllowDiscount>
      <itemStatus>1</itemStatus>
      <LastUpdateDate />
      <LastUpdateTime />
    </Product>
    <Product>
      <PriceUpdateDate>2015/03/08 16:33</PriceUpdateDate>
      <ItemCode>7702174066631</ItemCode>
      <ItemType>1</ItemType>
      <ItemName>לקקן יוגטה פינפופ</ItemName>
      <ManufactureName>ליימן שליסל בעמ</ManufactureName>
      <ManufactureCountry />
      <ManufactureItemDescription />
      <UnitQty>יח`</UnitQty>
      <Quantity>180</Quantity>
      <UnitMeasure>גרם</UnitMeasure>
      <BisWeighted>0</BisWeighted>
      <QtyInPackage>1</QtyInPackage>
      <ItemPrice>10.90</ItemPrice>
      <UnitOfMeasurePrice>6.06</UnitOfMeasurePrice>
      <AllowDiscount>1</AllowDiscount>
      <itemStatus>1</itemStatus>
      <LastUpdateDate />
      <LastUpdateTime />
    </Product>
    <Product>
      <PriceUpdateDate>2015/03/08 16:33</PriceUpdateDate>
      <ItemCode>7702174068826</ItemCode>
      <ItemType>1</ItemType>
      <ItemName>לקקן יוגטה 12 יח`</ItemName>
      <ManufactureName>ליימן שליסל בעמ</ManufactureName>
      <ManufactureCountry />
      <ManufactureItemDescription />
      <UnitQty>יח`</UnitQty>
      <Quantity>216</Quantity>
      <UnitMeasure>גרם</UnitMeasure>
      <BisWeighted>0</BisWeighted>
      <QtyInPackage>1</QtyInPackage>
      <ItemPrice>10.90</ItemPrice>
      <UnitOfMeasurePrice>5.05</UnitOfMeasurePrice>
      <AllowDiscount>1</AllowDiscount>
      <itemStatus>1</itemStatus>
      <LastUpdateDate />
      <LastUpdateTime />
    </Product>
    <Product>
      <PriceUpdateDate>2015/03/08 16:33</PriceUpdateDate>
      <ItemCode>7702174070201</ItemCode>
      <ItemType>1</ItemType>
      <ItemName>לקקן יוגטה מג`יק 12 יח`</ItemName>
      <ManufactureName>ליימן שליסל בעמ</ManufactureName>
      <ManufactureCountry />
      <ManufactureItemDescription />
      <UnitQty>יח`</UnitQty>
      <Quantity>1</Quantity>
      <UnitMeasure />
      <BisWeighted>0</BisWeighted>
      <QtyInPackage>1</QtyInPackage>
      <ItemPrice>10.90</ItemPrice>
      <UnitOfMeasurePrice>10.90</UnitOfMeasurePrice>
      <AllowDiscount>1</AllowDiscount>
      <itemStatus>1</itemStatus>
      <LastUpdateDate />
      <LastUpdateTime />
    </Product>
    <Product>
      <PriceUpdateDate>2015/11/01 08:32</PriceUpdateDate>
      <ItemCode>7702174073783</ItemCode>
      <ItemType>1</ItemType>
      <ItemName>לקקן יוגטה פינפופ טעם קולה</ItemName>
      <ManufactureName>ליימן שליסל בעמ</ManufactureName>
      <ManufactureCountry />
      <ManufactureItemDescription />
      <UnitQty>יח`</UnitQty>
      <Quantity>180</Quantity>
      <UnitMeasure>גרם</UnitMeasure>
      <BisWeighted>0</BisWeighted>
      <QtyInPackage>1</QtyInPackage>
      <ItemPrice>10.90</ItemPrice>
      <UnitOfMeasurePrice>6.06</UnitOfMeasurePrice>
      <AllowDiscount>1</AllowDiscount>
      <itemStatus>1</itemStatus>
      <LastUpdateDate />
      <LastUpdateTime />
    </Product>
    <Product>
      <PriceUpdateDate>2019/10/06 12:36</PriceUpdateDate>
      <ItemCode>7891024030974</ItemCode>
      <ItemType>1</ItemType>
      <ItemName>משחת טריפל אקשן קולגייט (75 מל)</ItemName>
      <ManufactureName>ש.שסטוביץ בעמ</ManufactureName>
      <ManufactureCountry />
      <ManufactureItemDescription />
      <UnitQty>יח`</UnitQty>
      <Quantity>1</Quantity>
      <UnitMeasure />
      <BisWeighted>0</BisWeighted>
      <QtyInPackage>1</QtyInPackage>
      <ItemPrice>5.90</ItemPrice>
      <UnitOfMeasurePrice>5.90</UnitOfMeasurePrice>
      <AllowDiscount>0</AllowDiscount>
      <itemStatus>1</itemStatus>
      <LastUpdateDate />
      <LastUpdateTime />
    </Product>
    <Product>
      <PriceUpdateDate>2019/01/22 11:46</PriceUpdateDate>
      <ItemCode>7891024124826</ItemCode>
      <ItemType>1</ItemType>
      <ItemName>משחת שיניים אופטיק וייט קולגייט (75 מל)</ItemName>
      <ManufactureName>ש.שסטוביץ בעמ</ManufactureName>
      <ManufactureCountry />
      <ManufactureItemDescription />
      <UnitQty>יח`</UnitQty>
      <Quantity>103</Quantity>
      <UnitMeasure>גרם</UnitMeasure>
      <BisWeighted>0</BisWeighted>
      <QtyInPackage>1</QtyInPackage>
      <ItemPrice>17.90</ItemPrice>
      <UnitOfMeasurePrice>17.38</UnitOfMeasurePrice>
      <AllowDiscount>0</AllowDiscount>
      <itemStatus>1</itemStatus>
      <LastUpdateDate />
      <LastUpdateTime />
    </Product>
    <Product>
      <PriceUpdateDate>2019/11/12 08:36</PriceUpdateDate>
      <ItemCode>8000113003402</ItemCode>
      <ItemType>1</ItemType>
      <ItemName>קמח תירס ואקום 1 קג</ItemName>
      <ManufactureName>גורי מוצרי צריכה (1991) בעמ</ManufactureName>
      <ManufactureCountry />
      <ManufactureItemDescription />
      <UnitQty>יח`</UnitQty>
      <Quantity>100</Quantity>
      <UnitMeasure>גרם</UnitMeasure>
      <BisWeighted>0</BisWeighted>
      <QtyInPackage>1</QtyInPackage>
      <ItemPrice>14.90</ItemPrice>
      <UnitOfMeasurePrice>14.90</UnitOfMeasurePrice>
      <AllowDiscount>1</AllowDiscount>
      <itemStatus>1</itemStatus>
      <LastUpdateDate />
      <LastUpdateTime />
    </Product>
    <Product>
      <PriceUpdateDate>2014/01/02 08:42</PriceUpdateDate>
      <ItemCode>8000380003723</ItemCode>
      <ItemType>1</ItemType>
      <ItemName>גרנד פטיסרי 100 גר` אגוז</ItemName>
      <ManufactureName>ליימן שליסל בעמ</ManufactureName>
      <ManufactureCountry />
      <ManufactureItemDescription />
      <UnitQty>יח`</UnitQty>
      <Quantity>100</Quantity>
      <UnitMeasure>גרם</UnitMeasure>
      <BisWeighted>0</BisWeighted>
      <QtyInPackage>1</QtyInPackage>
      <ItemPrice>13.90</ItemPrice>
      <UnitOfMeasurePrice>13.90</UnitOfMeasurePrice>
      <AllowDiscount>1</AllowDiscount>
      <itemStatus>1</itemStatus>
      <LastUpdateDate />
      <LastUpdateTime />
    </Product>
    <Product>
      <PriceUpdateDate>2015/02/02 15:14</PriceUpdateDate>
      <ItemCode>8000380004676</ItemCode>
      <ItemType>1</ItemType>
      <ItemName>וופל  סנדוויץ`בטעם וניל לואקר (200 גרם)</ItemName>
      <ManufactureName>ליימן שליסל בעמ</ManufactureName>
      <ManufactureCountry />
      <ManufactureItemDescription />
      <UnitQty>יח`</UnitQty>
      <Quantity>200</Quantity>
      <UnitMeasure>גרם</UnitMeasure>
      <BisWeighted>0</BisWeighted>
      <QtyInPackage>1</QtyInPackage>
      <ItemPrice>13.90</ItemPrice>
      <UnitOfMeasurePrice>6.95</UnitOfMeasurePrice>
      <AllowDiscount>0</AllowDiscount>
      <itemStatus>1</itemStatus>
      <LastUpdateDate />
      <LastUpdateTime />
    </Product>
    <Product>
      <PriceUpdateDate>2014/05/11 17:32</PriceUpdateDate>
      <ItemCode>8000380004911</ItemCode>
      <ItemType>1</ItemType>
      <ItemName>קוארדטיני 250 גר` אגוז</ItemName>
      <ManufactureName>ליימן שליסל בעמ</ManufactureName>
      <ManufactureCountry />
      <ManufactureItemDescription />
      <UnitQty>יח`</UnitQty>
      <Quantity>250</Quantity>
      <UnitMeasure>גרם</UnitMeasure>
      <BisWeighted>0</BisWeighted>
      <QtyInPackage>1</QtyInPackage>
      <ItemPrice>14.90</ItemPrice>
      <UnitOfMeasurePrice>5.96</UnitOfMeasurePrice>
      <AllowDiscount>1</AllowDiscount>
      <itemStatus>1</itemStatus>
      <LastUpdateDate />
      <LastUpdateTime />
    </Product>
    <Product>
      <PriceUpdateDate>2014/05/11 17:32</PriceUpdateDate>
      <ItemCode>8000380004966</ItemCode>
      <ItemType>1</ItemType>
      <ItemName>קוארדטיני 250 גר` קקאו</ItemName>
      <ManufactureName>ליימן שליסל בעמ</ManufactureName>
      <ManufactureCountry />
      <ManufactureItemDescription />
      <UnitQty>יח`</UnitQty>
      <Quantity>250</Quantity>
      <UnitMeasure>גרם</UnitMeasure>
      <BisWeighted>0</BisWeighted>
      <QtyInPackage>1</QtyInPackage>
      <ItemPrice>14.90</ItemPrice>
      <UnitOfMeasurePrice>5.96</UnitOfMeasurePrice>
      <AllowDiscount>1</AllowDiscount>
      <itemStatus>1</itemStatus>
      <LastUpdateDate />
      <LastUpdateTime />
    </Product>
    <Product>
      <PriceUpdateDate>2015/05/28 15:21</PriceUpdateDate>
      <ItemCode>8000380005598</ItemCode>
      <ItemType>1</ItemType>
      <ItemName>טורטינה שישיה מריר 125 גר</ItemName>
      <ManufactureName>ליימן שליסל בעמ</ManufactureName>
      <ManufactureCountry />
      <ManufactureItemDescription />
      <UnitQty>יח`</UnitQty>
      <Quantity>125</Quantity>
      <UnitMeasure>גרם</UnitMeasure>
      <BisWeighted>0</BisWeighted>
      <QtyInPackage>1</QtyInPackage>
      <ItemPrice>17.90</ItemPrice>
      <UnitOfMeasurePrice>14.32</UnitOfMeasurePrice>
      <AllowDiscount>1</AllowDiscount>
      <itemStatus>1</itemStatus>
      <LastUpdateDate />
      <LastUpdateTime />
    </Product>
    <Product>
      <PriceUpdateDate>2015/03/02 10:14</PriceUpdateDate>
      <ItemCode>8000380007219</ItemCode>
      <ItemType>1</ItemType>
      <ItemName>וופל בטעם אגוזים לואקר (175 גרם)</ItemName>
      <ManufactureName>ליימן שליסל בעמ</ManufactureName>
      <ManufactureCountry />
      <ManufactureItemDescription />
      <UnitQty>יח`</UnitQty>
      <Quantity>175</Quantity>
      <UnitMeasure>גרם</UnitMeasure>
      <BisWeighted>0</BisWeighted>
      <QtyInPackage>1</QtyInPackage>
      <ItemPrice>10.90</ItemPrice>
      <UnitOfMeasurePrice>6.23</UnitOfMeasurePrice>
      <AllowDiscount>1</AllowDiscount>
      <itemStatus>1</itemStatus>
      <LastUpdateDate />
      <LastUpdateTime />
    </Product>
    <Product>
      <PriceUpdateDate>2019/02/03 12:20</PriceUpdateDate>
      <ItemCode>8000380007257</ItemCode>
      <ItemType>1</ItemType>
      <ItemName>וופל גרדנה 200</ItemName>
      <ManufactureName>ליימן שליסל בעמ</ManufactureName>
      <ManufactureCountry />
      <ManufactureItemDescription />
      <UnitQty>יח`</UnitQty>
      <Quantity>200</Quantity>
      <UnitMeasure>גרם</UnitMeasure>
      <BisWeighted>0</BisWeighted>
      <QtyInPackage>1</QtyInPackage>
      <ItemPrice>14.40</ItemPrice>
      <UnitOfMeasurePrice>7.20</UnitOfMeasurePrice>
      <AllowDiscount>1</AllowDiscount>
      <itemStatus>1</itemStatus>
      <LastUpdateDate />
      <LastUpdateTime />
    </Product>
    <Product>
      <PriceUpdateDate>2015/03/02 10:14</PriceUpdateDate>
      <ItemCode>8000380007264</ItemCode>
      <ItemType>1</ItemType>
      <ItemName>וופל קקאו לואקר (175 גרם)</ItemName>
      <ManufactureName>ליימן שליסל בעמ</ManufactureName>
      <ManufactureCountry />
      <ManufactureItemDescription />
      <UnitQty>יח`</UnitQty>
      <Quantity>175</Quantity>
      <UnitMeasure>גרם</UnitMeasure>
      <BisWeighted>0</BisWeighted>
      <QtyInPackage>1</QtyInPackage>
      <ItemPrice>10.90</ItemPrice>
      <UnitOfMeasurePrice>6.23</UnitOfMeasurePrice>
      <AllowDiscount>1</AllowDiscount>
      <itemStatus>1</itemStatus>
      <LastUpdateDate />
      <LastUpdateTime />
    </Product>
    <Product>
      <PriceUpdateDate>2015/05/28 15:21</PriceUpdateDate>
      <ItemCode>8000380106028</ItemCode>
      <ItemType>1</ItemType>
      <ItemName>טורטינה שישיה אורגינל לואקר 125 גר</ItemName>
      <ManufactureName>ליימן שליסל בעמ</ManufactureName>
      <ManufactureCountry />
      <ManufactureItemDescription />
      <UnitQty>יח`</UnitQty>
      <Quantity>125</Quantity>
      <UnitMeasure>גרם</UnitMeasure>
      <BisWeighted>0</BisWeighted>
      <QtyInPackage>1</QtyInPackage>
      <ItemPrice>17.90</ItemPrice>
      <UnitOfMeasurePrice>14.32</UnitOfMeasurePrice>
      <AllowDiscount>1</AllowDiscount>
      <itemStatus>1</itemStatus>
      <LastUpdateDate />
      <LastUpdateTime />
    </Product>
    <Product>
      <PriceUpdateDate>2019/03/06 13:19</PriceUpdateDate>
      <ItemCode>8000380144044</ItemCode>
      <ItemType>1</ItemType>
      <ItemName>וופל גרדנה שוקולד 200 גר</ItemName>
      <ManufactureName>ליימן שליסל בעמ</ManufactureName>
      <ManufactureCountry />
      <ManufactureItemDescription />
      <UnitQty>יח`</UnitQty>
      <Quantity>200</Quantity>
      <UnitMeasure>גרם</UnitMeasure>
      <BisWeighted>0</BisWeighted>
      <QtyInPackage>1</QtyInPackage>
      <ItemPrice>14.40</ItemPrice>
      <UnitOfMeasurePrice>7.20</UnitOfMeasurePrice>
      <AllowDiscount>1</AllowDiscount>
      <itemStatus>1</itemStatus>
      <LastUpdateDate />
      <LastUpdateTime />
    </Product>
    <Product>
      <PriceUpdateDate>2015/12/10 09:04</PriceUpdateDate>
      <ItemCode>8000380153534</ItemCode>
      <ItemType>1</ItemType>
      <ItemName>טורטינה שישיה לבן 125 גר`</ItemName>
      <ManufactureName>ליימן שליסל בעמ</ManufactureName>
      <ManufactureCountry />
      <ManufactureItemDescription />
      <UnitQty>יח`</UnitQty>
      <Quantity>125</Quantity>
      <UnitMeasure>גרם</UnitMeasure>
      <BisWeighted>0</BisWeighted>
      <QtyInPackage>1</QtyInPackage>
      <ItemPrice>17.90</ItemPrice>
      <UnitOfMeasurePrice>14.32</UnitOfMeasurePrice>
      <AllowDiscount>1</AllowDiscount>
      <itemStatus>1</itemStatus>
      <LastUpdateDate />
      <LastUpdateTime />
    </Product>
    <Product>
      <PriceUpdateDate>2017/10/18 07:39</PriceUpdateDate>
      <ItemCode>8000380157440</ItemCode>
      <ItemType>1</ItemType>
      <ItemName>טבלת שוקולד קרם אגוזים לואקר (85 גרם)</ItemName>
      <ManufactureName>ליימן שליסל בעמ</ManufactureName>
      <ManufactureCountry />
      <ManufactureItemDescription />
      <UnitQty>יח`</UnitQty>
      <Quantity>85</Quantity>
      <UnitMeasure>גרם</UnitMeasure>
      <BisWeighted>0</BisWeighted>
      <QtyInPackage>1</QtyInPackage>
      <ItemPrice>7.90</ItemPrice>
      <UnitOfMeasurePrice>9.29</UnitOfMeasurePrice>
      <AllowDiscount>1</AllowDiscount>
      <itemStatus>1</itemStatus>
      <LastUpdateDate />
      <LastUpdateTime />
    </Product>
    <Product>
      <PriceUpdateDate>2016/03/23 08:32</PriceUpdateDate>
      <ItemCode>8000380180745</ItemCode>
      <ItemType>1</ItemType>
      <ItemName>קוארדטיני 250 גר` שוקו- חלב</ItemName>
      <ManufactureName>ליימן שליסל בעמ</ManufactureName>
      <ManufactureCountry />
      <ManufactureItemDescription />
      <UnitQty>יח`</UnitQty>
      <Quantity>250</Quantity>
      <UnitMeasure>גרם</UnitMeasure>
      <BisWeighted>0</BisWeighted>
      <QtyInPackage>1</QtyInPackage>
      <ItemPrice>14.90</ItemPrice>
      <UnitOfMeasurePrice>5.96</UnitOfMeasurePrice>
      <AllowDiscount>1</AllowDiscount>
      <itemStatus>1</itemStatus>
      <LastUpdateDate />
      <LastUpdateTime />
    </Product>
    <Product>
      <PriceUpdateDate>2018/02/06 10:09</PriceUpdateDate>
      <ItemCode>8000380180837</ItemCode>
      <ItemType>1</ItemType>
      <ItemName>לואקר גרנד פטסרי במילוי קרם קוקוס ובציפו</ItemName>
      <ManufactureName>ליימן שליסל בעמ</ManufactureName>
      <ManufactureCountry />
      <ManufactureItemDescription />
      <UnitQty>יח`</UnitQty>
      <Quantity>100</Quantity>
      <UnitMeasure>גרם</UnitMeasure>
      <BisWeighted>0</BisWeighted>
      <QtyInPackage>1</QtyInPackage>
      <ItemPrice>13.90</ItemPrice>
      <UnitOfMeasurePrice>13.90</UnitOfMeasurePrice>
      <AllowDiscount>1</AllowDiscount>
      <itemStatus>1</itemStatus>
      <LastUpdateDate />
      <LastUpdateTime />
    </Product>
    <Product>
      <PriceUpdateDate>2017/10/18 07:39</PriceUpdateDate>
      <ItemCode>8000380184323</ItemCode>
      <ItemType>1</ItemType>
      <ItemName>שוקולד לואקר מריר 80 גר`</ItemName>
      <ManufactureName>ליימן שליסל בעמ</ManufactureName>
      <ManufactureCountry />
      <ManufactureItemDescription />
      <UnitQty>יח`</UnitQty>
      <Quantity>80</Quantity>
      <UnitMeasure>גרם</UnitMeasure>
      <BisWeighted>0</BisWeighted>
      <QtyInPackage>1</QtyInPackage>
      <ItemPrice>7.90</ItemPrice>
      <UnitOfMeasurePrice>9.88</UnitOfMeasurePrice>
      <AllowDiscount>1</AllowDiscount>
      <itemStatus>1</itemStatus>
      <LastUpdateDate />
      <LastUpdateTime />
    </Product>
    <Product>
      <PriceUpdateDate>2017/10/18 07:39</PriceUpdateDate>
      <ItemCode>8000380184330</ItemCode>
      <ItemType>1</ItemType>
      <ItemName>שוקולד לואקר לבן 80 גר`</ItemName>
      <ManufactureName>ליימן שליסל בעמ</ManufactureName>
      <ManufactureCountry />
      <ManufactureItemDescription />
      <UnitQty>יח`</UnitQty>
      <Quantity>80</Quantity>
      <UnitMeasure>גרם</UnitMeasure>
      <BisWeighted>0</BisWeighted>
      <QtyInPackage>1</QtyInPackage>
      <ItemPrice>7.90</ItemPrice>
      <UnitOfMeasurePrice>9.88</UnitOfMeasurePrice>
      <AllowDiscount>1</AllowDiscount>
      <itemStatus>1</itemStatus>
      <LastUpdateDate />
      <LastUpdateTime />
    </Product>
    <Product>
      <PriceUpdateDate>2019/02/17 11:40</PriceUpdateDate>
      <ItemCode>8000380192250</ItemCode>
      <ItemType>1</ItemType>
      <ItemName>וופלים מלבנים פריכיים בטעם שוקולד 200 גר</ItemName>
      <ManufactureName>ליימן שליסל בעמ</ManufactureName>
      <ManufactureCountry />
      <ManufactureItemDescription />
      <UnitQty>יח`</UnitQty>
      <Quantity>200</Quantity>
      <UnitMeasure>גרם</UnitMeasure>
      <BisWeighted>0</BisWeighted>
      <QtyInPackage>1</QtyInPackage>
      <ItemPrice>12.90</ItemPrice>
      <UnitOfMeasurePrice>6.45</UnitOfMeasurePrice>
      <AllowDiscount>0</AllowDiscount>
      <itemStatus>1</itemStatus>
      <LastUpdateDate />
      <LastUpdateTime />
    </Product>
    <Product>
      <PriceUpdateDate>2016/09/16 08:13</PriceUpdateDate>
      <ItemCode>8000500023624</ItemCode>
      <ItemType>1</ItemType>
      <ItemName>חטיף הפי היפו קינדר (5  יח`- 103.5 גרם)</ItemName>
      <ManufactureName>פרימיום-חברה לדברי מתיקה ולמסח</ManufactureName>
      <ManufactureCountry />
      <ManufactureItemDescription />
      <UnitQty>יח`</UnitQty>
      <Quantity>90</Quantity>
      <UnitMeasure>גרם</UnitMeasure>
      <BisWeighted>0</BisWeighted>
      <QtyInPackage>1</QtyInPackage>
      <ItemPrice>11.90</ItemPrice>
      <UnitOfMeasurePrice>13.22</UnitOfMeasurePrice>
      <AllowDiscount>0</AllowDiscount>
      <itemStatus>1</itemStatus>
      <LastUpdateDate />
      <LastUpdateTime />
    </Product>
    <Product>
      <PriceUpdateDate>2016/09/16 08:13</PriceUpdateDate>
      <ItemCode>8000500023976</ItemCode>
      <ItemType>1</ItemType>
      <ItemName>בונבוניירת רפאלו פררו (150 גרם)</ItemName>
      <ManufactureName>פרימיום-חברה לדברי מתיקה ולמסח</ManufactureName>
      <ManufactureCountry />
      <ManufactureItemDescription />
      <UnitQty>יח`</UnitQty>
      <Quantity>150</Quantity>
      <UnitMeasure>גרם</UnitMeasure>
      <BisWeighted>0</BisWeighted>
      <QtyInPackage>1</QtyInPackage>
      <ItemPrice>17.90</ItemPrice>
      <UnitOfMeasurePrice>11.93</UnitOfMeasurePrice>
      <AllowDiscount>0</AllowDiscount>
      <itemStatus>1</itemStatus>
      <LastUpdateDate />
      <LastUpdateTime />
    </Product>
    <Product>
      <PriceUpdateDate>2019/12/24 13:10</PriceUpdateDate>
      <ItemCode>8000500026731</ItemCode>
      <ItemType>1</ItemType>
      <ItemName>ביצת הפתעה קינדר (20x3 גרם)</ItemName>
      <ManufactureName>פרימיום-חברה לדברי מתיקה ולמסח</ManufactureName>
      <ManufactureCountry />
      <ManufactureItemDescription />
      <UnitQty>יח`</UnitQty>
      <Quantity>60</Quantity>
      <UnitMeasure>גרם</UnitMeasure>
      <BisWeighted>0</BisWeighted>
      <QtyInPackage>1</QtyInPackage>
      <ItemPrice>14.90</ItemPrice>
      <UnitOfMeasurePrice>24.83</UnitOfMeasurePrice>
      <AllowDiscount>0</AllowDiscount>
      <itemStatus>1</itemStatus>
      <LastUpdateDate />
      <LastUpdateTime />
    </Product>
    <Product>
      <PriceUpdateDate>2016/09/16 08:13</PriceUpdateDate>
      <ItemCode>8000500029350</ItemCode>
      <ItemType>1</ItemType>
      <ItemName>בואנו וופל קינדר (43x3 גרם)</ItemName>
      <ManufactureName>פרימיום-חברה לדברי מתיקה ולמסח</ManufactureName>
      <ManufactureCountry />
      <ManufactureItemDescription />
      <UnitQty>יח`</UnitQty>
      <Quantity>129</Quantity>
      <UnitMeasure>גרם</UnitMeasure>
      <BisWeighted>0</BisWeighted>
      <QtyInPackage>1</QtyInPackage>
      <ItemPrice>9.90</ItemPrice>
      <UnitOfMeasurePrice>7.67</UnitOfMeasurePrice>
      <AllowDiscount>1</AllowDiscount>
      <itemStatus>1</itemStatus>
      <LastUpdateDate />
      <LastUpdateTime />
    </Product>
    <Product>
      <PriceUpdateDate>2019/12/24 13:10</PriceUpdateDate>
      <ItemCode>8000500032237</ItemCode>
      <ItemType>1</ItemType>
      <ItemName>רושר 375 גר`</ItemName>
      <ManufactureName>פרימיום-חברה לדברי מתיקה ולמסח</ManufactureName>
      <ManufactureCountry />
      <ManufactureItemDescription />
      <UnitQty>יח`</UnitQty>
      <Quantity>375</Quantity>
      <UnitMeasure>גרם</UnitMeasure>
      <BisWeighted>0</BisWeighted>
      <QtyInPackage>1</QtyInPackage>
      <ItemPrice>44.90</ItemPrice>
      <UnitOfMeasurePrice>11.97</UnitOfMeasurePrice>
      <AllowDiscount>0</AllowDiscount>
      <itemStatus>1</itemStatus>
      <LastUpdateDate />
      <LastUpdateTime />
    </Product>
    <Product>
      <PriceUpdateDate>2015/03/08 16:33</PriceUpdateDate>
      <ItemCode>8000500037874</ItemCode>
      <ItemType>1</ItemType>
      <ItemName>רושר בוני 200 גר`</ItemName>
      <ManufactureName>פרימיום-חברה לדברי מתיקה ולמסח</ManufactureName>
      <ManufactureCountry />
      <ManufactureItemDescription />
      <UnitQty>יח`</UnitQty>
      <Quantity>200</Quantity>
      <UnitMeasure>גרם</UnitMeasure>
      <BisWeighted>0</BisWeighted>
      <QtyInPackage>1</QtyInPackage>
      <ItemPrice>24.90</ItemPrice>
      <UnitOfMeasurePrice>12.45</UnitOfMeasurePrice>
      <AllowDiscount>0</AllowDiscount>
      <itemStatus>1</itemStatus>
      <LastUpdateDate />
      <LastUpdateTime />
    </Product>
    <Product>
      <PriceUpdateDate>2019/05/12 12:12</PriceUpdateDate>
      <ItemCode>8000500045497</ItemCode>
      <ItemType>1</ItemType>
      <ItemName>נוטלה אנד גו t2</ItemName>
      <ManufactureName>פרימיום-חברה לדברי מתיקה ולמסח</ManufactureName>
      <ManufactureCountry />
      <ManufactureItemDescription />
      <UnitQty>יח`</UnitQty>
      <Quantity>0</Quantity>
      <UnitMeasure>גרם</UnitMeasure>
      <BisWeighted>0</BisWeighted>
      <QtyInPackage>1</QtyInPackage>
      <ItemPrice>9.90</ItemPrice>
      <UnitOfMeasurePrice>9.90</UnitOfMeasurePrice>
      <AllowDiscount>0</AllowDiscount>
      <itemStatus>1</itemStatus>
      <LastUpdateDate />
      <LastUpdateTime />
    </Product>
    <Product>
      <PriceUpdateDate>2019/12/24 13:10</PriceUpdateDate>
      <ItemCode>8000500075708</ItemCode>
      <ItemType>1</ItemType>
      <ItemName>קינדר ג`וי שלשות - כחול</ItemName>
      <ManufactureName>פרימיום-חברה לדברי מתיקה ולמסח</ManufactureName>
      <ManufactureCountry />
      <ManufactureItemDescription />
      <UnitQty>יח`</UnitQty>
      <Quantity>60</Quantity>
      <UnitMeasure>גרם</UnitMeasure>
      <BisWeighted>0</BisWeighted>
      <QtyInPackage>1</QtyInPackage>
      <ItemPrice>14.90</ItemPrice>
      <UnitOfMeasurePrice>24.83</UnitOfMeasurePrice>
      <AllowDiscount>1</AllowDiscount>
      <itemStatus>1</itemStatus>
      <LastUpdateDate />
      <LastUpdateTime />
    </Product>
    <Product>
      <PriceUpdateDate>2019/12/24 13:10</PriceUpdateDate>
      <ItemCode>8000500126325</ItemCode>
      <ItemType>1</ItemType>
      <ItemName>קינדר ג`וי שלשות - ורוד</ItemName>
      <ManufactureName>פרימיום-חברה לדברי מתיקה ולמסח</ManufactureName>
      <ManufactureCountry />
      <ManufactureItemDescription />
      <UnitQty>יח`</UnitQty>
      <Quantity>60</Quantity>
      <UnitMeasure>גרם</UnitMeasure>
      <BisWeighted>0</BisWeighted>
      <QtyInPackage>1</QtyInPackage>
      <ItemPrice>14.90</ItemPrice>
      <UnitOfMeasurePrice>24.83</UnitOfMeasurePrice>
      <AllowDiscount>1</AllowDiscount>
      <itemStatus>1</itemStatus>
      <LastUpdateDate />
      <LastUpdateTime />
    </Product>
    <Product>
      <PriceUpdateDate>2015/12/02 09:17</PriceUpdateDate>
      <ItemCode>8000500148433</ItemCode>
      <ItemType>1</ItemType>
      <ItemName>טיק טק רביעיות דובדבן פסיפלורה</ItemName>
      <ManufactureName>פרימיום-חברה לדברי מתיקה ולמסח</ManufactureName>
      <ManufactureCountry />
      <ManufactureItemDescription />
      <UnitQty>יח`</UnitQty>
      <Quantity>64</Quantity>
      <UnitMeasure>גרם</UnitMeasure>
      <BisWeighted>0</BisWeighted>
      <QtyInPackage>1</QtyInPackage>
      <ItemPrice>10.90</ItemPrice>
      <UnitOfMeasurePrice>17.03</UnitOfMeasurePrice>
      <AllowDiscount>1</AllowDiscount>
      <itemStatus>1</itemStatus>
      <LastUpdateDate />
      <LastUpdateTime />
    </Product>
    <Product>
      <PriceUpdateDate>2019/09/15 13:35</PriceUpdateDate>
      <ItemCode>8000500167656</ItemCode>
      <ItemType>1</ItemType>
      <ItemName>קינדר שוקולד עם דגנים</ItemName>
      <ManufactureName>פרימיום-חברה לדברי מתיקה ולמסח</ManufactureName>
      <ManufactureCountry />
      <ManufactureItemDescription />
      <UnitQty>יח`</UnitQty>
      <Quantity>1</Quantity>
      <UnitMeasure />
      <BisWeighted>0</BisWeighted>
      <QtyInPackage>1</QtyInPackage>
      <ItemPrice>7.90</ItemPrice>
      <UnitOfMeasurePrice>7.90</UnitOfMeasurePrice>
      <AllowDiscount>0</AllowDiscount>
      <itemStatus>1</itemStatus>
      <LastUpdateDate />
      <LastUpdateTime />
    </Product>
    <Product>
      <PriceUpdateDate>2017/01/22 08:14</PriceUpdateDate>
      <ItemCode>8000500214114</ItemCode>
      <ItemType>1</ItemType>
      <ItemName>קינדר בואנו מריר DARK</ItemName>
      <ManufactureName>פרימיום-חברה לדברי מתיקה ולמסח</ManufactureName>
      <ManufactureCountry />
      <ManufactureItemDescription />
      <UnitQty>יח`</UnitQty>
      <Quantity>1</Quantity>
      <UnitMeasure />
      <BisWeighted>0</BisWeighted>
      <QtyInPackage>1</QtyInPackage>
      <ItemPrice>3.90</ItemPrice>
      <UnitOfMeasurePrice>3.90</UnitOfMeasurePrice>
      <AllowDiscount>0</AllowDiscount>
      <itemStatus>1</itemStatus>
      <LastUpdateDate />
      <LastUpdateTime />
    </Product>
    <Product>
      <PriceUpdateDate>2017/09/17 08:52</PriceUpdateDate>
      <ItemCode>8000500214138</ItemCode>
      <ItemType>1</ItemType>
      <ItemName>קינדר בואנו דארק שלשה</ItemName>
      <ManufactureName>פרימיום-חברה לדברי מתיקה ולמסח</ManufactureName>
      <ManufactureCountry />
      <ManufactureItemDescription />
      <UnitQty>יח`</UnitQty>
      <Quantity>129</Quantity>
      <UnitMeasure>גרם</UnitMeasure>
      <BisWeighted>0</BisWeighted>
      <QtyInPackage>1</QtyInPackage>
      <ItemPrice>9.90</ItemPrice>
      <UnitOfMeasurePrice>7.67</UnitOfMeasurePrice>
      <AllowDiscount>1</AllowDiscount>
      <itemStatus>1</itemStatus>
      <LastUpdateDate />
      <LastUpdateTime />
    </Product>
    <Product>
      <PriceUpdateDate>2018/05/23 20:14</PriceUpdateDate>
      <ItemCode>8000500227848</ItemCode>
      <ItemType>1</ItemType>
      <ItemName>נוטלה 132 גר` B ready</ItemName>
      <ManufactureName>פרימיום-חברה לדברי מתיקה ולמסח</ManufactureName>
      <ManufactureCountry />
      <ManufactureItemDescription />
      <UnitQty>יח`</UnitQty>
      <Quantity>132</Quantity>
      <UnitMeasure>גרם</UnitMeasure>
      <BisWeighted>0</BisWeighted>
      <QtyInPackage>1</QtyInPackage>
      <ItemPrice>11.90</ItemPrice>
      <UnitOfMeasurePrice>9.02</UnitOfMeasurePrice>
      <AllowDiscount>1</AllowDiscount>
      <itemStatus>1</itemStatus>
      <LastUpdateDate />
      <LastUpdateTime />
    </Product>
    <Product>
      <PriceUpdateDate>2018/03/08 10:26</PriceUpdateDate>
      <ItemCode>8000500247150</ItemCode>
      <ItemType>1</ItemType>
      <ItemName>פררו קולקשיון 172 גר`</ItemName>
      <ManufactureName>פרימיום-חברה לדברי מתיקה ולמסח</ManufactureName>
      <ManufactureCountry />
      <ManufactureItemDescription />
      <UnitQty>יח`</UnitQty>
      <Quantity>172</Quantity>
      <UnitMeasure>גרם</UnitMeasure>
      <BisWeighted>0</BisWeighted>
      <QtyInPackage>1</QtyInPackage>
      <ItemPrice>24.90</ItemPrice>
      <UnitOfMeasurePrice>14.48</UnitOfMeasurePrice>
      <AllowDiscount>0</AllowDiscount>
      <itemStatus>1</itemStatus>
      <LastUpdateDate />
      <LastUpdateTime />
    </Product>
    <Product>
      <PriceUpdateDate>2018/10/14 13:05</PriceUpdateDate>
      <ItemCode>8000500258798</ItemCode>
      <ItemType>1</ItemType>
      <ItemName>מעטפת שוקולד חלב עם אגוזי לוז 90 גר`</ItemName>
      <ManufactureName>פרימיום-חברה לדברי מתיקה ולמסח</ManufactureName>
      <ManufactureCountry />
      <ManufactureItemDescription />
      <UnitQty>יח`</UnitQty>
      <Quantity>100</Quantity>
      <UnitMeasure>גרם</UnitMeasure>
      <BisWeighted>0</BisWeighted>
      <QtyInPackage>1</QtyInPackage>
      <ItemPrice>13.90</ItemPrice>
      <UnitOfMeasurePrice>13.90</UnitOfMeasurePrice>
      <AllowDiscount>0</AllowDiscount>
      <itemStatus>1</itemStatus>
      <LastUpdateDate />
      <LastUpdateTime />
    </Product>
    <Product>
      <PriceUpdateDate>2020/03/24 06:41</PriceUpdateDate>
      <ItemCode>8000500268568</ItemCode>
      <ItemType>1</ItemType>
      <ItemName>בואנו וופל קינדר קוקוס (43x3 גרם)</ItemName>
      <ManufactureName>פרימיום-חברה לדברי מתיקה ולמסח</ManufactureName>
      <ManufactureCountry />
      <ManufactureItemDescription />
      <UnitQty>יח`</UnitQty>
      <Quantity>129</Quantity>
      <UnitMeasure>גרם</UnitMeasure>
      <BisWeighted>0</BisWeighted>
      <QtyInPackage>1</QtyInPackage>
      <ItemPrice>9.90</ItemPrice>
      <UnitOfMeasurePrice>7.67</UnitOfMeasurePrice>
      <AllowDiscount>1</AllowDiscount>
      <itemStatus>1</itemStatus>
      <LastUpdateDate />
      <LastUpdateTime />
    </Product>
    <Product>
      <PriceUpdateDate>2020/02/23 11:33</PriceUpdateDate>
      <ItemCode>8000500314562</ItemCode>
      <ItemType>1</ItemType>
      <ItemName>גראנד רושר 100 גר`</ItemName>
      <ManufactureName>פרימיום-חברה לדברי מתיקה ולמסח</ManufactureName>
      <ManufactureCountry />
      <ManufactureItemDescription />
      <UnitQty>יח`</UnitQty>
      <Quantity>100</Quantity>
      <UnitMeasure>גרם</UnitMeasure>
      <BisWeighted>0</BisWeighted>
      <QtyInPackage>1</QtyInPackage>
      <ItemPrice>14.90</ItemPrice>
      <UnitOfMeasurePrice>14.90</UnitOfMeasurePrice>
      <AllowDiscount>0</AllowDiscount>
      <itemStatus>1</itemStatus>
      <LastUpdateDate />
      <LastUpdateTime />
    </Product>
    <Product>
      <PriceUpdateDate>2018/10/18 08:33</PriceUpdateDate>
      <ItemCode>8000700000050</ItemCode>
      <ItemType>1</ItemType>
      <ItemName>דאב סבון מוצק רביעיה</ItemName>
      <ManufactureName>יוניליוור ישראל שיווק בעמ</ManufactureName>
      <ManufactureCountry />
      <ManufactureItemDescription />
      <UnitQty>יח`</UnitQty>
      <Quantity>400</Quantity>
      <UnitMeasure>גרם</UnitMeasure>
      <BisWeighted>0</BisWeighted>
      <QtyInPackage>1</QtyInPackage>
      <ItemPrice>12.90</ItemPrice>
      <UnitOfMeasurePrice>3.23</UnitOfMeasurePrice>
      <AllowDiscount>1</AllowDiscount>
      <itemStatus>1</itemStatus>
      <LastUpdateDate />
      <LastUpdateTime />
    </Product>
    <Product>
      <PriceUpdateDate>2015/11/30 12:59</PriceUpdateDate>
      <ItemCode>8000798000307</ItemCode>
      <ItemType>1</ItemType>
      <ItemName>מברשת מגהץ</ItemName>
      <ManufactureName>מ.א.ייצור ויבוא מטליות בעמ</ManufactureName>
      <ManufactureCountry />
      <ManufactureItemDescription />
      <UnitQty>יח`</UnitQty>
      <Quantity>1</Quantity>
      <UnitMeasure>יח`</UnitMeasure>
      <BisWeighted>0</BisWeighted>
      <QtyInPackage>1</QtyInPackage>
      <ItemPrice>5.90</ItemPrice>
      <UnitOfMeasurePrice>5.90</UnitOfMeasurePrice>
      <AllowDiscount>0</AllowDiscount>
      <itemStatus>1</itemStatus>
      <LastUpdateDate />
      <LastUpdateTime />
    </Product>
    <Product>
      <PriceUpdateDate>2015/12/08 08:22</PriceUpdateDate>
      <ItemCode>8000798000925</ItemCode>
      <ItemType>1</ItemType>
      <ItemName>מטאטא יהלום גב כסף</ItemName>
      <ManufactureName>מ.א.ייצור ויבוא מטליות בעמ</ManufactureName>
      <ManufactureCountry />
      <ManufactureItemDescription />
      <UnitQty>יח`</UnitQty>
      <Quantity>1</Quantity>
      <UnitMeasure>יח`</UnitMeasure>
      <BisWeighted>0</BisWeighted>
      <QtyInPackage>1</QtyInPackage>
      <ItemPrice>21.90</ItemPrice>
      <UnitOfMeasurePrice>21.90</UnitOfMeasurePrice>
      <AllowDiscount>0</AllowDiscount>
      <itemStatus>1</itemStatus>
      <LastUpdateDate />
      <LastUpdateTime />
    </Product>
    <Product>
      <PriceUpdateDate>2015/11/30 12:59</PriceUpdateDate>
      <ItemCode>8000798001144</ItemCode>
      <ItemType>1</ItemType>
      <ItemName>מברשת כלים</ItemName>
      <ManufactureName>מ.א.ייצור ויבוא מטליות בעמ</ManufactureName>
      <ManufactureCountry />
      <ManufactureItemDescription />
      <UnitQty>יח`</UnitQty>
      <Quantity>1</Quantity>
      <UnitMeasure />
      <BisWeighted>0</BisWeighted>
      <QtyInPackage>1</QtyInPackage>
      <ItemPrice>6.90</ItemPrice>
      <UnitOfMeasurePrice>6.90</UnitOfMeasurePrice>
      <AllowDiscount>0</AllowDiscount>
      <itemStatus>1</itemStatus>
      <LastUpdateDate />
      <LastUpdateTime />
    </Product>
    <Product>
      <PriceUpdateDate>2015/12/08 08:22</PriceUpdateDate>
      <ItemCode>8000798085052</ItemCode>
      <ItemType>1</ItemType>
      <ItemName>מטאטא גולד עם מקל שייני</ItemName>
      <ManufactureName>מ.א.ייצור ויבוא מטליות בעמ</ManufactureName>
      <ManufactureCountry />
      <ManufactureItemDescription />
      <UnitQty>יח`</UnitQty>
      <Quantity>1</Quantity>
      <UnitMeasure />
      <BisWeighted>0</BisWeighted>
      <QtyInPackage>1</QtyInPackage>
      <ItemPrice>18.90</ItemPrice>
      <UnitOfMeasurePrice>18.90</UnitOfMeasurePrice>
      <AllowDiscount>0</AllowDiscount>
      <itemStatus>1</itemStatus>
      <LastUpdateDate />
      <LastUpdateTime />
    </Product>
    <Product>
      <PriceUpdateDate>2018/05/13 11:50</PriceUpdateDate>
      <ItemCode>8001003100164</ItemCode>
      <ItemType>1</ItemType>
      <ItemName>סוכריות ג`לי 450 גר` יוגטה</ItemName>
      <ManufactureName>ליימן שליסל בעמ</ManufactureName>
      <ManufactureCountry />
      <ManufactureItemDescription />
      <UnitQty>יח`</UnitQty>
      <Quantity>450</Quantity>
      <UnitMeasure>גרם</UnitMeasure>
      <BisWeighted>0</BisWeighted>
      <QtyInPackage>1</QtyInPackage>
      <ItemPrice>11.90</ItemPrice>
      <UnitOfMeasurePrice>2.64</UnitOfMeasurePrice>
      <AllowDiscount>1</AllowDiscount>
      <itemStatus>1</itemStatus>
      <LastUpdateDate />
      <LastUpdateTime />
    </Product>
    <Product>
      <PriceUpdateDate>2015/05/28 15:21</PriceUpdateDate>
      <ItemCode>8001003100218</ItemCode>
      <ItemType>1</ItemType>
      <ItemName>יוגטה גומי 800  גר`ג`לי</ItemName>
      <ManufactureName>ליימן שליסל בעמ</ManufactureName>
      <ManufactureCountry />
      <ManufactureItemDescription />
      <UnitQty>יח`</UnitQty>
      <Quantity>800</Quantity>
      <UnitMeasure>גרם</UnitMeasure>
      <BisWeighted>0</BisWeighted>
      <QtyInPackage>1</QtyInPackage>
      <ItemPrice>19.90</ItemPrice>
      <UnitOfMeasurePrice>2.49</UnitOfMeasurePrice>
      <AllowDiscount>0</AllowDiscount>
      <itemStatus>1</itemStatus>
      <LastUpdateDate />
      <LastUpdateTime />
    </Product>
    <Product>
      <PriceUpdateDate>2017/12/10 08:31</PriceUpdateDate>
      <ItemCode>8001060033160</ItemCode>
      <ItemType>1</ItemType>
      <ItemName>פסטו עגבניות מיובשות פרווה 190 גר`</ItemName>
      <ManufactureName>דיפלומט היינץ</ManufactureName>
      <ManufactureCountry />
      <ManufactureItemDescription />
      <UnitQty>יח`</UnitQty>
      <Quantity>190</Quantity>
      <UnitMeasure>גרם</UnitMeasure>
      <BisWeighted>0</BisWeighted>
      <QtyInPackage>1</QtyInPackage>
      <ItemPrice>12.90</ItemPrice>
      <UnitOfMeasurePrice>6.79</UnitOfMeasurePrice>
      <AllowDiscount>0</AllowDiscount>
      <itemStatus>1</itemStatus>
      <LastUpdateDate />
      <LastUpdateTime />
    </Product>
    <Product>
      <PriceUpdateDate>2017/12/10 08:31</PriceUpdateDate>
      <ItemCode>8001060033177</ItemCode>
      <ItemType>1</ItemType>
      <ItemName>פסטה ביזיליקום פרווה 190 גר`</ItemName>
      <ManufactureName>דיפלומט היינץ</ManufactureName>
      <ManufactureCountry />
      <ManufactureItemDescription />
      <UnitQty>יח`</UnitQty>
      <Quantity>190</Quantity>
      <UnitMeasure>גרם</UnitMeasure>
      <BisWeighted>0</BisWeighted>
      <QtyInPackage>1</QtyInPackage>
      <ItemPrice>12.90</ItemPrice>
      <UnitOfMeasurePrice>6.79</UnitOfMeasurePrice>
      <AllowDiscount>0</AllowDiscount>
      <itemStatus>1</itemStatus>
      <LastUpdateDate />
      <LastUpdateTime />
    </Product>
    <Product>
      <PriceUpdateDate>2018/11/14 08:30</PriceUpdateDate>
      <ItemCode>8001060034686</ItemCode>
      <ItemType>1</ItemType>
      <ItemName>פסטו בזיליקום פרווה 270  גר`סקוויז</ItemName>
      <ManufactureName>דיפלומט היינץ</ManufactureName>
      <ManufactureCountry />
      <ManufactureItemDescription />
      <UnitQty>יח`</UnitQty>
      <Quantity>270</Quantity>
      <UnitMeasure>גרם</UnitMeasure>
      <BisWeighted>0</BisWeighted>
      <QtyInPackage>1</QtyInPackage>
      <ItemPrice>19.90</ItemPrice>
      <UnitOfMeasurePrice>7.37</UnitOfMeasurePrice>
      <AllowDiscount>0</AllowDiscount>
      <itemStatus>1</itemStatus>
      <LastUpdateDate />
      <LastUpdateTime />
    </Product>
    <Product>
      <PriceUpdateDate>2019/10/10 12:21</PriceUpdateDate>
      <ItemCode>8001090015969</ItemCode>
      <ItemType>1</ItemType>
      <ItemName>טבליות למדיח פלטינום הכל באחד פיירי (63)</ItemName>
      <ManufactureName>דיפלומט מפיצים (1968) בעמ</ManufactureName>
      <ManufactureCountry />
      <ManufactureItemDescription />
      <UnitQty>יח`</UnitQty>
      <Quantity>1</Quantity>
      <UnitMeasure />
      <BisWeighted>0</BisWeighted>
      <QtyInPackage>1</QtyInPackage>
      <ItemPrice>49.90</ItemPrice>
      <UnitOfMeasurePrice>49.90</UnitOfMeasurePrice>
      <AllowDiscount>0</AllowDiscount>
      <itemStatus>1</itemStatus>
      <LastUpdateDate />
      <LastUpdateTime />
    </Product>
    <Product>
      <PriceUpdateDate>2019/10/10 12:21</PriceUpdateDate>
      <ItemCode>8001090016003</ItemCode>
      <ItemType>1</ItemType>
      <ItemName>טבליות למדיח קלאסי הכל באחד פיירי</ItemName>
      <ManufactureName>דיפלומט מפיצים (1968) בעמ</ManufactureName>
      <ManufactureCountry />
      <ManufactureItemDescription />
      <UnitQty>יח`</UnitQty>
      <Quantity>1</Quantity>
      <UnitMeasure />
      <BisWeighted>0</BisWeighted>
      <QtyInPackage>1</QtyInPackage>
      <ItemPrice>49.90</ItemPrice>
      <UnitOfMeasurePrice>49.90</UnitOfMeasurePrice>
      <AllowDiscount>0</AllowDiscount>
      <itemStatus>1</itemStatus>
      <LastUpdateDate />
      <LastUpdateTime />
    </Product>
    <Product>
      <PriceUpdateDate>2016/12/21 08:14</PriceUpdateDate>
      <ItemCode>8001090016102</ItemCode>
      <ItemType>1</ItemType>
      <ItemName>טבליות למדיח הכל באחד פיירי) (48</ItemName>
      <ManufactureName>דיפלומט מפיצים (1968) בעמ</ManufactureName>
      <ManufactureCountry />
      <ManufactureItemDescription />
      <UnitQty>יח`</UnitQty>
      <Quantity>1</Quantity>
      <UnitMeasure />
      <BisWeighted>0</BisWeighted>
      <QtyInPackage>1</QtyInPackage>
      <ItemPrice>44.90</ItemPrice>
      <UnitOfMeasurePrice>44.90</UnitOfMeasurePrice>
      <AllowDiscount>0</AllowDiscount>
      <itemStatus>1</itemStatus>
      <LastUpdateDate />
      <LastUpdateTime />
    </Product>
    <Product>
      <PriceUpdateDate>2016/06/17 08:10</PriceUpdateDate>
      <ItemCode>8001090033512</ItemCode>
      <ItemType>1</ItemType>
      <ItemName>טייד אבקת כביסה קולור 8 קג</ItemName>
      <ManufactureName>דיפלומט מפיצים (1968) בעמ</ManufactureName>
      <ManufactureCountry />
      <ManufactureItemDescription />
      <UnitQty>יח`</UnitQty>
      <Quantity>8000</Quantity>
      <UnitMeasure>גרם</UnitMeasure>
      <BisWeighted>0</BisWeighted>
      <QtyInPackage>1</QtyInPackage>
      <ItemPrice>59.90</ItemPrice>
      <UnitOfMeasurePrice>0.75</UnitOfMeasurePrice>
      <AllowDiscount>1</AllowDiscount>
      <itemStatus>1</itemStatus>
      <LastUpdateDate />
      <LastUpdateTime />
    </Product>
    <Product>
      <PriceUpdateDate>2018/09/28 08:07</PriceUpdateDate>
      <ItemCode>8001090065988</ItemCode>
      <ItemType>1</ItemType>
      <ItemName>תחבושות אולוויז דיסקרט לונג 10 יח`</ItemName>
      <ManufactureName>דיפלומט מפיצים (1968) בעמ</ManufactureName>
      <ManufactureCountry />
      <ManufactureItemDescription />
      <UnitQty>יח`</UnitQty>
      <Quantity>1</Quantity>
      <UnitMeasure />
      <BisWeighted>0</BisWeighted>
      <QtyInPackage>1</QtyInPackage>
      <ItemPrice>18.90</ItemPrice>
      <UnitOfMeasurePrice>18.90</UnitOfMeasurePrice>
      <AllowDiscount>1</AllowDiscount>
      <itemStatus>1</itemStatus>
      <LastUpdateDate />
      <LastUpdateTime />
    </Product>
    <Product>
      <PriceUpdateDate>2018/09/28 08:07</PriceUpdateDate>
      <ItemCode>8001090111715</ItemCode>
      <ItemType>1</ItemType>
      <ItemName>תחתונים אולוויז דיסקריט אלסטיים 9 יח M</ItemName>
      <ManufactureName>דיפלומט מפיצים (1968) בעמ</ManufactureName>
      <ManufactureCountry />
      <ManufactureItemDescription />
      <UnitQty>יח`</UnitQty>
      <Quantity>1</Quantity>
      <UnitMeasure />
      <BisWeighted>0</BisWeighted>
      <QtyInPackage>1</QtyInPackage>
      <ItemPrice>33.90</ItemPrice>
      <UnitOfMeasurePrice>33.90</UnitOfMeasurePrice>
      <AllowDiscount>1</AllowDiscount>
      <itemStatus>1</itemStatus>
      <LastUpdateDate />
      <LastUpdateTime />
    </Product>
    <Product>
      <PriceUpdateDate>2019/11/05 11:40</PriceUpdateDate>
      <ItemCode>8001090336408</ItemCode>
      <ItemType>1</ItemType>
      <ItemName>חיתולי ביביי דריי מידה 3 ( 38 יח) פמפרס</ItemName>
      <ManufactureName>דיפלומט מפיצים (1968) בעמ</ManufactureName>
      <ManufactureCountry />
      <ManufactureItemDescription />
      <UnitQty>יח`</UnitQty>
      <Quantity>1</Quantity>
      <UnitMeasure />
      <BisWeighted>0</BisWeighted>
      <QtyInPackage>1</QtyInPackage>
      <ItemPrice>29.90</ItemPrice>
      <UnitOfMeasurePrice>29.90</UnitOfMeasurePrice>
      <AllowDiscount>1</AllowDiscount>
      <itemStatus>1</itemStatus>
      <LastUpdateDate />
      <LastUpdateTime />
    </Product>
    <Product>
      <PriceUpdateDate>2019/11/05 11:40</PriceUpdateDate>
      <ItemCode>8001090336446</ItemCode>
      <ItemType>1</ItemType>
      <ItemName>חיתולי ביביי דריי מידה 4 ( 34 יח) פמפרס</ItemName>
      <ManufactureName>דיפלומט מפיצים (1968) בעמ</ManufactureName>
      <ManufactureCountry />
      <ManufactureItemDescription />
      <UnitQty>יח`</UnitQty>
      <Quantity>1</Quantity>
      <UnitMeasure />
      <BisWeighted>0</BisWeighted>
      <QtyInPackage>1</QtyInPackage>
      <ItemPrice>29.90</ItemPrice>
      <UnitOfMeasurePrice>29.90</UnitOfMeasurePrice>
      <AllowDiscount>1</AllowDiscount>
      <itemStatus>1</itemStatus>
      <LastUpdateDate />
      <LastUpdateTime />
    </Product>
    <Product>
      <PriceUpdateDate>2019/11/05 11:40</PriceUpdateDate>
      <ItemCode>8001090336521</ItemCode>
      <ItemType>1</ItemType>
      <ItemName>חיתולי ביביי דריי מידה 5( 30 יח) פמפרס</ItemName>
      <ManufactureName>דיפלומט מפיצים (1968) בעמ</ManufactureName>
      <ManufactureCountry />
      <ManufactureItemDescription />
      <UnitQty>יח`</UnitQty>
      <Quantity>1</Quantity>
      <UnitMeasure />
      <BisWeighted>0</BisWeighted>
      <QtyInPackage>1</QtyInPackage>
      <ItemPrice>29.90</ItemPrice>
      <UnitOfMeasurePrice>29.90</UnitOfMeasurePrice>
      <AllowDiscount>1</AllowDiscount>
      <itemStatus>1</itemStatus>
      <LastUpdateDate />
      <LastUpdateTime />
    </Product>
    <Product>
      <PriceUpdateDate>2019/11/05 11:40</PriceUpdateDate>
      <ItemCode>8001090336606</ItemCode>
      <ItemType>1</ItemType>
      <ItemName>חיתולי ביביי דריי מידה ( 26 יח) פמפרס</ItemName>
      <ManufactureName>דיפלומט מפיצים (1968) בעמ</ManufactureName>
      <ManufactureCountry />
      <ManufactureItemDescription />
      <UnitQty>יח`</UnitQty>
      <Quantity>1</Quantity>
      <UnitMeasure />
      <BisWeighted>0</BisWeighted>
      <QtyInPackage>1</QtyInPackage>
      <ItemPrice>29.90</ItemPrice>
      <UnitOfMeasurePrice>29.90</UnitOfMeasurePrice>
      <AllowDiscount>1</AllowDiscount>
      <itemStatus>1</itemStatus>
      <LastUpdateDate />
      <LastUpdateTime />
    </Product>
    <Product>
      <PriceUpdateDate>2017/12/25 12:46</PriceUpdateDate>
      <ItemCode>8001090375285</ItemCode>
      <ItemType>1</ItemType>
      <ItemName>פנטן מרכך הקסם 200 מל למגע רק כמשי</ItemName>
      <ManufactureName>דיפלומט מפיצים (1968) בעמ</ManufactureName>
      <ManufactureCountry />
      <ManufactureItemDescription />
      <UnitQty>יח`</UnitQty>
      <Quantity>200</Quantity>
      <UnitMeasure>מ"ל</UnitMeasure>
      <BisWeighted>0</BisWeighted>
      <QtyInPackage>1</QtyInPackage>
      <ItemPrice>24.90</ItemPrice>
      <UnitOfMeasurePrice>12.45</UnitOfMeasurePrice>
      <AllowDiscount>1</AllowDiscount>
      <itemStatus>1</itemStatus>
      <LastUpdateDate />
      <LastUpdateTime />
    </Product>
    <Product>
      <PriceUpdateDate>2017/11/07 07:26</PriceUpdateDate>
      <ItemCode>8001090379337</ItemCode>
      <ItemType>1</ItemType>
      <ItemName>חיתולי פמפרס פרימיום vp מידה 3 40 יח</ItemName>
      <ManufactureName>דיפלומט מפיצים (1968) בעמ</ManufactureName>
      <ManufactureCountry />
      <ManufactureItemDescription />
      <UnitQty>יח`</UnitQty>
      <Quantity>1</Quantity>
      <UnitMeasure />
      <BisWeighted>0</BisWeighted>
      <QtyInPackage>1</QtyInPackage>
      <ItemPrice>34.90</ItemPrice>
      <UnitOfMeasurePrice>34.90</UnitOfMeasurePrice>
      <AllowDiscount>1</AllowDiscount>
      <itemStatus>1</itemStatus>
      <LastUpdateDate />
      <LastUpdateTime />
    </Product>
    <Product>
      <PriceUpdateDate>2017/11/07 07:26</PriceUpdateDate>
      <ItemCode>8001090379368</ItemCode>
      <ItemType>1</ItemType>
      <ItemName>חיתולי פמפרס פרימיום vp מידה 4 34 יח</ItemName>
      <ManufactureName>דיפלומט מפיצים (1968) בעמ</ManufactureName>
      <ManufactureCountry />
      <ManufactureItemDescription />
      <UnitQty>יח`</UnitQty>
      <Quantity>1</Quantity>
      <UnitMeasure />
      <BisWeighted>0</BisWeighted>
      <QtyInPackage>1</QtyInPackage>
      <ItemPrice>34.90</ItemPrice>
      <UnitOfMeasurePrice>34.90</UnitOfMeasurePrice>
      <AllowDiscount>1</AllowDiscount>
      <itemStatus>1</itemStatus>
      <LastUpdateDate />
      <LastUpdateTime />
    </Product>
    <Product>
      <PriceUpdateDate>2019/04/25 10:59</PriceUpdateDate>
      <ItemCode>8001090458353</ItemCode>
      <ItemType>1</ItemType>
      <ItemName>פיירי אנטי בקטריאלי 515 מל</ItemName>
      <ManufactureName>דיפלומט מפיצים (1968) בעמ</ManufactureName>
      <ManufactureCountry />
      <ManufactureItemDescription />
      <UnitQty>יח`</UnitQty>
      <Quantity>515</Quantity>
      <UnitMeasure>מ"ל</UnitMeasure>
      <BisWeighted>0</BisWeighted>
      <QtyInPackage>1</QtyInPackage>
      <ItemPrice>11.90</ItemPrice>
      <UnitOfMeasurePrice>2.31</UnitOfMeasurePrice>
      <AllowDiscount>1</AllowDiscount>
      <itemStatus>1</itemStatus>
      <LastUpdateDate />
      <LastUpdateTime />
    </Product>
    <Product>
      <PriceUpdateDate>2020/02/16 07:15</PriceUpdateDate>
      <ItemCode>8001090493637</ItemCode>
      <ItemType>1</ItemType>
      <ItemName>הד&amp;שולדרס שמפו לגבר אולטרא טוטאל קר 45</ItemName>
      <ManufactureName>דיפלומט מפיצים (1968) בעמ</ManufactureName>
      <ManufactureCountry />
      <ManufactureItemDescription />
      <UnitQty>יח`</UnitQty>
      <Quantity>450</Quantity>
      <UnitMeasure>מ"ל</UnitMeasure>
      <BisWeighted>0</BisWeighted>
      <QtyInPackage>1</QtyInPackage>
      <ItemPrice>20.90</ItemPrice>
      <UnitOfMeasurePrice>4.64</UnitOfMeasurePrice>
      <AllowDiscount>1</AllowDiscount>
      <itemStatus>1</itemStatus>
      <LastUpdateDate />
      <LastUpdateTime />
    </Product>
    <Product>
      <PriceUpdateDate>2020/02/16 07:15</PriceUpdateDate>
      <ItemCode>8001090678614</ItemCode>
      <ItemType>1</ItemType>
      <ItemName>שולדרס שמפו סופרים לחות 400 מל</ItemName>
      <ManufactureName>דיפלומט מפיצים (1968) בעמ</ManufactureName>
      <ManufactureCountry />
      <ManufactureItemDescription />
      <UnitQty>יח`</UnitQty>
      <Quantity>400</Quantity>
      <UnitMeasure>מ"ל</UnitMeasure>
      <BisWeighted>0</BisWeighted>
      <QtyInPackage>1</QtyInPackage>
      <ItemPrice>20.90</ItemPrice>
      <UnitOfMeasurePrice>5.23</UnitOfMeasurePrice>
      <AllowDiscount>1</AllowDiscount>
      <itemStatus>1</itemStatus>
      <LastUpdateDate />
      <LastUpdateTime />
    </Product>
    <Product>
      <PriceUpdateDate>2019/10/23 09:41</PriceUpdateDate>
      <ItemCode>8001090721099</ItemCode>
      <ItemType>1</ItemType>
      <ItemName>אריאל טבליות לכביסה 27 יחידות</ItemName>
      <ManufactureName>דיפלומט מפיצים (1968) בעמ</ManufactureName>
      <ManufactureCountry />
      <ManufactureItemDescription />
      <UnitQty>יח`</UnitQty>
      <Quantity>1</Quantity>
      <UnitMeasure />
      <BisWeighted>0</BisWeighted>
      <QtyInPackage>1</QtyInPackage>
      <ItemPrice>34.90</ItemPrice>
      <UnitOfMeasurePrice>34.90</UnitOfMeasurePrice>
      <AllowDiscount>0</AllowDiscount>
      <itemStatus>1</itemStatus>
      <LastUpdateDate />
      <LastUpdateTime />
    </Product>
    <Product>
      <PriceUpdateDate>2019/09/04 09:41</PriceUpdateDate>
      <ItemCode>8001090721150</ItemCode>
      <ItemType>1</ItemType>
      <ItemName>אריאל קפסולות לכביסה 40 יחידות</ItemName>
      <ManufactureName>דיפלומט מפיצים (1968) בעמ</ManufactureName>
      <ManufactureCountry />
      <ManufactureItemDescription />
      <UnitQty>יח`</UnitQty>
      <Quantity>1</Quantity>
      <UnitMeasure />
      <BisWeighted>0</BisWeighted>
      <QtyInPackage>1</QtyInPackage>
      <ItemPrice>39.90</ItemPrice>
      <UnitOfMeasurePrice>39.90</UnitOfMeasurePrice>
      <AllowDiscount>1</AllowDiscount>
      <itemStatus>1</itemStatus>
      <LastUpdateDate />
      <LastUpdateTime />
    </Product>
    <Product>
      <PriceUpdateDate>2018/02/19 08:51</PriceUpdateDate>
      <ItemCode>8001090734044</ItemCode>
      <ItemType>1</ItemType>
      <ItemName>מגן תחתון אולווייז מגה פק לארג` פרש 64 י</ItemName>
      <ManufactureName>דיפלומט מפיצים (1968) בעמ</ManufactureName>
      <ManufactureCountry />
      <ManufactureItemDescription />
      <UnitQty>יח`</UnitQty>
      <Quantity>1</Quantity>
      <UnitMeasure />
      <BisWeighted>0</BisWeighted>
      <QtyInPackage>1</QtyInPackage>
      <ItemPrice>26.90</ItemPrice>
      <UnitOfMeasurePrice>26.90</UnitOfMeasurePrice>
      <AllowDiscount>1</AllowDiscount>
      <itemStatus>1</itemStatus>
      <LastUpdateDate />
      <LastUpdateTime />
    </Product>
    <Product>
      <PriceUpdateDate>2018/02/19 08:51</PriceUpdateDate>
      <ItemCode>8001090740717</ItemCode>
      <ItemType>1</ItemType>
      <ItemName>מגן תחתון אולדייז נורמל אולווייז (76)</ItemName>
      <ManufactureName>דיפלומט מפיצים (1968) בעמ</ManufactureName>
      <ManufactureCountry />
      <ManufactureItemDescription />
      <UnitQty>יח`</UnitQty>
      <Quantity>1</Quantity>
      <UnitMeasure />
      <BisWeighted>0</BisWeighted>
      <QtyInPackage>1</QtyInPackage>
      <ItemPrice>26.90</ItemPrice>
      <UnitOfMeasurePrice>26.90</UnitOfMeasurePrice>
      <AllowDiscount>1</AllowDiscount>
      <itemStatus>1</itemStatus>
      <LastUpdateDate />
      <LastUpdateTime />
    </Product>
    <Product>
      <PriceUpdateDate>2020/02/16 07:15</PriceUpdateDate>
      <ItemCode>8001090810083</ItemCode>
      <ItemType>1</ItemType>
      <ItemName>מרכך נוסחה קלאסית  פנטן(500 מל)</ItemName>
      <ManufactureName>דיפלומט מפיצים (1968) בעמ</ManufactureName>
      <ManufactureCountry />
      <ManufactureItemDescription />
      <UnitQty>יח`</UnitQty>
      <Quantity>500</Quantity>
      <UnitMeasure>מ"ל</UnitMeasure>
      <BisWeighted>0</BisWeighted>
      <QtyInPackage>1</QtyInPackage>
      <ItemPrice>15.90</ItemPrice>
      <UnitOfMeasurePrice>3.18</UnitOfMeasurePrice>
      <AllowDiscount>1</AllowDiscount>
      <itemStatus>1</itemStatus>
      <LastUpdateDate />
      <LastUpdateTime />
    </Product>
    <Product>
      <PriceUpdateDate>2020/02/16 07:15</PriceUpdateDate>
      <ItemCode>8001090810205</ItemCode>
      <ItemType>1</ItemType>
      <ItemName>שמפו נוסחה קלאסית  פנטן(500 מל)</ItemName>
      <ManufactureName>דיפלומט מפיצים (1968) בעמ</ManufactureName>
      <ManufactureCountry />
      <ManufactureItemDescription />
      <UnitQty>יח`</UnitQty>
      <Quantity>500</Quantity>
      <UnitMeasure>מ"ל</UnitMeasure>
      <BisWeighted>0</BisWeighted>
      <QtyInPackage>1</QtyInPackage>
      <ItemPrice>15.90</ItemPrice>
      <UnitOfMeasurePrice>3.18</UnitOfMeasurePrice>
      <AllowDiscount>1</AllowDiscount>
      <itemStatus>1</itemStatus>
      <LastUpdateDate />
      <LastUpdateTime />
    </Product>
    <Product>
      <PriceUpdateDate>2020/02/16 07:15</PriceUpdateDate>
      <ItemCode>8001090810281</ItemCode>
      <ItemType>1</ItemType>
      <ItemName>שמפו שמן מרוקאי משקם  פנטן(500 מל)</ItemName>
      <ManufactureName>דיפלומט מפיצים (1968) בעמ</ManufactureName>
      <ManufactureCountry />
      <ManufactureItemDescription />
      <UnitQty>יח`</UnitQty>
      <Quantity>500</Quantity>
      <UnitMeasure>מ"ל</UnitMeasure>
      <BisWeighted>0</BisWeighted>
      <QtyInPackage>1</QtyInPackage>
      <ItemPrice>15.90</ItemPrice>
      <UnitOfMeasurePrice>3.18</UnitOfMeasurePrice>
      <AllowDiscount>1</AllowDiscount>
      <itemStatus>1</itemStatus>
      <LastUpdateDate />
      <LastUpdateTime />
    </Product>
    <Product>
      <PriceUpdateDate>2020/02/16 07:15</PriceUpdateDate>
      <ItemCode>8001090810403</ItemCode>
      <ItemType>1</ItemType>
      <ItemName>שמפו למגע רק כמשי 500 מל פנטן</ItemName>
      <ManufactureName>דיפלומט מפיצים (1968) בעמ</ManufactureName>
      <ManufactureCountry />
      <ManufactureItemDescription />
      <UnitQty>יח`</UnitQty>
      <Quantity>500</Quantity>
      <UnitMeasure>מ"ל</UnitMeasure>
      <BisWeighted>0</BisWeighted>
      <QtyInPackage>1</QtyInPackage>
      <ItemPrice>15.90</ItemPrice>
      <UnitOfMeasurePrice>3.18</UnitOfMeasurePrice>
      <AllowDiscount>1</AllowDiscount>
      <itemStatus>1</itemStatus>
      <LastUpdateDate />
      <LastUpdateTime />
    </Product>
    <Product>
      <PriceUpdateDate>2018/12/19 10:30</PriceUpdateDate>
      <ItemCode>8001090833136</ItemCode>
      <ItemType>1</ItemType>
      <ItemName>אריאל ג`ל כביסה 2.255 ליטר בייבי</ItemName>
      <ManufactureName>דיפלומט מפיצים (1968) בעמ</ManufactureName>
      <ManufactureCountry />
      <ManufactureItemDescription />
      <UnitQty>יח`</UnitQty>
      <Quantity>1</Quantity>
      <UnitMeasure />
      <BisWeighted>0</BisWeighted>
      <QtyInPackage>1</QtyInPackage>
      <ItemPrice>32.90</ItemPrice>
      <UnitOfMeasurePrice>32.90</UnitOfMeasurePrice>
      <AllowDiscount>0</AllowDiscount>
      <itemStatus>1</itemStatus>
      <LastUpdateDate />
      <LastUpdateTime />
    </Product>
    <Product>
      <PriceUpdateDate>2019/09/04 09:41</PriceUpdateDate>
      <ItemCode>8001090833259</ItemCode>
      <ItemType>1</ItemType>
      <ItemName>אריאל ג`ל כביסה 3.740 ליטר בניחוח הרים</ItemName>
      <ManufactureName>דיפלומט מפיצים (1968) בעמ</ManufactureName>
      <ManufactureCountry />
      <ManufactureItemDescription />
      <UnitQty>יח`</UnitQty>
      <Quantity>1</Quantity>
      <UnitMeasure />
      <BisWeighted>0</BisWeighted>
      <QtyInPackage>1</QtyInPackage>
      <ItemPrice>39.90</ItemPrice>
      <UnitOfMeasurePrice>39.90</UnitOfMeasurePrice>
      <AllowDiscount>0</AllowDiscount>
      <itemStatus>1</itemStatus>
      <LastUpdateDate />
      <LastUpdateTime />
    </Product>
    <Product>
      <PriceUpdateDate>2019/07/03 08:52</PriceUpdateDate>
      <ItemCode>8001090850713</ItemCode>
      <ItemType>1</ItemType>
      <ItemName>לנור כדוריות הריח בניחוח רענן 140 גר`</ItemName>
      <ManufactureName>דיפלומט מפיצים (1968) בעמ</ManufactureName>
      <ManufactureCountry />
      <ManufactureItemDescription />
      <UnitQty>יח`</UnitQty>
      <Quantity>140</Quantity>
      <UnitMeasure>גרם</UnitMeasure>
      <BisWeighted>0</BisWeighted>
      <QtyInPackage>1</QtyInPackage>
      <ItemPrice>27.90</ItemPrice>
      <UnitOfMeasurePrice>19.93</UnitOfMeasurePrice>
      <AllowDiscount>1</AllowDiscount>
      <itemStatus>1</itemStatus>
      <LastUpdateDate />
      <LastUpdateTime />
    </Product>
    <Product>
      <PriceUpdateDate>2019/10/10 12:21</PriceUpdateDate>
      <ItemCode>8001090899194</ItemCode>
      <ItemType>1</ItemType>
      <ItemName>תחבושות אולוויז פלטינום נורמל 24 יח</ItemName>
      <ManufactureName>דיפלומט מפיצים (1968) בעמ</ManufactureName>
      <ManufactureCountry />
      <ManufactureItemDescription />
      <UnitQty>יח`</UnitQty>
      <Quantity>1</Quantity>
      <UnitMeasure />
      <BisWeighted>0</BisWeighted>
      <QtyInPackage>1</QtyInPackage>
      <ItemPrice>19.90</ItemPrice>
      <UnitOfMeasurePrice>19.90</UnitOfMeasurePrice>
      <AllowDiscount>1</AllowDiscount>
      <itemStatus>1</itemStatus>
      <LastUpdateDate />
      <LastUpdateTime />
    </Product>
    <Product>
      <PriceUpdateDate>2019/10/10 12:21</PriceUpdateDate>
      <ItemCode>8001090899255</ItemCode>
      <ItemType>1</ItemType>
      <ItemName>תחבושות אולוויז פלטינום לילה 16 יח</ItemName>
      <ManufactureName>דיפלומט מפיצים (1968) בעמ</ManufactureName>
      <ManufactureCountry />
      <ManufactureItemDescription />
      <UnitQty>יח`</UnitQty>
      <Quantity>1</Quantity>
      <UnitMeasure />
      <BisWeighted>0</BisWeighted>
      <QtyInPackage>1</QtyInPackage>
      <ItemPrice>19.90</ItemPrice>
      <UnitOfMeasurePrice>19.90</UnitOfMeasurePrice>
      <AllowDiscount>1</AllowDiscount>
      <itemStatus>1</itemStatus>
      <LastUpdateDate />
      <LastUpdateTime />
    </Product>
    <Product>
      <PriceUpdateDate>2019/10/10 12:21</PriceUpdateDate>
      <ItemCode>8001090899286</ItemCode>
      <ItemType>1</ItemType>
      <ItemName>תחבושות אולוויז פלטינום לילה בטוח 14 יח</ItemName>
      <ManufactureName>דיפלומט מפיצים (1968) בעמ</ManufactureName>
      <ManufactureCountry />
      <ManufactureItemDescription />
      <UnitQty>יח`</UnitQty>
      <Quantity>1</Quantity>
      <UnitMeasure />
      <BisWeighted>0</BisWeighted>
      <QtyInPackage>1</QtyInPackage>
      <ItemPrice>19.90</ItemPrice>
      <UnitOfMeasurePrice>19.90</UnitOfMeasurePrice>
      <AllowDiscount>1</AllowDiscount>
      <itemStatus>1</itemStatus>
      <LastUpdateDate />
      <LastUpdateTime />
    </Product>
    <Product>
      <PriceUpdateDate>2018/10/18 08:34</PriceUpdateDate>
      <ItemCode>8001090943095</ItemCode>
      <ItemType>1</ItemType>
      <ItemName>פיירי אנטי בקטריאלי 1.015 ליטר</ItemName>
      <ManufactureName>דיפלומט מפיצים (1968) בעמ</ManufactureName>
      <ManufactureCountry />
      <ManufactureItemDescription />
      <UnitQty>יח`</UnitQty>
      <Quantity>1.0150</Quantity>
      <UnitMeasure>1 ליטר</UnitMeasure>
      <BisWeighted>0</BisWeighted>
      <QtyInPackage>1</QtyInPackage>
      <ItemPrice>17.90</ItemPrice>
      <UnitOfMeasurePrice>17.64</UnitOfMeasurePrice>
      <AllowDiscount>1</AllowDiscount>
      <itemStatus>1</itemStatus>
      <LastUpdateDate />
      <LastUpdateTime />
    </Product>
    <Product>
      <PriceUpdateDate>2020/02/16 07:15</PriceUpdateDate>
      <ItemCode>8001090988362</ItemCode>
      <ItemType>1</ItemType>
      <ItemName>שמפו לחות מוגברת  פנטן( 500  מל)</ItemName>
      <ManufactureName>דיפלומט מפיצים (1968) בעמ</ManufactureName>
      <ManufactureCountry />
      <ManufactureItemDescription />
      <UnitQty>יח`</UnitQty>
      <Quantity>500</Quantity>
      <UnitMeasure>מ"ל</UnitMeasure>
      <BisWeighted>0</BisWeighted>
      <QtyInPackage>1</QtyInPackage>
      <ItemPrice>15.90</ItemPrice>
      <UnitOfMeasurePrice>3.18</UnitOfMeasurePrice>
      <AllowDiscount>1</AllowDiscount>
      <itemStatus>1</itemStatus>
      <LastUpdateDate />
      <LastUpdateTime />
    </Product>
    <Product>
      <PriceUpdateDate>2020/02/16 07:15</PriceUpdateDate>
      <ItemCode>8001090988881</ItemCode>
      <ItemType>1</ItemType>
      <ItemName>מרכך למגע רך כמשי  פנטן(500 מל)</ItemName>
      <ManufactureName>דיפלומט מפיצים (1968) בעמ</ManufactureName>
      <ManufactureCountry />
      <ManufactureItemDescription />
      <UnitQty>יח`</UnitQty>
      <Quantity>500</Quantity>
      <UnitMeasure>מ"ל</UnitMeasure>
      <BisWeighted>0</BisWeighted>
      <QtyInPackage>1</QtyInPackage>
      <ItemPrice>15.90</ItemPrice>
      <UnitOfMeasurePrice>3.18</UnitOfMeasurePrice>
      <AllowDiscount>1</AllowDiscount>
      <itemStatus>1</itemStatus>
      <LastUpdateDate />
      <LastUpdateTime />
    </Product>
    <Product>
      <PriceUpdateDate>2019/10/06 12:27</PriceUpdateDate>
      <ItemCode>8001841006512</ItemCode>
      <ItemType>1</ItemType>
      <ItemName>לנור כדוריות הבושם אוקיינוס 210 גר`</ItemName>
      <ManufactureName>דיפלומט מפיצים (1968) בעמ</ManufactureName>
      <ManufactureCountry />
      <ManufactureItemDescription />
      <UnitQty>יח`</UnitQty>
      <Quantity>210</Quantity>
      <UnitMeasure>גרם</UnitMeasure>
      <BisWeighted>0</BisWeighted>
      <QtyInPackage>1</QtyInPackage>
      <ItemPrice>37.90</ItemPrice>
      <UnitOfMeasurePrice>18.05</UnitOfMeasurePrice>
      <AllowDiscount>1</AllowDiscount>
      <itemStatus>1</itemStatus>
      <LastUpdateDate />
      <LastUpdateTime />
    </Product>
    <Product>
      <PriceUpdateDate>2019/03/18 12:49</PriceUpdateDate>
      <ItemCode>8001841053684</ItemCode>
      <ItemType>1</ItemType>
      <ItemName>אולוויז עבה לונג +12יח`</ItemName>
      <ManufactureName>דיפלומט מפיצים (1968) בעמ</ManufactureName>
      <ManufactureCountry />
      <ManufactureItemDescription />
      <UnitQty>יח`</UnitQty>
      <Quantity>1</Quantity>
      <UnitMeasure />
      <BisWeighted>0</BisWeighted>
      <QtyInPackage>1</QtyInPackage>
      <ItemPrice>14.90</ItemPrice>
      <UnitOfMeasurePrice>14.90</UnitOfMeasurePrice>
      <AllowDiscount>0</AllowDiscount>
      <itemStatus>1</itemStatus>
      <LastUpdateDate />
      <LastUpdateTime />
    </Product>
    <Product>
      <PriceUpdateDate>2019/03/18 12:49</PriceUpdateDate>
      <ItemCode>8001841053806</ItemCode>
      <ItemType>1</ItemType>
      <ItemName>תחבושת עבה ללילה אולווייז) (10</ItemName>
      <ManufactureName>דיפלומט מפיצים (1968) בעמ</ManufactureName>
      <ManufactureCountry />
      <ManufactureItemDescription />
      <UnitQty>יח`</UnitQty>
      <Quantity>1</Quantity>
      <UnitMeasure />
      <BisWeighted>0</BisWeighted>
      <QtyInPackage>1</QtyInPackage>
      <ItemPrice>14.90</ItemPrice>
      <UnitOfMeasurePrice>14.90</UnitOfMeasurePrice>
      <AllowDiscount>0</AllowDiscount>
      <itemStatus>1</itemStatus>
      <LastUpdateDate />
      <LastUpdateTime />
    </Product>
    <Product>
      <PriceUpdateDate>2019/06/07 11:21</PriceUpdateDate>
      <ItemCode>8001841104799</ItemCode>
      <ItemType>1</ItemType>
      <ItemName>חיתולי פמפרס פרימיום vp מידה 2 ( 46 יח)</ItemName>
      <ManufactureName>דיפלומט מפיצים (1968) בעמ</ManufactureName>
      <ManufactureCountry />
      <ManufactureItemDescription />
      <UnitQty>יח`</UnitQty>
      <Quantity>1</Quantity>
      <UnitMeasure />
      <BisWeighted>0</BisWeighted>
      <QtyInPackage>1</QtyInPackage>
      <ItemPrice>34.90</ItemPrice>
      <UnitOfMeasurePrice>34.90</UnitOfMeasurePrice>
      <AllowDiscount>1</AllowDiscount>
      <itemStatus>1</itemStatus>
      <LastUpdateDate />
      <LastUpdateTime />
    </Product>
    <Product>
      <PriceUpdateDate>2019/06/07 11:21</PriceUpdateDate>
      <ItemCode>8001841105093</ItemCode>
      <ItemType>1</ItemType>
      <ItemName>חיתולי פמפרס פרימיום vp מידה 6 ( 26 יח)</ItemName>
      <ManufactureName>דיפלומט מפיצים (1968) בעמ</ManufactureName>
      <ManufactureCountry />
      <ManufactureItemDescription />
      <UnitQty>יח`</UnitQty>
      <Quantity>1</Quantity>
      <UnitMeasure />
      <BisWeighted>0</BisWeighted>
      <QtyInPackage>1</QtyInPackage>
      <ItemPrice>34.90</ItemPrice>
      <UnitOfMeasurePrice>34.90</UnitOfMeasurePrice>
      <AllowDiscount>1</AllowDiscount>
      <itemStatus>1</itemStatus>
      <LastUpdateDate />
      <LastUpdateTime />
    </Product>
    <Product>
      <PriceUpdateDate>2019/10/06 12:27</PriceUpdateDate>
      <ItemCode>8001841212845</ItemCode>
      <ItemType>1</ItemType>
      <ItemName>הד אנד שולדרס תפוח 275 מל</ItemName>
      <ManufactureName>דיפלומט מפיצים (1968) בעמ</ManufactureName>
      <ManufactureCountry />
      <ManufactureItemDescription />
      <UnitQty>יח`</UnitQty>
      <Quantity>275</Quantity>
      <UnitMeasure>מ"ל</UnitMeasure>
      <BisWeighted>0</BisWeighted>
      <QtyInPackage>1</QtyInPackage>
      <ItemPrice>16.90</ItemPrice>
      <UnitOfMeasurePrice>6.15</UnitOfMeasurePrice>
      <AllowDiscount>0</AllowDiscount>
      <itemStatus>1</itemStatus>
      <LastUpdateDate />
      <LastUpdateTime />
    </Product>
    <Product>
      <PriceUpdateDate>2019/11/24 11:19</PriceUpdateDate>
      <ItemCode>8001841216584</ItemCode>
      <ItemType>1</ItemType>
      <ItemName>תחבושות לילה בטוח אולווייז (36)</ItemName>
      <ManufactureName>דיפלומט מפיצים (1968) בעמ</ManufactureName>
      <ManufactureCountry />
      <ManufactureItemDescription />
      <UnitQty>יח`</UnitQty>
      <Quantity>1</Quantity>
      <UnitMeasure />
      <BisWeighted>0</BisWeighted>
      <QtyInPackage>1</QtyInPackage>
      <ItemPrice>39.90</ItemPrice>
      <UnitOfMeasurePrice>39.90</UnitOfMeasurePrice>
      <AllowDiscount>0</AllowDiscount>
      <itemStatus>1</itemStatus>
      <LastUpdateDate />
      <LastUpdateTime />
    </Product>
    <Product>
      <PriceUpdateDate>2019/10/06 12:27</PriceUpdateDate>
      <ItemCode>8001841317830</ItemCode>
      <ItemType>1</ItemType>
      <ItemName>לנור מרכך מרוכז בניחוח יסמין 900 מל</ItemName>
      <ManufactureName>דיפלומט מפיצים (1968) בעמ</ManufactureName>
      <ManufactureCountry />
      <ManufactureItemDescription />
      <UnitQty>יח`</UnitQty>
      <Quantity>1</Quantity>
      <UnitMeasure />
      <BisWeighted>0</BisWeighted>
      <QtyInPackage>1</QtyInPackage>
      <ItemPrice>16.90</ItemPrice>
      <UnitOfMeasurePrice>16.90</UnitOfMeasurePrice>
      <AllowDiscount>0</AllowDiscount>
      <itemStatus>1</itemStatus>
      <LastUpdateDate />
      <LastUpdateTime />
    </Product>
    <Product>
      <PriceUpdateDate>2019/10/06 12:27</PriceUpdateDate>
      <ItemCode>8001841317861</ItemCode>
      <ItemType>1</ItemType>
      <ItemName>לנור מרכך מרוכז בניחוח אוקיינוס 900 מל</ItemName>
      <ManufactureName>דיפלומט מפיצים (1968) בעמ</ManufactureName>
      <ManufactureCountry />
      <ManufactureItemDescription />
      <UnitQty>יח`</UnitQty>
      <Quantity>1</Quantity>
      <UnitMeasure />
      <BisWeighted>0</BisWeighted>
      <QtyInPackage>1</QtyInPackage>
      <ItemPrice>16.90</ItemPrice>
      <UnitOfMeasurePrice>16.90</UnitOfMeasurePrice>
      <AllowDiscount>0</AllowDiscount>
      <itemStatus>1</itemStatus>
      <LastUpdateDate />
      <LastUpdateTime />
    </Product>
    <Product>
      <PriceUpdateDate>2019/10/06 12:27</PriceUpdateDate>
      <ItemCode>8001841317892</ItemCode>
      <ItemType>1</ItemType>
      <ItemName>לנור מרכך מרוכז בניחוח סחלב 900 מל</ItemName>
      <ManufactureName>דיפלומט מפיצים (1968) בעמ</ManufactureName>
      <ManufactureCountry />
      <ManufactureItemDescription />
      <UnitQty>יח`</UnitQty>
      <Quantity>1</Quantity>
      <UnitMeasure />
      <BisWeighted>0</BisWeighted>
      <QtyInPackage>1</QtyInPackage>
      <ItemPrice>16.90</ItemPrice>
      <UnitOfMeasurePrice>16.90</UnitOfMeasurePrice>
      <AllowDiscount>0</AllowDiscount>
      <itemStatus>1</itemStatus>
      <LastUpdateDate />
      <LastUpdateTime />
    </Product>
    <Product>
      <PriceUpdateDate>2017/12/04 16:35</PriceUpdateDate>
      <ItemCode>8001943543458</ItemCode>
      <ItemType>1</ItemType>
      <ItemName>ביצי שוקולד צ`וקטה (20x3 גרם)</ItemName>
      <ManufactureName>ליימן שליסל בעמ</ManufactureName>
      <ManufactureCountry />
      <ManufactureItemDescription />
      <UnitQty>יח`</UnitQty>
      <Quantity>60</Quantity>
      <UnitMeasure>גרם</UnitMeasure>
      <BisWeighted>0</BisWeighted>
      <QtyInPackage>1</QtyInPackage>
      <ItemPrice>11.90</ItemPrice>
      <UnitOfMeasurePrice>19.83</UnitOfMeasurePrice>
      <AllowDiscount>0</AllowDiscount>
      <itemStatus>1</itemStatus>
      <LastUpdateDate />
      <LastUpdateTime />
    </Product>
    <Product>
      <PriceUpdateDate>2018/11/14 08:33</PriceUpdateDate>
      <ItemCode>8002267016475</ItemCode>
      <ItemType>1</ItemType>
      <ItemName>ביצת שוקולד הפתעה בוב הבנאי 60 גר`</ItemName>
      <ManufactureName>ליימן שליסל בעמ</ManufactureName>
      <ManufactureCountry />
      <ManufactureItemDescription />
      <UnitQty>יח`</UnitQty>
      <Quantity>60</Quantity>
      <UnitMeasure>גרם</UnitMeasure>
      <BisWeighted>0</BisWeighted>
      <QtyInPackage>1</QtyInPackage>
      <ItemPrice>12.90</ItemPrice>
      <UnitOfMeasurePrice>21.50</UnitOfMeasurePrice>
      <AllowDiscount>0</AllowDiscount>
      <itemStatus>1</itemStatus>
      <LastUpdateDate />
      <LastUpdateTime />
    </Product>
    <Product>
      <PriceUpdateDate>2015/05/27 20:25</PriceUpdateDate>
      <ItemCode>8002450201008</ItemCode>
      <ItemType>1</ItemType>
      <ItemName>ורדי רספברי 750 מל</ItemName>
      <ManufactureName>הכרם - משקאות חריפים בעמ</ManufactureName>
      <ManufactureCountry />
      <ManufactureItemDescription />
      <UnitQty>יח`</UnitQty>
      <Quantity>750</Quantity>
      <UnitMeasure>מ"ל</UnitMeasure>
      <BisWeighted>0</BisWeighted>
      <QtyInPackage>1</QtyInPackage>
      <ItemPrice>24.90</ItemPrice>
      <UnitOfMeasurePrice>3.28</UnitOfMeasurePrice>
      <AllowDiscount>0</AllowDiscount>
      <itemStatus>1</itemStatus>
      <LastUpdateDate />
      <LastUpdateTime />
    </Product>
    <Product>
      <PriceUpdateDate>2017/02/13 08:09</PriceUpdateDate>
      <ItemCode>8002450205006</ItemCode>
      <ItemType>1</ItemType>
      <ItemName>ספרקלטיני תות שדה ורדי בוסקה (750 מל)</ItemName>
      <ManufactureName>הכרם - משקאות חריפים בעמ</ManufactureName>
      <ManufactureCountry />
      <ManufactureItemDescription />
      <UnitQty>יח`</UnitQty>
      <Quantity>750</Quantity>
      <UnitMeasure>מ"ל</UnitMeasure>
      <BisWeighted>0</BisWeighted>
      <QtyInPackage>1</QtyInPackage>
      <ItemPrice>24.90</ItemPrice>
      <UnitOfMeasurePrice>3.28</UnitOfMeasurePrice>
      <AllowDiscount>0</AllowDiscount>
      <itemStatus>1</itemStatus>
      <LastUpdateDate />
      <LastUpdateTime />
    </Product>
    <Product>
      <PriceUpdateDate>2019/08/04 12:56</PriceUpdateDate>
      <ItemCode>8002450208304</ItemCode>
      <ItemType>1</ItemType>
      <ItemName>ספארקלטיני ורדי גורצטראמינר (750 מל)</ItemName>
      <ManufactureName>הכרם - משקאות חריפים בעמ</ManufactureName>
      <ManufactureCountry />
      <ManufactureItemDescription />
      <UnitQty>יח`</UnitQty>
      <Quantity>750</Quantity>
      <UnitMeasure>מ"ל</UnitMeasure>
      <BisWeighted>0</BisWeighted>
      <QtyInPackage>1</QtyInPackage>
      <ItemPrice>24.90</ItemPrice>
      <UnitOfMeasurePrice>3.28</UnitOfMeasurePrice>
      <AllowDiscount>0</AllowDiscount>
      <itemStatus>1</itemStatus>
      <LastUpdateDate />
      <LastUpdateTime />
    </Product>
    <Product>
      <PriceUpdateDate>2015/09/08 11:20</PriceUpdateDate>
      <ItemCode>8004030044005</ItemCode>
      <ItemType>1</ItemType>
      <ItemName>ריו מרה טונה בשמן זית 160 ג</ItemName>
      <ManufactureName>ש.שסטוביץ בעמ</ManufactureName>
      <ManufactureCountry />
      <ManufactureItemDescription />
      <UnitQty>יח`</UnitQty>
      <Quantity>160</Quantity>
      <UnitMeasure>גרם</UnitMeasure>
      <BisWeighted>0</BisWeighted>
      <QtyInPackage>1</QtyInPackage>
      <ItemPrice>18.90</ItemPrice>
      <UnitOfMeasurePrice>11.81</UnitOfMeasurePrice>
      <AllowDiscount>1</AllowDiscount>
      <itemStatus>1</itemStatus>
      <LastUpdateDate />
      <LastUpdateTime />
    </Product>
    <Product>
      <PriceUpdateDate>2018/12/16 11:28</PriceUpdateDate>
      <ItemCode>8004030102033</ItemCode>
      <ItemType>1</ItemType>
      <ItemName>ריו מארה טונה בשמן זית לימון ופלפל שלייש</ItemName>
      <ManufactureName>ש.שסטוביץ בעמ</ManufactureName>
      <ManufactureCountry />
      <ManufactureItemDescription />
      <UnitQty>יח`</UnitQty>
      <Quantity>240</Quantity>
      <UnitMeasure>גרם</UnitMeasure>
      <BisWeighted>0</BisWeighted>
      <QtyInPackage>1</QtyInPackage>
      <ItemPrice>26.90</ItemPrice>
      <UnitOfMeasurePrice>11.21</UnitOfMeasurePrice>
      <AllowDiscount>0</AllowDiscount>
      <itemStatus>1</itemStatus>
      <LastUpdateDate />
      <LastUpdateTime />
    </Product>
    <Product>
      <PriceUpdateDate>2018/05/13 11:13</PriceUpdateDate>
      <ItemCode>8004030177000</ItemCode>
      <ItemType>1</ItemType>
      <ItemName>ריו מארה טונה בשמן זית עם צ`לי שלישיות 8</ItemName>
      <ManufactureName>ש.שסטוביץ בעמ</ManufactureName>
      <ManufactureCountry />
      <ManufactureItemDescription />
      <UnitQty>יח`</UnitQty>
      <Quantity>240</Quantity>
      <UnitMeasure>גרם</UnitMeasure>
      <BisWeighted>0</BisWeighted>
      <QtyInPackage>1</QtyInPackage>
      <ItemPrice>26.90</ItemPrice>
      <UnitOfMeasurePrice>11.21</UnitOfMeasurePrice>
      <AllowDiscount>0</AllowDiscount>
      <itemStatus>1</itemStatus>
      <LastUpdateDate />
      <LastUpdateTime />
    </Product>
    <Product>
      <PriceUpdateDate>2015/09/08 11:20</PriceUpdateDate>
      <ItemCode>8004030344938</ItemCode>
      <ItemType>1</ItemType>
      <ItemName>ריו מארה טונה בשמן זית שלישיות 80 גרם</ItemName>
      <ManufactureName>ש.שסטוביץ בעמ</ManufactureName>
      <ManufactureCountry />
      <ManufactureItemDescription />
      <UnitQty>יח`</UnitQty>
      <Quantity>240</Quantity>
      <UnitMeasure>גרם</UnitMeasure>
      <BisWeighted>0</BisWeighted>
      <QtyInPackage>1</QtyInPackage>
      <ItemPrice>26.90</ItemPrice>
      <UnitOfMeasurePrice>11.21</UnitOfMeasurePrice>
      <AllowDiscount>0</AllowDiscount>
      <itemStatus>1</itemStatus>
      <LastUpdateDate />
      <LastUpdateTime />
    </Product>
    <Product>
      <PriceUpdateDate>2017/01/19 08:22</PriceUpdateDate>
      <ItemCode>8005110120015</ItemCode>
      <ItemType>1</ItemType>
      <ItemName>רכז עגבניות בשפרפרת 200mutti גרם</ItemName>
      <ManufactureName>רסטרטו יבוא ושיווק בעמ</ManufactureName>
      <ManufactureCountry />
      <ManufactureItemDescription />
      <UnitQty>יח`</UnitQty>
      <Quantity>200</Quantity>
      <UnitMeasure>גרם</UnitMeasure>
      <BisWeighted>0</BisWeighted>
      <QtyInPackage>1</QtyInPackage>
      <ItemPrice>6.90</ItemPrice>
      <UnitOfMeasurePrice>3.45</UnitOfMeasurePrice>
      <AllowDiscount>0</AllowDiscount>
      <itemStatus>1</itemStatus>
      <LastUpdateDate />
      <LastUpdateTime />
    </Product>
    <Product>
      <PriceUpdateDate>2018/02/05 13:45</PriceUpdateDate>
      <ItemCode>8005110170300</ItemCode>
      <ItemType>1</ItemType>
      <ItemName>עגבניות חתוכות דק 400 גר` שלישייה פולפה</ItemName>
      <ManufactureName>רסטרטו יבוא ושיווק בעמ</ManufactureName>
      <ManufactureCountry />
      <ManufactureItemDescription />
      <UnitQty>יח`</UnitQty>
      <Quantity>1200</Quantity>
      <UnitMeasure>גרם</UnitMeasure>
      <BisWeighted>0</BisWeighted>
      <QtyInPackage>1</QtyInPackage>
      <ItemPrice>16.90</ItemPrice>
      <UnitOfMeasurePrice>1.41</UnitOfMeasurePrice>
      <AllowDiscount>0</AllowDiscount>
      <itemStatus>1</itemStatus>
      <LastUpdateDate />
      <LastUpdateTime />
    </Product>
    <Product>
      <PriceUpdateDate>2017/02/09 09:13</PriceUpdateDate>
      <ItemCode>8005200496525</ItemCode>
      <ItemType>1</ItemType>
      <ItemName>תה קר בטעם אפרסק נסטי (1.5 ליטר)</ItemName>
      <ManufactureName>טמפו משקאות בעמ</ManufactureName>
      <ManufactureCountry />
      <ManufactureItemDescription />
      <UnitQty>יח`</UnitQty>
      <Quantity>1500</Quantity>
      <UnitMeasure>מ"ל</UnitMeasure>
      <BisWeighted>0</BisWeighted>
      <QtyInPackage>1</QtyInPackage>
      <ItemPrice>5.90</ItemPrice>
      <UnitOfMeasurePrice>0.39</UnitOfMeasurePrice>
      <AllowDiscount>1</AllowDiscount>
      <itemStatus>1</itemStatus>
      <LastUpdateDate />
      <LastUpdateTime />
    </Product>
    <Product>
      <PriceUpdateDate>2017/02/09 09:13</PriceUpdateDate>
      <ItemCode>8005200536528</ItemCode>
      <ItemType>1</ItemType>
      <ItemName>תה קר מנגו אננס נסטי (1.5 ליטר)</ItemName>
      <ManufactureName>טמפו משקאות בעמ</ManufactureName>
      <ManufactureCountry />
      <ManufactureItemDescription />
      <UnitQty>יח`</UnitQty>
      <Quantity>1500</Quantity>
      <UnitMeasure>מ"ל</UnitMeasure>
      <BisWeighted>0</BisWeighted>
      <QtyInPackage>1</QtyInPackage>
      <ItemPrice>5.90</ItemPrice>
      <UnitOfMeasurePrice>0.39</UnitOfMeasurePrice>
      <AllowDiscount>1</AllowDiscount>
      <itemStatus>1</itemStatus>
      <LastUpdateDate />
      <LastUpdateTime />
    </Product>
    <Product>
      <PriceUpdateDate>2017/01/18 08:06</PriceUpdateDate>
      <ItemCode>8005803010357</ItemCode>
      <ItemType>1</ItemType>
      <ItemName>גריסיני קלאסי אמור די פאן (125 גרם)</ItemName>
      <ManufactureName>ליימן שליסל בעמ</ManufactureName>
      <ManufactureCountry />
      <ManufactureItemDescription />
      <UnitQty>יח`</UnitQty>
      <Quantity>125</Quantity>
      <UnitMeasure>גרם</UnitMeasure>
      <BisWeighted>0</BisWeighted>
      <QtyInPackage>1</QtyInPackage>
      <ItemPrice>7.90</ItemPrice>
      <UnitOfMeasurePrice>6.32</UnitOfMeasurePrice>
      <AllowDiscount>1</AllowDiscount>
      <itemStatus>1</itemStatus>
      <LastUpdateDate />
      <LastUpdateTime />
    </Product>
    <Product>
      <PriceUpdateDate>2017/01/18 08:06</PriceUpdateDate>
      <ItemCode>8005803010371</ItemCode>
      <ItemType>1</ItemType>
      <ItemName>גריסיני עם רוזמרין אמור די פאן (125 גרם)</ItemName>
      <ManufactureName>ליימן שליסל בעמ</ManufactureName>
      <ManufactureCountry />
      <ManufactureItemDescription />
      <UnitQty>יח`</UnitQty>
      <Quantity>125</Quantity>
      <UnitMeasure>גרם</UnitMeasure>
      <BisWeighted>0</BisWeighted>
      <QtyInPackage>1</QtyInPackage>
      <ItemPrice>7.90</ItemPrice>
      <UnitOfMeasurePrice>6.32</UnitOfMeasurePrice>
      <AllowDiscount>1</AllowDiscount>
      <itemStatus>1</itemStatus>
      <LastUpdateDate />
      <LastUpdateTime />
    </Product>
    <Product>
      <PriceUpdateDate>2017/01/18 08:06</PriceUpdateDate>
      <ItemCode>8005803010586</ItemCode>
      <ItemType>1</ItemType>
      <ItemName>גריסיני בטעם פיצה אמור די פאן (125 גרם)</ItemName>
      <ManufactureName>ליימן שליסל בעמ</ManufactureName>
      <ManufactureCountry />
      <ManufactureItemDescription />
      <UnitQty>יח`</UnitQty>
      <Quantity>125</Quantity>
      <UnitMeasure>גרם</UnitMeasure>
      <BisWeighted>0</BisWeighted>
      <QtyInPackage>1</QtyInPackage>
      <ItemPrice>7.90</ItemPrice>
      <UnitOfMeasurePrice>6.32</UnitOfMeasurePrice>
      <AllowDiscount>1</AllowDiscount>
      <itemStatus>1</itemStatus>
      <LastUpdateDate />
      <LastUpdateTime />
    </Product>
    <Product>
      <PriceUpdateDate>2017/01/18 08:06</PriceUpdateDate>
      <ItemCode>8005803010661</ItemCode>
      <ItemType>1</ItemType>
      <ItemName>גריסיני עם שומשום אמור די פאן (125 גרם)</ItemName>
      <ManufactureName>ליימן שליסל בעמ</ManufactureName>
      <ManufactureCountry />
      <ManufactureItemDescription />
      <UnitQty>יח`</UnitQty>
      <Quantity>125</Quantity>
      <UnitMeasure>גרם</UnitMeasure>
      <BisWeighted>0</BisWeighted>
      <QtyInPackage>1</QtyInPackage>
      <ItemPrice>7.90</ItemPrice>
      <UnitOfMeasurePrice>6.32</UnitOfMeasurePrice>
      <AllowDiscount>1</AllowDiscount>
      <itemStatus>1</itemStatus>
      <LastUpdateDate />
      <LastUpdateTime />
    </Product>
    <Product>
      <PriceUpdateDate>2015/05/29 10:29</PriceUpdateDate>
      <ItemCode>8007178120310</ItemCode>
      <ItemType>1</ItemType>
      <ItemName>חומץ בלסמי גקובזי 500 מל</ItemName>
      <ManufactureName>דיפלומט היינץ</ManufactureName>
      <ManufactureCountry />
      <ManufactureItemDescription />
      <UnitQty>יח`</UnitQty>
      <Quantity>500</Quantity>
      <UnitMeasure>מ"ל</UnitMeasure>
      <BisWeighted>0</BisWeighted>
      <QtyInPackage>1</QtyInPackage>
      <ItemPrice>25</ItemPrice>
      <UnitOfMeasurePrice>5</UnitOfMeasurePrice>
      <AllowDiscount>1</AllowDiscount>
      <itemStatus>1</itemStatus>
      <LastUpdateDate />
      <LastUpdateTime />
    </Product>
    <Product>
      <PriceUpdateDate>2016/08/31 08:40</PriceUpdateDate>
      <ItemCode>8008660210038</ItemCode>
      <ItemType>1</ItemType>
      <ItemName>מעדן תות שדה מנז אנד גאסר (300 גרם)</ItemName>
      <ManufactureName>תה ויסוצקי (ישראל) בעמ</ManufactureName>
      <ManufactureCountry />
      <ManufactureItemDescription />
      <UnitQty>יח`</UnitQty>
      <Quantity>300</Quantity>
      <UnitMeasure>גרם</UnitMeasure>
      <BisWeighted>0</BisWeighted>
      <QtyInPackage>1</QtyInPackage>
      <ItemPrice>16.90</ItemPrice>
      <UnitOfMeasurePrice>5.63</UnitOfMeasurePrice>
      <AllowDiscount>0</AllowDiscount>
      <itemStatus>1</itemStatus>
      <LastUpdateDate />
      <LastUpdateTime />
    </Product>
    <Product>
      <PriceUpdateDate>2016/08/31 08:40</PriceUpdateDate>
      <ItemCode>8008660210045</ItemCode>
      <ItemType>1</ItemType>
      <ItemName>מעדן פירות יער מנז אנד גאסר (300 גרם)</ItemName>
      <ManufactureName>תה ויסוצקי (ישראל) בעמ</ManufactureName>
      <ManufactureCountry />
      <ManufactureItemDescription />
      <UnitQty>יח`</UnitQty>
      <Quantity>300</Quantity>
      <UnitMeasure>גרם</UnitMeasure>
      <BisWeighted>0</BisWeighted>
      <QtyInPackage>1</QtyInPackage>
      <ItemPrice>16.90</ItemPrice>
      <UnitOfMeasurePrice>5.63</UnitOfMeasurePrice>
      <AllowDiscount>0</AllowDiscount>
      <itemStatus>1</itemStatus>
      <LastUpdateDate />
      <LastUpdateTime />
    </Product>
    <Product>
      <PriceUpdateDate>2018/12/05 08:25</PriceUpdateDate>
      <ItemCode>8008660210069</ItemCode>
      <ItemType>1</ItemType>
      <ItemName>מעדן פרי אפרסק פסיפלורה מנז אנד גאסר (32</ItemName>
      <ManufactureName>תה ויסוצקי (ישראל) בעמ</ManufactureName>
      <ManufactureCountry />
      <ManufactureItemDescription />
      <UnitQty>יח`</UnitQty>
      <Quantity>320</Quantity>
      <UnitMeasure>גרם</UnitMeasure>
      <BisWeighted>0</BisWeighted>
      <QtyInPackage>1</QtyInPackage>
      <ItemPrice>16.90</ItemPrice>
      <UnitOfMeasurePrice>5.28</UnitOfMeasurePrice>
      <AllowDiscount>0</AllowDiscount>
      <itemStatus>1</itemStatus>
      <LastUpdateDate />
      <LastUpdateTime />
    </Product>
    <Product>
      <PriceUpdateDate>2015/02/27 12:41</PriceUpdateDate>
      <ItemCode>8008698008157</ItemCode>
      <ItemType>1</ItemType>
      <ItemName>עוגיות דבל ללא גלוטן 100 גר</ItemName>
      <ManufactureName>ל.י.ב. (לחיות יותר בטבע) בעמ</ManufactureName>
      <ManufactureCountry />
      <ManufactureItemDescription />
      <UnitQty>יח`</UnitQty>
      <Quantity>100</Quantity>
      <UnitMeasure>גרם</UnitMeasure>
      <BisWeighted>0</BisWeighted>
      <QtyInPackage>1</QtyInPackage>
      <ItemPrice>10.90</ItemPrice>
      <UnitOfMeasurePrice>10.90</UnitOfMeasurePrice>
      <AllowDiscount>0</AllowDiscount>
      <itemStatus>1</itemStatus>
      <LastUpdateDate />
      <LastUpdateTime />
    </Product>
    <Product>
      <PriceUpdateDate>2020/01/14 17:54</PriceUpdateDate>
      <ItemCode>8008857500003</ItemCode>
      <ItemType>1</ItemType>
      <ItemName>פסטה רג`ייה אטריות עגולות דקות 500 גר`</ItemName>
      <ManufactureName>תומר יבוא ושיווק מוצרי מזון (1</ManufactureName>
      <ManufactureCountry />
      <ManufactureItemDescription />
      <UnitQty>יח`</UnitQty>
      <Quantity>500</Quantity>
      <UnitMeasure>גרם</UnitMeasure>
      <BisWeighted>0</BisWeighted>
      <QtyInPackage>1</QtyInPackage>
      <ItemPrice>7.90</ItemPrice>
      <UnitOfMeasurePrice>1.58</UnitOfMeasurePrice>
      <AllowDiscount>0</AllowDiscount>
      <itemStatus>1</itemStatus>
      <LastUpdateDate />
      <LastUpdateTime />
    </Product>
    <Product>
      <PriceUpdateDate>2020/01/14 17:54</PriceUpdateDate>
      <ItemCode>8008857601052</ItemCode>
      <ItemType>1</ItemType>
      <ItemName>לזניה רג`יה 500  גר`תומר</ItemName>
      <ManufactureName>תומר יבוא ושיווק מוצרי מזון (1</ManufactureName>
      <ManufactureCountry />
      <ManufactureItemDescription />
      <UnitQty>יח`</UnitQty>
      <Quantity>500</Quantity>
      <UnitMeasure>גרם</UnitMeasure>
      <BisWeighted>0</BisWeighted>
      <QtyInPackage>1</QtyInPackage>
      <ItemPrice>9.90</ItemPrice>
      <UnitOfMeasurePrice>1.98</UnitOfMeasurePrice>
      <AllowDiscount>0</AllowDiscount>
      <itemStatus>1</itemStatus>
      <LastUpdateDate />
      <LastUpdateTime />
    </Product>
    <Product>
      <PriceUpdateDate>2017/08/30 09:30</PriceUpdateDate>
      <ItemCode>8008990017512</ItemCode>
      <ItemType>1</ItemType>
      <ItemName>אקווה ספוג  מסאז`מתאית צמחית טהורה</ItemName>
      <ManufactureName>איתן ספקים לבתי מרקחת בעמ</ManufactureName>
      <ManufactureCountry />
      <ManufactureItemDescription />
      <UnitQty>יח`</UnitQty>
      <Quantity>1</Quantity>
      <UnitMeasure />
      <BisWeighted>0</BisWeighted>
      <QtyInPackage>1</QtyInPackage>
      <ItemPrice>17.90</ItemPrice>
      <UnitOfMeasurePrice>17.90</UnitOfMeasurePrice>
      <AllowDiscount>0</AllowDiscount>
      <itemStatus>1</itemStatus>
      <LastUpdateDate />
      <LastUpdateTime />
    </Product>
    <Product>
      <PriceUpdateDate>2020/05/01 06:20</PriceUpdateDate>
      <ItemCode>8009470009027</ItemCode>
      <ItemType>1</ItemType>
      <ItemName>סימבה כלב עוף והודו 415גר`</ItemName>
      <ManufactureName>שחורי אריה ואנסטסיה</ManufactureName>
      <ManufactureCountry />
      <ManufactureItemDescription />
      <UnitQty>יח`</UnitQty>
      <Quantity>1</Quantity>
      <UnitMeasure />
      <BisWeighted>0</BisWeighted>
      <QtyInPackage>1</QtyInPackage>
      <ItemPrice>4</ItemPrice>
      <UnitOfMeasurePrice>4</UnitOfMeasurePrice>
      <AllowDiscount>0</AllowDiscount>
      <itemStatus>1</itemStatus>
      <LastUpdateDate />
      <LastUpdateTime />
    </Product>
    <Product>
      <PriceUpdateDate>2020/05/01 06:20</PriceUpdateDate>
      <ItemCode>8009470009164</ItemCode>
      <ItemType>1</ItemType>
      <ItemName>סימבה כלב כבש 415גר`</ItemName>
      <ManufactureName>שחורי אריה ואנסטסיה</ManufactureName>
      <ManufactureCountry />
      <ManufactureItemDescription />
      <UnitQty>יח`</UnitQty>
      <Quantity>1</Quantity>
      <UnitMeasure />
      <BisWeighted>0</BisWeighted>
      <QtyInPackage>1</QtyInPackage>
      <ItemPrice>4</ItemPrice>
      <UnitOfMeasurePrice>4</UnitOfMeasurePrice>
      <AllowDiscount>0</AllowDiscount>
      <itemStatus>1</itemStatus>
      <LastUpdateDate />
      <LastUpdateTime />
    </Product>
    <Product>
      <PriceUpdateDate>2015/12/01 15:34</PriceUpdateDate>
      <ItemCode>8011033011279</ItemCode>
      <ItemType>1</ItemType>
      <ItemName>קוסקוס מרקש דין שיווק (1 קג)</ItemName>
      <ManufactureName>דין שיווק וקליה בעמ</ManufactureName>
      <ManufactureCountry />
      <ManufactureItemDescription />
      <UnitQty>יח`</UnitQty>
      <Quantity>1000</Quantity>
      <UnitMeasure>גרם</UnitMeasure>
      <BisWeighted>0</BisWeighted>
      <QtyInPackage>1</QtyInPackage>
      <ItemPrice>9.90</ItemPrice>
      <UnitOfMeasurePrice>0.99</UnitOfMeasurePrice>
      <AllowDiscount>0</AllowDiscount>
      <itemStatus>1</itemStatus>
      <LastUpdateDate />
      <LastUpdateTime />
    </Product>
    <Product>
      <PriceUpdateDate>2015/11/20 07:27</PriceUpdateDate>
      <ItemCode>8019428000013</ItemCode>
      <ItemType>1</ItemType>
      <ItemName>משקה אורז אורגני 1 ליטר</ItemName>
      <ManufactureName>אימפורט פור יו בעמ</ManufactureName>
      <ManufactureCountry />
      <ManufactureItemDescription />
      <UnitQty>יח`</UnitQty>
      <Quantity>1</Quantity>
      <UnitMeasure>1 ליטר</UnitMeasure>
      <BisWeighted>0</BisWeighted>
      <QtyInPackage>1</QtyInPackage>
      <ItemPrice>11.90</ItemPrice>
      <UnitOfMeasurePrice>11.90</UnitOfMeasurePrice>
      <AllowDiscount>0</AllowDiscount>
      <itemStatus>1</itemStatus>
      <LastUpdateDate />
      <LastUpdateTime />
    </Product>
    <Product>
      <PriceUpdateDate>2015/11/20 07:27</PriceUpdateDate>
      <ItemCode>8019428007005</ItemCode>
      <ItemType>1</ItemType>
      <ItemName>משקה סויה אורגני 1 ליטר</ItemName>
      <ManufactureName>אימפורט פור יו בעמ</ManufactureName>
      <ManufactureCountry />
      <ManufactureItemDescription />
      <UnitQty>יח`</UnitQty>
      <Quantity>1</Quantity>
      <UnitMeasure>1 ליטר</UnitMeasure>
      <BisWeighted>0</BisWeighted>
      <QtyInPackage>1</QtyInPackage>
      <ItemPrice>11.90</ItemPrice>
      <UnitOfMeasurePrice>11.90</UnitOfMeasurePrice>
      <AllowDiscount>0</AllowDiscount>
      <itemStatus>1</itemStatus>
      <LastUpdateDate />
      <LastUpdateTime />
    </Product>
    <Product>
      <PriceUpdateDate>2015/02/25 08:11</PriceUpdateDate>
      <ItemCode>8023678161387</ItemCode>
      <ItemType>1</ItemType>
      <ItemName>משקה סויה 8% אורגני 1ליטר ISOLA</ItemName>
      <ManufactureName>ל.י.ב. (לחיות יותר בטבע) בעמ</ManufactureName>
      <ManufactureCountry />
      <ManufactureItemDescription />
      <UnitQty>יח`</UnitQty>
      <Quantity>1000</Quantity>
      <UnitMeasure>מ"ל</UnitMeasure>
      <BisWeighted>0</BisWeighted>
      <QtyInPackage>1</QtyInPackage>
      <ItemPrice>9.90</ItemPrice>
      <UnitOfMeasurePrice>0.99</UnitOfMeasurePrice>
      <AllowDiscount>0</AllowDiscount>
      <itemStatus>1</itemStatus>
      <LastUpdateDate />
      <LastUpdateTime />
    </Product>
    <Product>
      <PriceUpdateDate>2019/07/17 08:51</PriceUpdateDate>
      <ItemCode>8032793342458</ItemCode>
      <ItemType>1</ItemType>
      <ItemName>עגבניות מרוסקות דק ומסוננות בקבוק 700</ItemName>
      <ManufactureName>גורי מוצרי צריכה (1991) בעמ</ManufactureName>
      <ManufactureCountry />
      <ManufactureItemDescription />
      <UnitQty>יח`</UnitQty>
      <Quantity>700</Quantity>
      <UnitMeasure>גרם</UnitMeasure>
      <BisWeighted>0</BisWeighted>
      <QtyInPackage>1</QtyInPackage>
      <ItemPrice>10.90</ItemPrice>
      <UnitOfMeasurePrice>1.56</UnitOfMeasurePrice>
      <AllowDiscount>1</AllowDiscount>
      <itemStatus>1</itemStatus>
      <LastUpdateDate />
      <LastUpdateTime />
    </Product>
    <Product>
      <PriceUpdateDate>2019/04/21 14:17</PriceUpdateDate>
      <ItemCode>8032880800243</ItemCode>
      <ItemType>1</ItemType>
      <ItemName>פיקניק הפתעה 50 גר`</ItemName>
      <ManufactureName>ליימן שליסל בעמ</ManufactureName>
      <ManufactureCountry />
      <ManufactureItemDescription />
      <UnitQty>יח`</UnitQty>
      <Quantity>50</Quantity>
      <UnitMeasure>גרם</UnitMeasure>
      <BisWeighted>0</BisWeighted>
      <QtyInPackage>1</QtyInPackage>
      <ItemPrice>6.90</ItemPrice>
      <UnitOfMeasurePrice>13.80</UnitOfMeasurePrice>
      <AllowDiscount>0</AllowDiscount>
      <itemStatus>1</itemStatus>
      <LastUpdateDate />
      <LastUpdateTime />
    </Product>
    <Product>
      <PriceUpdateDate>2017/12/24 12:06</PriceUpdateDate>
      <ItemCode>8076800195033</ItemCode>
      <ItemType>1</ItemType>
      <ItemName>ספגטיני מספר 3 ברילה (500 גרם)</ItemName>
      <ManufactureName>ש.שסטוביץ בעמ</ManufactureName>
      <ManufactureCountry />
      <ManufactureItemDescription />
      <UnitQty>יח`</UnitQty>
      <Quantity>500</Quantity>
      <UnitMeasure>גרם</UnitMeasure>
      <BisWeighted>0</BisWeighted>
      <QtyInPackage>1</QtyInPackage>
      <ItemPrice>5.90</ItemPrice>
      <UnitOfMeasurePrice>1.18</UnitOfMeasurePrice>
      <AllowDiscount>1</AllowDiscount>
      <itemStatus>1</itemStatus>
      <LastUpdateDate />
      <LastUpdateTime />
    </Product>
    <Product>
      <PriceUpdateDate>2017/12/24 12:06</PriceUpdateDate>
      <ItemCode>8076800195057</ItemCode>
      <ItemType>1</ItemType>
      <ItemName>ספגטיני מספר 5 ברילה (500 גרם)</ItemName>
      <ManufactureName>ש.שסטוביץ בעמ</ManufactureName>
      <ManufactureCountry />
      <ManufactureItemDescription />
      <UnitQty>יח`</UnitQty>
      <Quantity>500</Quantity>
      <UnitMeasure>גרם</UnitMeasure>
      <BisWeighted>0</BisWeighted>
      <QtyInPackage>1</QtyInPackage>
      <ItemPrice>5.90</ItemPrice>
      <UnitOfMeasurePrice>1.18</UnitOfMeasurePrice>
      <AllowDiscount>1</AllowDiscount>
      <itemStatus>1</itemStatus>
      <LastUpdateDate />
      <LastUpdateTime />
    </Product>
    <Product>
      <PriceUpdateDate>2017/12/24 12:06</PriceUpdateDate>
      <ItemCode>8076800195132</ItemCode>
      <ItemType>1</ItemType>
      <ItemName>פסטה מספר 13 ברילה (500 גרם)</ItemName>
      <ManufactureName>ש.שסטוביץ בעמ</ManufactureName>
      <ManufactureCountry />
      <ManufactureItemDescription />
      <UnitQty>יח`</UnitQty>
      <Quantity>500</Quantity>
      <UnitMeasure>גרם</UnitMeasure>
      <BisWeighted>0</BisWeighted>
      <QtyInPackage>1</QtyInPackage>
      <ItemPrice>5.90</ItemPrice>
      <UnitOfMeasurePrice>1.18</UnitOfMeasurePrice>
      <AllowDiscount>1</AllowDiscount>
      <itemStatus>1</itemStatus>
      <LastUpdateDate />
      <LastUpdateTime />
    </Product>
    <Product>
      <PriceUpdateDate>2017/12/24 12:06</PriceUpdateDate>
      <ItemCode>8076802085738</ItemCode>
      <ItemType>1</ItemType>
      <ItemName>פסטה פנה ריגטה מספר 73 ברילה (500 גרם)</ItemName>
      <ManufactureName>ש.שסטוביץ בעמ</ManufactureName>
      <ManufactureCountry />
      <ManufactureItemDescription />
      <UnitQty>יח`</UnitQty>
      <Quantity>500</Quantity>
      <UnitMeasure>גרם</UnitMeasure>
      <BisWeighted>0</BisWeighted>
      <QtyInPackage>1</QtyInPackage>
      <ItemPrice>5.90</ItemPrice>
      <UnitOfMeasurePrice>1.18</UnitOfMeasurePrice>
      <AllowDiscount>1</AllowDiscount>
      <itemStatus>1</itemStatus>
      <LastUpdateDate />
      <LastUpdateTime />
    </Product>
    <Product>
      <PriceUpdateDate>2017/12/24 12:06</PriceUpdateDate>
      <ItemCode>8076802085981</ItemCode>
      <ItemType>1</ItemType>
      <ItemName>פסטה פוזילי מספר 98 ברילה (500 גרם)</ItemName>
      <ManufactureName>ש.שסטוביץ בעמ</ManufactureName>
      <ManufactureCountry />
      <ManufactureItemDescription />
      <UnitQty>יח`</UnitQty>
      <Quantity>500</Quantity>
      <UnitMeasure>גרם</UnitMeasure>
      <BisWeighted>0</BisWeighted>
      <QtyInPackage>1</QtyInPackage>
      <ItemPrice>5.90</ItemPrice>
      <UnitOfMeasurePrice>1.18</UnitOfMeasurePrice>
      <AllowDiscount>1</AllowDiscount>
      <itemStatus>1</itemStatus>
      <LastUpdateDate />
      <LastUpdateTime />
    </Product>
    <Product>
      <PriceUpdateDate>2017/12/24 12:06</PriceUpdateDate>
      <ItemCode>8076808050440</ItemCode>
      <ItemType>1</ItemType>
      <ItemName>מקרוני מספר 44 ברילה (500 גרם)</ItemName>
      <ManufactureName>ש.שסטוביץ בעמ</ManufactureName>
      <ManufactureCountry />
      <ManufactureItemDescription />
      <UnitQty>יח`</UnitQty>
      <Quantity>500</Quantity>
      <UnitMeasure>גרם</UnitMeasure>
      <BisWeighted>0</BisWeighted>
      <QtyInPackage>1</QtyInPackage>
      <ItemPrice>5.90</ItemPrice>
      <UnitOfMeasurePrice>1.18</UnitOfMeasurePrice>
      <AllowDiscount>1</AllowDiscount>
      <itemStatus>1</itemStatus>
      <LastUpdateDate />
      <LastUpdateTime />
    </Product>
    <Product>
      <PriceUpdateDate>2017/12/24 12:06</PriceUpdateDate>
      <ItemCode>8076808060654</ItemCode>
      <ItemType>1</ItemType>
      <ItemName>פרפלה מספר 65 ברילה (500 גרם)</ItemName>
      <ManufactureName>ש.שסטוביץ בעמ</ManufactureName>
      <ManufactureCountry />
      <ManufactureItemDescription />
      <UnitQty>יח`</UnitQty>
      <Quantity>500</Quantity>
      <UnitMeasure>גרם</UnitMeasure>
      <BisWeighted>0</BisWeighted>
      <QtyInPackage>1</QtyInPackage>
      <ItemPrice>5.90</ItemPrice>
      <UnitOfMeasurePrice>1.18</UnitOfMeasurePrice>
      <AllowDiscount>1</AllowDiscount>
      <itemStatus>1</itemStatus>
      <LastUpdateDate />
      <LastUpdateTime />
    </Product>
    <Product>
      <PriceUpdateDate>2016/01/12 08:18</PriceUpdateDate>
      <ItemCode>8076808070882</ItemCode>
      <ItemType>1</ItemType>
      <ItemName>קנלוני מספר 88 ברילה (250 גרם)</ItemName>
      <ManufactureName>ש.שסטוביץ בעמ</ManufactureName>
      <ManufactureCountry />
      <ManufactureItemDescription />
      <UnitQty>יח`</UnitQty>
      <Quantity>250</Quantity>
      <UnitMeasure>גרם</UnitMeasure>
      <BisWeighted>0</BisWeighted>
      <QtyInPackage>1</QtyInPackage>
      <ItemPrice>10.90</ItemPrice>
      <UnitOfMeasurePrice>4.36</UnitOfMeasurePrice>
      <AllowDiscount>1</AllowDiscount>
      <itemStatus>1</itemStatus>
      <LastUpdateDate />
      <LastUpdateTime />
    </Product>
    <Product>
      <PriceUpdateDate>2017/12/24 12:06</PriceUpdateDate>
      <ItemCode>8076808150072</ItemCode>
      <ItemType>1</ItemType>
      <ItemName>ספגטי מספר 7 ברילה (500 גרם)</ItemName>
      <ManufactureName>ש.שסטוביץ בעמ</ManufactureName>
      <ManufactureCountry />
      <ManufactureItemDescription />
      <UnitQty>יח`</UnitQty>
      <Quantity>500</Quantity>
      <UnitMeasure>גרם</UnitMeasure>
      <BisWeighted>0</BisWeighted>
      <QtyInPackage>1</QtyInPackage>
      <ItemPrice>5.90</ItemPrice>
      <UnitOfMeasurePrice>1.18</UnitOfMeasurePrice>
      <AllowDiscount>1</AllowDiscount>
      <itemStatus>1</itemStatus>
      <LastUpdateDate />
      <LastUpdateTime />
    </Product>
    <Product>
      <PriceUpdateDate>2017/12/24 12:06</PriceUpdateDate>
      <ItemCode>8076809512268</ItemCode>
      <ItemType>1</ItemType>
      <ItemName>גירנדולה טורסדס מספר 34 ברילה (500 גרם)</ItemName>
      <ManufactureName>ש.שסטוביץ בעמ</ManufactureName>
      <ManufactureCountry />
      <ManufactureItemDescription />
      <UnitQty>יח`</UnitQty>
      <Quantity>500</Quantity>
      <UnitMeasure>גרם</UnitMeasure>
      <BisWeighted>0</BisWeighted>
      <QtyInPackage>1</QtyInPackage>
      <ItemPrice>5.90</ItemPrice>
      <UnitOfMeasurePrice>1.18</UnitOfMeasurePrice>
      <AllowDiscount>1</AllowDiscount>
      <itemStatus>1</itemStatus>
      <LastUpdateDate />
      <LastUpdateTime />
    </Product>
    <Product>
      <PriceUpdateDate>2015/10/08 08:23</PriceUpdateDate>
      <ItemCode>8076809513388</ItemCode>
      <ItemType>1</ItemType>
      <ItemName>רוטב פסטה ארביאטה ברילה (400 גרם)</ItemName>
      <ManufactureName>ש.שסטוביץ בעמ</ManufactureName>
      <ManufactureCountry />
      <ManufactureItemDescription />
      <UnitQty>יח`</UnitQty>
      <Quantity>400</Quantity>
      <UnitMeasure>גרם</UnitMeasure>
      <BisWeighted>0</BisWeighted>
      <QtyInPackage>1</QtyInPackage>
      <ItemPrice>13.90</ItemPrice>
      <UnitOfMeasurePrice>3.48</UnitOfMeasurePrice>
      <AllowDiscount>1</AllowDiscount>
      <itemStatus>1</itemStatus>
      <LastUpdateDate />
      <LastUpdateTime />
    </Product>
    <Product>
      <PriceUpdateDate>2016/01/12 08:18</PriceUpdateDate>
      <ItemCode>8076809514774</ItemCode>
      <ItemType>1</ItemType>
      <ItemName>פרפנדלה ברילה (250 גרם)</ItemName>
      <ManufactureName>ש.שסטוביץ בעמ</ManufactureName>
      <ManufactureCountry />
      <ManufactureItemDescription />
      <UnitQty>יח`</UnitQty>
      <Quantity>250</Quantity>
      <UnitMeasure>גרם</UnitMeasure>
      <BisWeighted>0</BisWeighted>
      <QtyInPackage>1</QtyInPackage>
      <ItemPrice>14.90</ItemPrice>
      <UnitOfMeasurePrice>5.96</UnitOfMeasurePrice>
      <AllowDiscount>0</AllowDiscount>
      <itemStatus>1</itemStatus>
      <LastUpdateDate />
      <LastUpdateTime />
    </Product>
    <Product>
      <PriceUpdateDate>2015/10/08 08:23</PriceUpdateDate>
      <ItemCode>8076809523561</ItemCode>
      <ItemType>1</ItemType>
      <ItemName>רוטב לפסטה טוסקנה ברילה (400 גרם)</ItemName>
      <ManufactureName>ש.שסטוביץ בעמ</ManufactureName>
      <ManufactureCountry />
      <ManufactureItemDescription />
      <UnitQty>יח`</UnitQty>
      <Quantity>400</Quantity>
      <UnitMeasure>גרם</UnitMeasure>
      <BisWeighted>0</BisWeighted>
      <QtyInPackage>1</QtyInPackage>
      <ItemPrice>13.90</ItemPrice>
      <UnitOfMeasurePrice>3.48</UnitOfMeasurePrice>
      <AllowDiscount>1</AllowDiscount>
      <itemStatus>1</itemStatus>
      <LastUpdateDate />
      <LastUpdateTime />
    </Product>
    <Product>
      <PriceUpdateDate>2016/04/10 16:52</PriceUpdateDate>
      <ItemCode>8076809523738</ItemCode>
      <ItemType>1</ItemType>
      <ItemName>לזניה ברילה (500 גרם)</ItemName>
      <ManufactureName>ש.שסטוביץ בעמ</ManufactureName>
      <ManufactureCountry />
      <ManufactureItemDescription />
      <UnitQty>יח`</UnitQty>
      <Quantity>500</Quantity>
      <UnitMeasure>גרם</UnitMeasure>
      <BisWeighted>0</BisWeighted>
      <QtyInPackage>1</QtyInPackage>
      <ItemPrice>17.90</ItemPrice>
      <UnitOfMeasurePrice>3.58</UnitOfMeasurePrice>
      <AllowDiscount>1</AllowDiscount>
      <itemStatus>1</itemStatus>
      <LastUpdateDate />
      <LastUpdateTime />
    </Product>
    <Product>
      <PriceUpdateDate>2018/02/11 11:50</PriceUpdateDate>
      <ItemCode>8076809529419</ItemCode>
      <ItemType>1</ItemType>
      <ItemName>ספגטי חיטה מלאה ברילה (500 גרם)</ItemName>
      <ManufactureName>ש.שסטוביץ בעמ</ManufactureName>
      <ManufactureCountry />
      <ManufactureItemDescription />
      <UnitQty>יח`</UnitQty>
      <Quantity>500</Quantity>
      <UnitMeasure>גרם</UnitMeasure>
      <BisWeighted>0</BisWeighted>
      <QtyInPackage>1</QtyInPackage>
      <ItemPrice>12.90</ItemPrice>
      <UnitOfMeasurePrice>2.58</UnitOfMeasurePrice>
      <AllowDiscount>0</AllowDiscount>
      <itemStatus>1</itemStatus>
      <LastUpdateDate />
      <LastUpdateTime />
    </Product>
    <Product>
      <PriceUpdateDate>2019/05/20 16:55</PriceUpdateDate>
      <ItemCode>8076809572569</ItemCode>
      <ItemType>1</ItemType>
      <ItemName>רוטב פסטו 195  גר`ברילה</ItemName>
      <ManufactureName>ש.שסטוביץ בעמ</ManufactureName>
      <ManufactureCountry />
      <ManufactureItemDescription />
      <UnitQty>יח`</UnitQty>
      <Quantity>195</Quantity>
      <UnitMeasure>גרם</UnitMeasure>
      <BisWeighted>0</BisWeighted>
      <QtyInPackage>1</QtyInPackage>
      <ItemPrice>13.90</ItemPrice>
      <UnitOfMeasurePrice>7.13</UnitOfMeasurePrice>
      <AllowDiscount>0</AllowDiscount>
      <itemStatus>1</itemStatus>
      <LastUpdateDate />
      <LastUpdateTime />
    </Product>
    <Product>
      <PriceUpdateDate>2016/06/03 08:58</PriceUpdateDate>
      <ItemCode>8410076610379</ItemCode>
      <ItemType>1</ItemType>
      <ItemName>נייטשר וואלי פרוטאין בוטנים ושבבי שוקולד</ItemName>
      <ManufactureName>ליימן שליסל בעמ</ManufactureName>
      <ManufactureCountry />
      <ManufactureItemDescription />
      <UnitQty>יח`</UnitQty>
      <Quantity>210</Quantity>
      <UnitMeasure>גרם</UnitMeasure>
      <BisWeighted>0</BisWeighted>
      <QtyInPackage>1</QtyInPackage>
      <ItemPrice>24.90</ItemPrice>
      <UnitOfMeasurePrice>11.86</UnitOfMeasurePrice>
      <AllowDiscount>1</AllowDiscount>
      <itemStatus>1</itemStatus>
      <LastUpdateDate />
      <LastUpdateTime />
    </Product>
    <Product>
      <PriceUpdateDate>2016/04/24 08:34</PriceUpdateDate>
      <ItemCode>8410076620057</ItemCode>
      <ItemType>1</ItemType>
      <ItemName>חטיף פייבר 1 בטעם שוקולד 120גרם</ItemName>
      <ManufactureName>ליימן שליסל בעמ</ManufactureName>
      <ManufactureCountry />
      <ManufactureItemDescription />
      <UnitQty>יח`</UnitQty>
      <Quantity>1</Quantity>
      <UnitMeasure />
      <BisWeighted>0</BisWeighted>
      <QtyInPackage>1</QtyInPackage>
      <ItemPrice>19.90</ItemPrice>
      <UnitOfMeasurePrice>19.90</UnitOfMeasurePrice>
      <AllowDiscount>1</AllowDiscount>
      <itemStatus>1</itemStatus>
      <LastUpdateDate />
      <LastUpdateTime />
    </Product>
    <Product>
      <PriceUpdateDate>2019/10/23 09:41</PriceUpdateDate>
      <ItemCode>8410076620361</ItemCode>
      <ItemType>1</ItemType>
      <ItemName>נייטשר וואלי חטיף ממולא נאט קרים שיבולת</ItemName>
      <ManufactureName>ליימן שליסל בעמ</ManufactureName>
      <ManufactureCountry />
      <ManufactureItemDescription />
      <UnitQty>יח`</UnitQty>
      <Quantity>190</Quantity>
      <UnitMeasure>גרם</UnitMeasure>
      <BisWeighted>0</BisWeighted>
      <QtyInPackage>1</QtyInPackage>
      <ItemPrice>19.90</ItemPrice>
      <UnitOfMeasurePrice>10.47</UnitOfMeasurePrice>
      <AllowDiscount>1</AllowDiscount>
      <itemStatus>1</itemStatus>
      <LastUpdateDate />
      <LastUpdateTime />
    </Product>
    <Product>
      <PriceUpdateDate>2019/08/08 08:24</PriceUpdateDate>
      <ItemCode>8410076620941</ItemCode>
      <ItemType>1</ItemType>
      <ItemName>נייטשר וואלי 210 גר` נאט קרים קאפס אגוזי</ItemName>
      <ManufactureName>ליימן שליסל בעמ</ManufactureName>
      <ManufactureCountry />
      <ManufactureItemDescription />
      <UnitQty>יח`</UnitQty>
      <Quantity>140</Quantity>
      <UnitMeasure>גרם</UnitMeasure>
      <BisWeighted>0</BisWeighted>
      <QtyInPackage>1</QtyInPackage>
      <ItemPrice>19.90</ItemPrice>
      <UnitOfMeasurePrice>14.21</UnitOfMeasurePrice>
      <AllowDiscount>1</AllowDiscount>
      <itemStatus>1</itemStatus>
      <LastUpdateDate />
      <LastUpdateTime />
    </Product>
    <Product>
      <PriceUpdateDate>2020/02/02 13:13</PriceUpdateDate>
      <ItemCode>8410104511340</ItemCode>
      <ItemType>1</ItemType>
      <ItemName>רצועות שעווה מוכנות לעור יבש ויט) (12</ItemName>
      <ManufactureName>רקיט בנקיזר (ניר איסט) בעמ</ManufactureName>
      <ManufactureCountry />
      <ManufactureItemDescription />
      <UnitQty>יח`</UnitQty>
      <Quantity>1</Quantity>
      <UnitMeasure>יח`</UnitMeasure>
      <BisWeighted>0</BisWeighted>
      <QtyInPackage>1</QtyInPackage>
      <ItemPrice>24.90</ItemPrice>
      <UnitOfMeasurePrice>24.90</UnitOfMeasurePrice>
      <AllowDiscount>1</AllowDiscount>
      <itemStatus>1</itemStatus>
      <LastUpdateDate />
      <LastUpdateTime />
    </Product>
    <Product>
      <PriceUpdateDate>2016/01/20 14:44</PriceUpdateDate>
      <ItemCode>8410644611210</ItemCode>
      <ItemType>1</ItemType>
      <ItemName>קאווה חצי יבשה וידה של סגל (750 מל)</ItemName>
      <ManufactureName>טמפו משקאות בעמ</ManufactureName>
      <ManufactureCountry />
      <ManufactureItemDescription />
      <UnitQty>יח`</UnitQty>
      <Quantity>750</Quantity>
      <UnitMeasure>מ"ל</UnitMeasure>
      <BisWeighted>0</BisWeighted>
      <QtyInPackage>1</QtyInPackage>
      <ItemPrice>30.90</ItemPrice>
      <UnitOfMeasurePrice>4.08</UnitOfMeasurePrice>
      <AllowDiscount>1</AllowDiscount>
      <itemStatus>1</itemStatus>
      <LastUpdateDate />
      <LastUpdateTime />
    </Product>
    <Product>
      <PriceUpdateDate>2017/12/04 09:43</PriceUpdateDate>
      <ItemCode>8413376024839</ItemCode>
      <ItemType>1</ItemType>
      <ItemName>גבינת עיזים רכה עם עשבי תיבול 29% שומן</ItemName>
      <ManufactureName>ג.וילי-פוד אינטרנשיונל בעמ</ManufactureName>
      <ManufactureCountry />
      <ManufactureItemDescription />
      <UnitQty>יח`</UnitQty>
      <Quantity>110</Quantity>
      <UnitMeasure>גרם</UnitMeasure>
      <BisWeighted>0</BisWeighted>
      <QtyInPackage>1</QtyInPackage>
      <ItemPrice>14.90</ItemPrice>
      <UnitOfMeasurePrice>13.55</UnitOfMeasurePrice>
      <AllowDiscount>1</AllowDiscount>
      <itemStatus>1</itemStatus>
      <LastUpdateDate />
      <LastUpdateTime />
    </Product>
    <Product>
      <PriceUpdateDate>2019/02/03 12:43</PriceUpdateDate>
      <ItemCode>8423207206488</ItemCode>
      <ItemType>1</ItemType>
      <ItemName>מרבה סלים דליס שוקולד חלב</ItemName>
      <ManufactureName>ש.שסטוביץ בעמ</ManufactureName>
      <ManufactureCountry />
      <ManufactureItemDescription />
      <UnitQty>יח`</UnitQty>
      <Quantity>120</Quantity>
      <UnitMeasure>גרם</UnitMeasure>
      <BisWeighted>0</BisWeighted>
      <QtyInPackage>1</QtyInPackage>
      <ItemPrice>10.90</ItemPrice>
      <UnitOfMeasurePrice>9.08</UnitOfMeasurePrice>
      <AllowDiscount>1</AllowDiscount>
      <itemStatus>1</itemStatus>
      <LastUpdateDate />
      <LastUpdateTime />
    </Product>
    <Product>
      <PriceUpdateDate>2019/02/03 12:43</PriceUpdateDate>
      <ItemCode>8423207207362</ItemCode>
      <ItemType>1</ItemType>
      <ItemName>מרבה סלים דליס</ItemName>
      <ManufactureName>ש.שסטוביץ בעמ</ManufactureName>
      <ManufactureCountry />
      <ManufactureItemDescription />
      <UnitQty>יח`</UnitQty>
      <Quantity>120</Quantity>
      <UnitMeasure>גרם</UnitMeasure>
      <BisWeighted>0</BisWeighted>
      <QtyInPackage>1</QtyInPackage>
      <ItemPrice>10.90</ItemPrice>
      <UnitOfMeasurePrice>9.08</UnitOfMeasurePrice>
      <AllowDiscount>1</AllowDiscount>
      <itemStatus>1</itemStatus>
      <LastUpdateDate />
      <LastUpdateTime />
    </Product>
    <Product>
      <PriceUpdateDate>2019/02/03 12:43</PriceUpdateDate>
      <ItemCode>8423207208680</ItemCode>
      <ItemType>1</ItemType>
      <ItemName>סלים דליס לילדים עם שוקולד חלבי</ItemName>
      <ManufactureName>ש.שסטוביץ בעמ</ManufactureName>
      <ManufactureCountry />
      <ManufactureItemDescription />
      <UnitQty>יח`</UnitQty>
      <Quantity>78</Quantity>
      <UnitMeasure>גרם</UnitMeasure>
      <BisWeighted>0</BisWeighted>
      <QtyInPackage>1</QtyInPackage>
      <ItemPrice>10.90</ItemPrice>
      <UnitOfMeasurePrice>13.97</UnitOfMeasurePrice>
      <AllowDiscount>1</AllowDiscount>
      <itemStatus>1</itemStatus>
      <LastUpdateDate />
      <LastUpdateTime />
    </Product>
    <Product>
      <PriceUpdateDate>2019/02/03 12:43</PriceUpdateDate>
      <ItemCode>8423207208703</ItemCode>
      <ItemType>1</ItemType>
      <ItemName>סלים דליס מהדורה מיוחדת עם שוקולד מריר</ItemName>
      <ManufactureName>ש.שסטוביץ בעמ</ManufactureName>
      <ManufactureCountry />
      <ManufactureItemDescription />
      <UnitQty>יח`</UnitQty>
      <Quantity>78</Quantity>
      <UnitMeasure>גרם</UnitMeasure>
      <BisWeighted>0</BisWeighted>
      <QtyInPackage>1</QtyInPackage>
      <ItemPrice>10.90</ItemPrice>
      <UnitOfMeasurePrice>13.97</UnitOfMeasurePrice>
      <AllowDiscount>1</AllowDiscount>
      <itemStatus>1</itemStatus>
      <LastUpdateDate />
      <LastUpdateTime />
    </Product>
    <Product>
      <PriceUpdateDate>2018/02/05 11:51</PriceUpdateDate>
      <ItemCode>8423207208871</ItemCode>
      <ItemType>1</ItemType>
      <ItemName>פריכיות תירס טבעי - סלים דליס</ItemName>
      <ManufactureName>גורי מוצרי צריכה (1991) בעמ</ManufactureName>
      <ManufactureCountry />
      <ManufactureItemDescription />
      <UnitQty>יח`</UnitQty>
      <Quantity>130</Quantity>
      <UnitMeasure>גרם</UnitMeasure>
      <BisWeighted>0</BisWeighted>
      <QtyInPackage>1</QtyInPackage>
      <ItemPrice>12.90</ItemPrice>
      <UnitOfMeasurePrice>9.92</UnitOfMeasurePrice>
      <AllowDiscount>1</AllowDiscount>
      <itemStatus>1</itemStatus>
      <LastUpdateDate />
      <LastUpdateTime />
    </Product>
    <Product>
      <PriceUpdateDate>2018/02/05 11:51</PriceUpdateDate>
      <ItemCode>8423207208888</ItemCode>
      <ItemType>1</ItemType>
      <ItemName>פריכיות תירס בטעם עגבניות עשבי תיבול כש</ItemName>
      <ManufactureName>גורי מוצרי צריכה (1991) בעמ</ManufactureName>
      <ManufactureCountry />
      <ManufactureItemDescription />
      <UnitQty>יח`</UnitQty>
      <Quantity>123</Quantity>
      <UnitMeasure>גרם</UnitMeasure>
      <BisWeighted>0</BisWeighted>
      <QtyInPackage>1</QtyInPackage>
      <ItemPrice>12.90</ItemPrice>
      <UnitOfMeasurePrice>10.49</UnitOfMeasurePrice>
      <AllowDiscount>1</AllowDiscount>
      <itemStatus>1</itemStatus>
      <LastUpdateDate />
      <LastUpdateTime />
    </Product>
    <Product>
      <PriceUpdateDate>2018/02/05 11:51</PriceUpdateDate>
      <ItemCode>8423207208895</ItemCode>
      <ItemType>1</ItemType>
      <ItemName>פריכיות תירס זיתים ועירית כשלפ סלים דלי</ItemName>
      <ManufactureName>גורי מוצרי צריכה (1991) בעמ</ManufactureName>
      <ManufactureCountry />
      <ManufactureItemDescription />
      <UnitQty>יח`</UnitQty>
      <Quantity>123</Quantity>
      <UnitMeasure>גרם</UnitMeasure>
      <BisWeighted>0</BisWeighted>
      <QtyInPackage>1</QtyInPackage>
      <ItemPrice>12.90</ItemPrice>
      <UnitOfMeasurePrice>10.49</UnitOfMeasurePrice>
      <AllowDiscount>1</AllowDiscount>
      <itemStatus>1</itemStatus>
      <LastUpdateDate />
      <LastUpdateTime />
    </Product>
    <Product>
      <PriceUpdateDate>2019/02/03 12:43</PriceUpdateDate>
      <ItemCode>8423207209885</ItemCode>
      <ItemType>1</ItemType>
      <ItemName>סלים דליס מהדורה מיוחדת עם שוקולד חלב</ItemName>
      <ManufactureName>ש.שסטוביץ בעמ</ManufactureName>
      <ManufactureCountry />
      <ManufactureItemDescription />
      <UnitQty>יח`</UnitQty>
      <Quantity>120</Quantity>
      <UnitMeasure>גרם</UnitMeasure>
      <BisWeighted>0</BisWeighted>
      <QtyInPackage>1</QtyInPackage>
      <ItemPrice>10.90</ItemPrice>
      <UnitOfMeasurePrice>9.08</UnitOfMeasurePrice>
      <AllowDiscount>1</AllowDiscount>
      <itemStatus>1</itemStatus>
      <LastUpdateDate />
      <LastUpdateTime />
    </Product>
    <Product>
      <PriceUpdateDate>2019/02/03 12:43</PriceUpdateDate>
      <ItemCode>8423207210287</ItemCode>
      <ItemType>1</ItemType>
      <ItemName>מרבה סלים דליס שוקולד לבן בטעם יוגורט</ItemName>
      <ManufactureName>ש.שסטוביץ בעמ</ManufactureName>
      <ManufactureCountry />
      <ManufactureItemDescription />
      <UnitQty>יח`</UnitQty>
      <Quantity>120</Quantity>
      <UnitMeasure>גרם</UnitMeasure>
      <BisWeighted>0</BisWeighted>
      <QtyInPackage>1</QtyInPackage>
      <ItemPrice>10.90</ItemPrice>
      <UnitOfMeasurePrice>9.08</UnitOfMeasurePrice>
      <AllowDiscount>1</AllowDiscount>
      <itemStatus>1</itemStatus>
      <LastUpdateDate />
      <LastUpdateTime />
    </Product>
    <Product>
      <PriceUpdateDate>2017/02/20 08:33</PriceUpdateDate>
      <ItemCode>8425206000081</ItemCode>
      <ItemType>1</ItemType>
      <ItemName>מרדל ריבת חלב 450 גר</ItemName>
      <ManufactureName>גורי מוצרי צריכה (1991) בעמ</ManufactureName>
      <ManufactureCountry />
      <ManufactureItemDescription />
      <UnitQty>יח`</UnitQty>
      <Quantity>450</Quantity>
      <UnitMeasure>גרם</UnitMeasure>
      <BisWeighted>0</BisWeighted>
      <QtyInPackage>1</QtyInPackage>
      <ItemPrice>19.90</ItemPrice>
      <UnitOfMeasurePrice>4.42</UnitOfMeasurePrice>
      <AllowDiscount>1</AllowDiscount>
      <itemStatus>1</itemStatus>
      <LastUpdateDate />
      <LastUpdateTime />
    </Product>
    <Product>
      <PriceUpdateDate>2018/11/14 08:32</PriceUpdateDate>
      <ItemCode>8425206000272</ItemCode>
      <ItemType>1</ItemType>
      <ItemName>סירופ בטעם ריבת חלב 550 גר`</ItemName>
      <ManufactureName>גורי מוצרי צריכה (1991) בעמ</ManufactureName>
      <ManufactureCountry />
      <ManufactureItemDescription />
      <UnitQty>יח`</UnitQty>
      <Quantity>550</Quantity>
      <UnitMeasure>גרם</UnitMeasure>
      <BisWeighted>0</BisWeighted>
      <QtyInPackage>1</QtyInPackage>
      <ItemPrice>19.90</ItemPrice>
      <UnitOfMeasurePrice>3.62</UnitOfMeasurePrice>
      <AllowDiscount>1</AllowDiscount>
      <itemStatus>1</itemStatus>
      <LastUpdateDate />
      <LastUpdateTime />
    </Product>
    <Product>
      <PriceUpdateDate>2018/05/13 11:10</PriceUpdateDate>
      <ItemCode>8435495805168</ItemCode>
      <ItemType>1</ItemType>
      <ItemName>תינוקלין 1.25 קג`</ItemName>
      <ManufactureName>ליימן שליסל בעמ</ManufactureName>
      <ManufactureCountry />
      <ManufactureItemDescription />
      <UnitQty>יח`</UnitQty>
      <Quantity>1.25</Quantity>
      <UnitMeasure>ק"ג</UnitMeasure>
      <BisWeighted>0</BisWeighted>
      <QtyInPackage>1</QtyInPackage>
      <ItemPrice>21.90</ItemPrice>
      <UnitOfMeasurePrice>17.52</UnitOfMeasurePrice>
      <AllowDiscount>0</AllowDiscount>
      <itemStatus>1</itemStatus>
      <LastUpdateDate />
      <LastUpdateTime />
    </Product>
    <Product>
      <PriceUpdateDate>2018/12/09 11:31</PriceUpdateDate>
      <ItemCode>8435495807575</ItemCode>
      <ItemType>1</ItemType>
      <ItemName>תינוקלין מרכך כביסה 1 ליטר FRESH a GENTE</ItemName>
      <ManufactureName>ליימן שליסל בעמ</ManufactureName>
      <ManufactureCountry />
      <ManufactureItemDescription />
      <UnitQty>יח`</UnitQty>
      <Quantity>1</Quantity>
      <UnitMeasure />
      <BisWeighted>0</BisWeighted>
      <QtyInPackage>1</QtyInPackage>
      <ItemPrice>19.90</ItemPrice>
      <UnitOfMeasurePrice>19.90</UnitOfMeasurePrice>
      <AllowDiscount>0</AllowDiscount>
      <itemStatus>1</itemStatus>
      <LastUpdateDate />
      <LastUpdateTime />
    </Product>
    <Product>
      <PriceUpdateDate>2016/07/25 07:59</PriceUpdateDate>
      <ItemCode>8593838987831</ItemCode>
      <ItemType>1</ItemType>
      <ItemName>רקסונה כותנה ספריי 150 מל</ItemName>
      <ManufactureName>יוניליוור ישראל שיווק בעמ</ManufactureName>
      <ManufactureCountry />
      <ManufactureItemDescription />
      <UnitQty>יח`</UnitQty>
      <Quantity>150</Quantity>
      <UnitMeasure>מ"ל</UnitMeasure>
      <BisWeighted>0</BisWeighted>
      <QtyInPackage>1</QtyInPackage>
      <ItemPrice>14.90</ItemPrice>
      <UnitOfMeasurePrice>9.93</UnitOfMeasurePrice>
      <AllowDiscount>0</AllowDiscount>
      <itemStatus>1</itemStatus>
      <LastUpdateDate />
      <LastUpdateTime />
    </Product>
    <Product>
      <PriceUpdateDate>2020/02/23 08:47</PriceUpdateDate>
      <ItemCode>8683323041206</ItemCode>
      <ItemType>1</ItemType>
      <ItemName>יוגטה גומי 250 גרם ממולאות בצורת מקלות</ItemName>
      <ManufactureName>ליימן שליסל בעמ</ManufactureName>
      <ManufactureCountry />
      <ManufactureItemDescription />
      <UnitQty>יח`</UnitQty>
      <Quantity>250</Quantity>
      <UnitMeasure>גרם</UnitMeasure>
      <BisWeighted>0</BisWeighted>
      <QtyInPackage>1</QtyInPackage>
      <ItemPrice>7.90</ItemPrice>
      <UnitOfMeasurePrice>3.16</UnitOfMeasurePrice>
      <AllowDiscount>1</AllowDiscount>
      <itemStatus>1</itemStatus>
      <LastUpdateDate />
      <LastUpdateTime />
    </Product>
    <Product>
      <PriceUpdateDate>2017/01/23 07:58</PriceUpdateDate>
      <ItemCode>8683323063024</ItemCode>
      <ItemType>1</ItemType>
      <ItemName>יוגטה שטיחים תותי פרוטי 220 גר`</ItemName>
      <ManufactureName>ליימן שליסל בעמ</ManufactureName>
      <ManufactureCountry />
      <ManufactureItemDescription />
      <UnitQty>יח`</UnitQty>
      <Quantity>220</Quantity>
      <UnitMeasure>גרם</UnitMeasure>
      <BisWeighted>0</BisWeighted>
      <QtyInPackage>1</QtyInPackage>
      <ItemPrice>7.90</ItemPrice>
      <UnitOfMeasurePrice>3.59</UnitOfMeasurePrice>
      <AllowDiscount>1</AllowDiscount>
      <itemStatus>1</itemStatus>
      <LastUpdateDate />
      <LastUpdateTime />
    </Product>
    <Product>
      <PriceUpdateDate>2013/12/02 12:30</PriceUpdateDate>
      <ItemCode>8686868600051</ItemCode>
      <ItemType>1</ItemType>
      <ItemName>אביזרי שיער</ItemName>
      <ManufactureName>אל האופק שיווק וסחר</ManufactureName>
      <ManufactureCountry />
      <ManufactureItemDescription />
      <UnitQty>יח`</UnitQty>
      <Quantity>1</Quantity>
      <UnitMeasure />
      <BisWeighted>0</BisWeighted>
      <QtyInPackage>1</QtyInPackage>
      <ItemPrice>7.90</ItemPrice>
      <UnitOfMeasurePrice>7.90</UnitOfMeasurePrice>
      <AllowDiscount>0</AllowDiscount>
      <itemStatus>1</itemStatus>
      <LastUpdateDate />
      <LastUpdateTime />
    </Product>
    <Product>
      <PriceUpdateDate>2013/12/02 12:30</PriceUpdateDate>
      <ItemCode>8686868600075</ItemCode>
      <ItemType>1</ItemType>
      <ItemName>אביזרי שיער סיכות פפיון גדולות</ItemName>
      <ManufactureName>אל האופק שיווק וסחר</ManufactureName>
      <ManufactureCountry />
      <ManufactureItemDescription />
      <UnitQty>יח`</UnitQty>
      <Quantity>1</Quantity>
      <UnitMeasure />
      <BisWeighted>0</BisWeighted>
      <QtyInPackage>1</QtyInPackage>
      <ItemPrice>9.90</ItemPrice>
      <UnitOfMeasurePrice>9.90</UnitOfMeasurePrice>
      <AllowDiscount>0</AllowDiscount>
      <itemStatus>1</itemStatus>
      <LastUpdateDate />
      <LastUpdateTime />
    </Product>
    <Product>
      <PriceUpdateDate>2013/12/02 12:30</PriceUpdateDate>
      <ItemCode>8686868600099</ItemCode>
      <ItemType>1</ItemType>
      <ItemName>אביזרי שיער</ItemName>
      <ManufactureName>אל האופק שיווק וסחר</ManufactureName>
      <ManufactureCountry />
      <ManufactureItemDescription />
      <UnitQty>יח`</UnitQty>
      <Quantity>1</Quantity>
      <UnitMeasure />
      <BisWeighted>0</BisWeighted>
      <QtyInPackage>1</QtyInPackage>
      <ItemPrice>11.90</ItemPrice>
      <UnitOfMeasurePrice>11.90</UnitOfMeasurePrice>
      <AllowDiscount>0</AllowDiscount>
      <itemStatus>1</itemStatus>
      <LastUpdateDate />
      <LastUpdateTime />
    </Product>
    <Product>
      <PriceUpdateDate>2013/12/02 12:30</PriceUpdateDate>
      <ItemCode>8686868600105</ItemCode>
      <ItemType>1</ItemType>
      <ItemName>אביזרי שיער</ItemName>
      <ManufactureName>אל האופק שיווק וסחר</ManufactureName>
      <ManufactureCountry />
      <ManufactureItemDescription />
      <UnitQty>יח`</UnitQty>
      <Quantity>1</Quantity>
      <UnitMeasure />
      <BisWeighted>0</BisWeighted>
      <QtyInPackage>1</QtyInPackage>
      <ItemPrice>12.90</ItemPrice>
      <UnitOfMeasurePrice>12.90</UnitOfMeasurePrice>
      <AllowDiscount>0</AllowDiscount>
      <itemStatus>1</itemStatus>
      <LastUpdateDate />
      <LastUpdateTime />
    </Product>
    <Product>
      <PriceUpdateDate>2013/12/02 12:30</PriceUpdateDate>
      <ItemCode>8686868600129</ItemCode>
      <ItemType>1</ItemType>
      <ItemName>אביזרי שיער</ItemName>
      <ManufactureName>אל האופק שיווק וסחר</ManufactureName>
      <ManufactureCountry />
      <ManufactureItemDescription />
      <UnitQty>יח`</UnitQty>
      <Quantity>1</Quantity>
      <UnitMeasure />
      <BisWeighted>0</BisWeighted>
      <QtyInPackage>1</QtyInPackage>
      <ItemPrice>14.90</ItemPrice>
      <UnitOfMeasurePrice>14.90</UnitOfMeasurePrice>
      <AllowDiscount>0</AllowDiscount>
      <itemStatus>1</itemStatus>
      <LastUpdateDate />
      <LastUpdateTime />
    </Product>
    <Product>
      <PriceUpdateDate>2013/12/02 14:04</PriceUpdateDate>
      <ItemCode>8686868600136</ItemCode>
      <ItemType>1</ItemType>
      <ItemName>אביזרי שיער</ItemName>
      <ManufactureName>אל האופק שיווק וסחר</ManufactureName>
      <ManufactureCountry />
      <ManufactureItemDescription />
      <UnitQty>יח`</UnitQty>
      <Quantity>1</Quantity>
      <UnitMeasure />
      <BisWeighted>0</BisWeighted>
      <QtyInPackage>1</QtyInPackage>
      <ItemPrice>15.90</ItemPrice>
      <UnitOfMeasurePrice>15.90</UnitOfMeasurePrice>
      <AllowDiscount>0</AllowDiscount>
      <itemStatus>1</itemStatus>
      <LastUpdateDate />
      <LastUpdateTime />
    </Product>
    <Product>
      <PriceUpdateDate>2014/08/10 11:20</PriceUpdateDate>
      <ItemCode>8690637041129</ItemCode>
      <ItemType>1</ItemType>
      <ItemName>דאב שמפו משקם 400 מל</ItemName>
      <ManufactureName>יוניליוור ישראל שיווק בעמ</ManufactureName>
      <ManufactureCountry />
      <ManufactureItemDescription />
      <UnitQty>יח`</UnitQty>
      <Quantity>400</Quantity>
      <UnitMeasure>מ"ל</UnitMeasure>
      <BisWeighted>0</BisWeighted>
      <QtyInPackage>1</QtyInPackage>
      <ItemPrice>15.90</ItemPrice>
      <UnitOfMeasurePrice>3.98</UnitOfMeasurePrice>
      <AllowDiscount>1</AllowDiscount>
      <itemStatus>1</itemStatus>
      <LastUpdateDate />
      <LastUpdateTime />
    </Product>
    <Product>
      <PriceUpdateDate>2017/05/04 07:47</PriceUpdateDate>
      <ItemCode>8690637555084</ItemCode>
      <ItemType>1</ItemType>
      <ItemName>בדין אקסטרא פריחת התפוז 960 מל</ItemName>
      <ManufactureName>יוניליוור ישראל שיווק בעמ</ManufactureName>
      <ManufactureCountry />
      <ManufactureItemDescription />
      <UnitQty>יח`</UnitQty>
      <Quantity>960</Quantity>
      <UnitMeasure>מ"ל</UnitMeasure>
      <BisWeighted>0</BisWeighted>
      <QtyInPackage>1</QtyInPackage>
      <ItemPrice>16.90</ItemPrice>
      <UnitOfMeasurePrice>1.76</UnitOfMeasurePrice>
      <AllowDiscount>1</AllowDiscount>
      <itemStatus>1</itemStatus>
      <LastUpdateDate />
      <LastUpdateTime />
    </Product>
    <Product>
      <PriceUpdateDate>2016/06/05 15:29</PriceUpdateDate>
      <ItemCode>8690637561061</ItemCode>
      <ItemType>1</ItemType>
      <ItemName>דאודורנט סטיק ללא סימן דאב (50 גרם)</ItemName>
      <ManufactureName>יוניליוור ישראל שיווק בעמ</ManufactureName>
      <ManufactureCountry />
      <ManufactureItemDescription />
      <UnitQty>יח`</UnitQty>
      <Quantity>50</Quantity>
      <UnitMeasure>גרם</UnitMeasure>
      <BisWeighted>0</BisWeighted>
      <QtyInPackage>1</QtyInPackage>
      <ItemPrice>14.90</ItemPrice>
      <UnitOfMeasurePrice>29.80</UnitOfMeasurePrice>
      <AllowDiscount>0</AllowDiscount>
      <itemStatus>1</itemStatus>
      <LastUpdateDate />
      <LastUpdateTime />
    </Product>
    <Product>
      <PriceUpdateDate>2017/04/06 07:50</PriceUpdateDate>
      <ItemCode>8690637799853</ItemCode>
      <ItemType>1</ItemType>
      <ItemName>מאגדת-מיני מגנום דאבל קרמל</ItemName>
      <ManufactureName>גלידות שטראוס בעמ</ManufactureName>
      <ManufactureCountry />
      <ManufactureItemDescription />
      <UnitQty>יח`</UnitQty>
      <Quantity>1</Quantity>
      <UnitMeasure />
      <BisWeighted>0</BisWeighted>
      <QtyInPackage>1</QtyInPackage>
      <ItemPrice>32.90</ItemPrice>
      <UnitOfMeasurePrice>32.90</UnitOfMeasurePrice>
      <AllowDiscount>1</AllowDiscount>
      <itemStatus>1</itemStatus>
      <LastUpdateDate />
      <LastUpdateTime />
    </Product>
    <Product>
      <PriceUpdateDate>2018/04/10 13:56</PriceUpdateDate>
      <ItemCode>8690637842399</ItemCode>
      <ItemType>1</ItemType>
      <ItemName>מאגדת מגנום מיני דאבל פרי יער שוקולד</ItemName>
      <ManufactureName>גלידות שטראוס בעמ</ManufactureName>
      <ManufactureCountry />
      <ManufactureItemDescription />
      <UnitQty>יח`</UnitQty>
      <Quantity>323</Quantity>
      <UnitMeasure>גרם</UnitMeasure>
      <BisWeighted>0</BisWeighted>
      <QtyInPackage>1</QtyInPackage>
      <ItemPrice>32.90</ItemPrice>
      <UnitOfMeasurePrice>10.19</UnitOfMeasurePrice>
      <AllowDiscount>1</AllowDiscount>
      <itemStatus>1</itemStatus>
      <LastUpdateDate />
      <LastUpdateTime />
    </Product>
    <Product>
      <PriceUpdateDate>2018/10/18 08:33</PriceUpdateDate>
      <ItemCode>8690637871047</ItemCode>
      <ItemType>1</ItemType>
      <ItemName>דאב שמפו עם שמן קוקוס 600 מל</ItemName>
      <ManufactureName>יוניליוור ישראל שיווק בעמ</ManufactureName>
      <ManufactureCountry />
      <ManufactureItemDescription />
      <UnitQty>יח`</UnitQty>
      <Quantity>600</Quantity>
      <UnitMeasure>מ"ל</UnitMeasure>
      <BisWeighted>0</BisWeighted>
      <QtyInPackage>1</QtyInPackage>
      <ItemPrice>14.90</ItemPrice>
      <UnitOfMeasurePrice>2.48</UnitOfMeasurePrice>
      <AllowDiscount>0</AllowDiscount>
      <itemStatus>1</itemStatus>
      <LastUpdateDate />
      <LastUpdateTime />
    </Product>
    <Product>
      <PriceUpdateDate>2018/10/18 08:33</PriceUpdateDate>
      <ItemCode>8690637871061</ItemCode>
      <ItemType>1</ItemType>
      <ItemName>דאב שמפו עם שמן אבוקדו ותמצית קלנדולה</ItemName>
      <ManufactureName>יוניליוור ישראל שיווק בעמ</ManufactureName>
      <ManufactureCountry />
      <ManufactureItemDescription />
      <UnitQty>יח`</UnitQty>
      <Quantity>600</Quantity>
      <UnitMeasure>מ"ל</UnitMeasure>
      <BisWeighted>0</BisWeighted>
      <QtyInPackage>1</QtyInPackage>
      <ItemPrice>14.90</ItemPrice>
      <UnitOfMeasurePrice>2.48</UnitOfMeasurePrice>
      <AllowDiscount>0</AllowDiscount>
      <itemStatus>1</itemStatus>
      <LastUpdateDate />
      <LastUpdateTime />
    </Product>
    <Product>
      <PriceUpdateDate>2019/08/15 08:35</PriceUpdateDate>
      <ItemCode>8690637871108</ItemCode>
      <ItemType>1</ItemType>
      <ItemName>הלמנס ממרח חרדל 250 גר</ItemName>
      <ManufactureName>יוניליוור ישראל שיווק בעמ</ManufactureName>
      <ManufactureCountry />
      <ManufactureItemDescription />
      <UnitQty>יח`</UnitQty>
      <Quantity>250</Quantity>
      <UnitMeasure>גרם</UnitMeasure>
      <BisWeighted>0</BisWeighted>
      <QtyInPackage>1</QtyInPackage>
      <ItemPrice>11.90</ItemPrice>
      <UnitOfMeasurePrice>4.76</UnitOfMeasurePrice>
      <AllowDiscount>0</AllowDiscount>
      <itemStatus>1</itemStatus>
      <LastUpdateDate />
      <LastUpdateTime />
    </Product>
    <Product>
      <PriceUpdateDate>2019/05/07 16:25</PriceUpdateDate>
      <ItemCode>8690637871245</ItemCode>
      <ItemType>1</ItemType>
      <ItemName>מיונז אמיתי לחיץ הלמנס (395 גרם)</ItemName>
      <ManufactureName>יוניליוור ישראל שיווק בעמ</ManufactureName>
      <ManufactureCountry />
      <ManufactureItemDescription />
      <UnitQty>יח`</UnitQty>
      <Quantity>395</Quantity>
      <UnitMeasure>גרם</UnitMeasure>
      <BisWeighted>0</BisWeighted>
      <QtyInPackage>1</QtyInPackage>
      <ItemPrice>14.90</ItemPrice>
      <UnitOfMeasurePrice>3.77</UnitOfMeasurePrice>
      <AllowDiscount>1</AllowDiscount>
      <itemStatus>1</itemStatus>
      <LastUpdateDate />
      <LastUpdateTime />
    </Product>
    <Product>
      <PriceUpdateDate>2019/02/20 13:23</PriceUpdateDate>
      <ItemCode>8690637906183</ItemCode>
      <ItemType>1</ItemType>
      <ItemName>בדין אקסטרא גלמור 960 מל</ItemName>
      <ManufactureName>יוניליוור ישראל שיווק בעמ</ManufactureName>
      <ManufactureCountry />
      <ManufactureItemDescription />
      <UnitQty>יח`</UnitQty>
      <Quantity>960</Quantity>
      <UnitMeasure>מ"ל</UnitMeasure>
      <BisWeighted>0</BisWeighted>
      <QtyInPackage>1</QtyInPackage>
      <ItemPrice>16.90</ItemPrice>
      <UnitOfMeasurePrice>1.76</UnitOfMeasurePrice>
      <AllowDiscount>1</AllowDiscount>
      <itemStatus>1</itemStatus>
      <LastUpdateDate />
      <LastUpdateTime />
    </Product>
    <Product>
      <PriceUpdateDate>2019/02/20 13:23</PriceUpdateDate>
      <ItemCode>8690637906190</ItemCode>
      <ItemType>1</ItemType>
      <ItemName>בדין אקסטרא אלגנס 960 מל</ItemName>
      <ManufactureName>יוניליוור ישראל שיווק בעמ</ManufactureName>
      <ManufactureCountry />
      <ManufactureItemDescription />
      <UnitQty>יח`</UnitQty>
      <Quantity>960</Quantity>
      <UnitMeasure>מ"ל</UnitMeasure>
      <BisWeighted>0</BisWeighted>
      <QtyInPackage>1</QtyInPackage>
      <ItemPrice>16.90</ItemPrice>
      <UnitOfMeasurePrice>1.76</UnitOfMeasurePrice>
      <AllowDiscount>1</AllowDiscount>
      <itemStatus>1</itemStatus>
      <LastUpdateDate />
      <LastUpdateTime />
    </Product>
    <Product>
      <PriceUpdateDate>2019/08/04 12:56</PriceUpdateDate>
      <ItemCode>8690637916984</ItemCode>
      <ItemType>1</ItemType>
      <ItemName>מרכך שמן לבנדר ותמצית רוזמרין דאב</ItemName>
      <ManufactureName>יוניליוור ישראל שיווק בעמ</ManufactureName>
      <ManufactureCountry />
      <ManufactureItemDescription />
      <UnitQty>יח`</UnitQty>
      <Quantity>600</Quantity>
      <UnitMeasure>מ"ל</UnitMeasure>
      <BisWeighted>0</BisWeighted>
      <QtyInPackage>1</QtyInPackage>
      <ItemPrice>14.90</ItemPrice>
      <UnitOfMeasurePrice>2.48</UnitOfMeasurePrice>
      <AllowDiscount>0</AllowDiscount>
      <itemStatus>1</itemStatus>
      <LastUpdateDate />
      <LastUpdateTime />
    </Product>
    <Product>
      <PriceUpdateDate>2020/02/14 06:23</PriceUpdateDate>
      <ItemCode>8690637935701</ItemCode>
      <ItemType>1</ItemType>
      <ItemName>בדין אקסטרא פריחת הדובדבן ושקדים 960 מל</ItemName>
      <ManufactureName>יוניליוור ישראל שיווק בעמ</ManufactureName>
      <ManufactureCountry />
      <ManufactureItemDescription />
      <UnitQty>יח`</UnitQty>
      <Quantity>960</Quantity>
      <UnitMeasure>מ"ל</UnitMeasure>
      <BisWeighted>0</BisWeighted>
      <QtyInPackage>1</QtyInPackage>
      <ItemPrice>16.90</ItemPrice>
      <UnitOfMeasurePrice>1.76</UnitOfMeasurePrice>
      <AllowDiscount>1</AllowDiscount>
      <itemStatus>1</itemStatus>
      <LastUpdateDate />
      <LastUpdateTime />
    </Product>
    <Product>
      <PriceUpdateDate>2015/06/28 14:11</PriceUpdateDate>
      <ItemCode>8690770322079</ItemCode>
      <ItemType>1</ItemType>
      <ItemName>שמרים יבשים 450 גר` בדצ הנמל</ItemName>
      <ManufactureName>הנמל אריזות ושיווק (1984) בעמ</ManufactureName>
      <ManufactureCountry />
      <ManufactureItemDescription />
      <UnitQty>יח`</UnitQty>
      <Quantity>450</Quantity>
      <UnitMeasure>גרם</UnitMeasure>
      <BisWeighted>0</BisWeighted>
      <QtyInPackage>1</QtyInPackage>
      <ItemPrice>12.90</ItemPrice>
      <UnitOfMeasurePrice>2.87</UnitOfMeasurePrice>
      <AllowDiscount>1</AllowDiscount>
      <itemStatus>1</itemStatus>
      <LastUpdateDate />
      <LastUpdateTime />
    </Product>
    <Product>
      <PriceUpdateDate>2014/08/18 08:46</PriceUpdateDate>
      <ItemCode>8690777202015</ItemCode>
      <ItemType>1</ItemType>
      <ItemName>ירקות כבושים מעורבים 700 גר` ויליפוד</ItemName>
      <ManufactureName>ג.וילי-פוד אינטרנשיונל בעמ</ManufactureName>
      <ManufactureCountry />
      <ManufactureItemDescription />
      <UnitQty>יח`</UnitQty>
      <Quantity>700</Quantity>
      <UnitMeasure>גרם</UnitMeasure>
      <BisWeighted>0</BisWeighted>
      <QtyInPackage>1</QtyInPackage>
      <ItemPrice>12.90</ItemPrice>
      <UnitOfMeasurePrice>1.84</UnitOfMeasurePrice>
      <AllowDiscount>1</AllowDiscount>
      <itemStatus>1</itemStatus>
      <LastUpdateDate />
      <LastUpdateTime />
    </Product>
    <Product>
      <PriceUpdateDate>2014/08/18 08:46</PriceUpdateDate>
      <ItemCode>8690777204071</ItemCode>
      <ItemType>1</ItemType>
      <ItemName>פלפל חריף כבוש סרה (640 גרם)</ItemName>
      <ManufactureName>ג.וילי-פוד אינטרנשיונל בעמ</ManufactureName>
      <ManufactureCountry />
      <ManufactureItemDescription />
      <UnitQty>יח`</UnitQty>
      <Quantity>640</Quantity>
      <UnitMeasure>גרם</UnitMeasure>
      <BisWeighted>0</BisWeighted>
      <QtyInPackage>1</QtyInPackage>
      <ItemPrice>12.90</ItemPrice>
      <UnitOfMeasurePrice>2.02</UnitOfMeasurePrice>
      <AllowDiscount>1</AllowDiscount>
      <itemStatus>1</itemStatus>
      <LastUpdateDate />
      <LastUpdateTime />
    </Product>
    <Product>
      <PriceUpdateDate>2014/05/11 13:22</PriceUpdateDate>
      <ItemCode>8690777206051</ItemCode>
      <ItemType>1</ItemType>
      <ItemName>חציל קלוי על האש סרה (650 גרם)</ItemName>
      <ManufactureName>ג.וילי-פוד אינטרנשיונל בעמ</ManufactureName>
      <ManufactureCountry />
      <ManufactureItemDescription />
      <UnitQty>יח`</UnitQty>
      <Quantity>650</Quantity>
      <UnitMeasure>גרם</UnitMeasure>
      <BisWeighted>0</BisWeighted>
      <QtyInPackage>1</QtyInPackage>
      <ItemPrice>12.90</ItemPrice>
      <UnitOfMeasurePrice>1.98</UnitOfMeasurePrice>
      <AllowDiscount>1</AllowDiscount>
      <itemStatus>1</itemStatus>
      <LastUpdateDate />
      <LastUpdateTime />
    </Product>
    <Product>
      <PriceUpdateDate>2019/06/30 12:20</PriceUpdateDate>
      <ItemCode>8690784312448</ItemCode>
      <ItemType>1</ItemType>
      <ItemName>גלייד מארז אוטומטי מעוצב אקזוטי</ItemName>
      <ManufactureName>דנשר (1963) בעמ</ManufactureName>
      <ManufactureCountry />
      <ManufactureItemDescription />
      <UnitQty>יח`</UnitQty>
      <Quantity>250</Quantity>
      <UnitMeasure>גרם</UnitMeasure>
      <BisWeighted>0</BisWeighted>
      <QtyInPackage>1</QtyInPackage>
      <ItemPrice>44.90</ItemPrice>
      <UnitOfMeasurePrice>17.96</UnitOfMeasurePrice>
      <AllowDiscount>0</AllowDiscount>
      <itemStatus>1</itemStatus>
      <LastUpdateDate />
      <LastUpdateTime />
    </Product>
    <Product>
      <PriceUpdateDate>2018/01/15 08:14</PriceUpdateDate>
      <ItemCode>8690784514880</ItemCode>
      <ItemType>1</ItemType>
      <ItemName>גלייד ספריי אוטמטי מילוי (מילוי בניחוח ו</ItemName>
      <ManufactureName>דנשר (1963) בעמ</ManufactureName>
      <ManufactureCountry />
      <ManufactureItemDescription />
      <UnitQty>יח`</UnitQty>
      <Quantity>269</Quantity>
      <UnitMeasure>מ"ל</UnitMeasure>
      <BisWeighted>0</BisWeighted>
      <QtyInPackage>1</QtyInPackage>
      <ItemPrice>24.90</ItemPrice>
      <UnitOfMeasurePrice>9.26</UnitOfMeasurePrice>
      <AllowDiscount>1</AllowDiscount>
      <itemStatus>1</itemStatus>
      <LastUpdateDate />
      <LastUpdateTime />
    </Product>
    <Product>
      <PriceUpdateDate>2017/12/04 10:06</PriceUpdateDate>
      <ItemCode>8690784516440</ItemCode>
      <ItemType>1</ItemType>
      <ItemName>דאק ג`ל נוזל לניקוי מתקדם בניחוח לבנדר ב</ItemName>
      <ManufactureName>דנשר (1963) בעמ</ManufactureName>
      <ManufactureCountry />
      <ManufactureItemDescription />
      <UnitQty>יח`</UnitQty>
      <Quantity>750</Quantity>
      <UnitMeasure>מ"ל</UnitMeasure>
      <BisWeighted>0</BisWeighted>
      <QtyInPackage>1</QtyInPackage>
      <ItemPrice>10.90</ItemPrice>
      <UnitOfMeasurePrice>1.45</UnitOfMeasurePrice>
      <AllowDiscount>0</AllowDiscount>
      <itemStatus>1</itemStatus>
      <LastUpdateDate />
      <LastUpdateTime />
    </Product>
    <Product>
      <PriceUpdateDate>2018/06/11 19:08</PriceUpdateDate>
      <ItemCode>8690784516662</ItemCode>
      <ItemType>1</ItemType>
      <ItemName>דאק נוזל ג`ל לניקוי עם אקנומיקה מקציפה ב</ItemName>
      <ManufactureName>דנשר (1963) בעמ</ManufactureName>
      <ManufactureCountry />
      <ManufactureItemDescription />
      <UnitQty>יח`</UnitQty>
      <Quantity>1</Quantity>
      <UnitMeasure />
      <BisWeighted>0</BisWeighted>
      <QtyInPackage>1</QtyInPackage>
      <ItemPrice>12.90</ItemPrice>
      <UnitOfMeasurePrice>12.90</UnitOfMeasurePrice>
      <AllowDiscount>1</AllowDiscount>
      <itemStatus>1</itemStatus>
      <LastUpdateDate />
      <LastUpdateTime />
    </Product>
    <Product>
      <PriceUpdateDate>2018/08/08 15:35</PriceUpdateDate>
      <ItemCode>8690784614559</ItemCode>
      <ItemType>1</ItemType>
      <ItemName>דאק סבון ניקוי אסלה בניחוח טרופי</ItemName>
      <ManufactureName>דנשר (1963) בעמ</ManufactureName>
      <ManufactureCountry />
      <ManufactureItemDescription />
      <UnitQty>יח`</UnitQty>
      <Quantity>1</Quantity>
      <UnitMeasure />
      <BisWeighted>0</BisWeighted>
      <QtyInPackage>1</QtyInPackage>
      <ItemPrice>9.90</ItemPrice>
      <UnitOfMeasurePrice>9.90</UnitOfMeasurePrice>
      <AllowDiscount>1</AllowDiscount>
      <itemStatus>1</itemStatus>
      <LastUpdateDate />
      <LastUpdateTime />
    </Product>
    <Product>
      <PriceUpdateDate>2018/08/08 15:35</PriceUpdateDate>
      <ItemCode>8690784614665</ItemCode>
      <ItemType>1</ItemType>
      <ItemName>דאק סבון ניקוי אסלה בניחוח ים</ItemName>
      <ManufactureName>דנשר (1963) בעמ</ManufactureName>
      <ManufactureCountry />
      <ManufactureItemDescription />
      <UnitQty>יח`</UnitQty>
      <Quantity>1</Quantity>
      <UnitMeasure />
      <BisWeighted>0</BisWeighted>
      <QtyInPackage>1</QtyInPackage>
      <ItemPrice>9.90</ItemPrice>
      <UnitOfMeasurePrice>9.90</UnitOfMeasurePrice>
      <AllowDiscount>1</AllowDiscount>
      <itemStatus>1</itemStatus>
      <LastUpdateDate />
      <LastUpdateTime />
    </Product>
    <Product>
      <PriceUpdateDate>2018/08/08 15:35</PriceUpdateDate>
      <ItemCode>8690784614771</ItemCode>
      <ItemType>1</ItemType>
      <ItemName>דאק סבון ניקוי אסלה בניחוח רענן</ItemName>
      <ManufactureName>דנשר (1963) בעמ</ManufactureName>
      <ManufactureCountry />
      <ManufactureItemDescription />
      <UnitQty>יח`</UnitQty>
      <Quantity>1</Quantity>
      <UnitMeasure />
      <BisWeighted>0</BisWeighted>
      <QtyInPackage>1</QtyInPackage>
      <ItemPrice>9.90</ItemPrice>
      <UnitOfMeasurePrice>9.90</UnitOfMeasurePrice>
      <AllowDiscount>1</AllowDiscount>
      <itemStatus>1</itemStatus>
      <LastUpdateDate />
      <LastUpdateTime />
    </Product>
    <Product>
      <PriceUpdateDate>2018/08/08 15:35</PriceUpdateDate>
      <ItemCode>8690784614887</ItemCode>
      <ItemType>1</ItemType>
      <ItemName>דאק סבון ניקוי אסלה בניחוח פריחה מרעננת</ItemName>
      <ManufactureName>דנשר (1963) בעמ</ManufactureName>
      <ManufactureCountry />
      <ManufactureItemDescription />
      <UnitQty>יח`</UnitQty>
      <Quantity>1</Quantity>
      <UnitMeasure />
      <BisWeighted>0</BisWeighted>
      <QtyInPackage>1</QtyInPackage>
      <ItemPrice>9.90</ItemPrice>
      <UnitOfMeasurePrice>9.90</UnitOfMeasurePrice>
      <AllowDiscount>1</AllowDiscount>
      <itemStatus>1</itemStatus>
      <LastUpdateDate />
      <LastUpdateTime />
    </Product>
    <Product>
      <PriceUpdateDate>2018/08/08 15:35</PriceUpdateDate>
      <ItemCode>8690784614993</ItemCode>
      <ItemType>1</ItemType>
      <ItemName>דאק סבון ניקוי אסלה בניחוח פריחה הדרים</ItemName>
      <ManufactureName>דנשר (1963) בעמ</ManufactureName>
      <ManufactureCountry />
      <ManufactureItemDescription />
      <UnitQty>יח`</UnitQty>
      <Quantity>1</Quantity>
      <UnitMeasure />
      <BisWeighted>0</BisWeighted>
      <QtyInPackage>1</QtyInPackage>
      <ItemPrice>9.90</ItemPrice>
      <UnitOfMeasurePrice>9.90</UnitOfMeasurePrice>
      <AllowDiscount>1</AllowDiscount>
      <itemStatus>1</itemStatus>
      <LastUpdateDate />
      <LastUpdateTime />
    </Product>
    <Product>
      <PriceUpdateDate>2019/07/03 08:52</PriceUpdateDate>
      <ItemCode>8690784711777</ItemCode>
      <ItemType>1</ItemType>
      <ItemName>דאק סבון לניקוי האסלה בתוספת אקונומיקה ב</ItemName>
      <ManufactureName>דנשר (1963) בעמ</ManufactureName>
      <ManufactureCountry />
      <ManufactureItemDescription />
      <UnitQty>יח`</UnitQty>
      <Quantity>1</Quantity>
      <UnitMeasure />
      <BisWeighted>0</BisWeighted>
      <QtyInPackage>1</QtyInPackage>
      <ItemPrice>9.90</ItemPrice>
      <UnitOfMeasurePrice>9.90</UnitOfMeasurePrice>
      <AllowDiscount>1</AllowDiscount>
      <itemStatus>1</itemStatus>
      <LastUpdateDate />
      <LastUpdateTime />
    </Product>
    <Product>
      <PriceUpdateDate>2016/02/14 12:27</PriceUpdateDate>
      <ItemCode>8690784816885</ItemCode>
      <ItemType>1</ItemType>
      <ItemName>גלייד ספריי אוטמטי מילוי (מילוי בניחוח מ</ItemName>
      <ManufactureName>דנשר (1963) בעמ</ManufactureName>
      <ManufactureCountry />
      <ManufactureItemDescription />
      <UnitQty>יח`</UnitQty>
      <Quantity>269</Quantity>
      <UnitMeasure>מ"ל</UnitMeasure>
      <BisWeighted>0</BisWeighted>
      <QtyInPackage>1</QtyInPackage>
      <ItemPrice>24.90</ItemPrice>
      <UnitOfMeasurePrice>9.26</UnitOfMeasurePrice>
      <AllowDiscount>1</AllowDiscount>
      <itemStatus>1</itemStatus>
      <LastUpdateDate />
      <LastUpdateTime />
    </Product>
    <Product>
      <PriceUpdateDate>2017/07/21 08:53</PriceUpdateDate>
      <ItemCode>8690784817110</ItemCode>
      <ItemType>1</ItemType>
      <ItemName>גלייד ספריי אוטמטי מילוי (מילוי בניחוח ל</ItemName>
      <ManufactureName>דנשר (1963) בעמ</ManufactureName>
      <ManufactureCountry />
      <ManufactureItemDescription />
      <UnitQty>יח`</UnitQty>
      <Quantity>269</Quantity>
      <UnitMeasure>מ"ל</UnitMeasure>
      <BisWeighted>0</BisWeighted>
      <QtyInPackage>1</QtyInPackage>
      <ItemPrice>24.90</ItemPrice>
      <UnitOfMeasurePrice>9.26</UnitOfMeasurePrice>
      <AllowDiscount>1</AllowDiscount>
      <itemStatus>1</itemStatus>
      <LastUpdateDate />
      <LastUpdateTime />
    </Product>
    <Product>
      <PriceUpdateDate>2018/11/14 08:33</PriceUpdateDate>
      <ItemCode>8693323085100</ItemCode>
      <ItemType>1</ItemType>
      <ItemName>ממתק חצוץ בצורת שטיח בטעם פירות 100 גר`</ItemName>
      <ManufactureName>ליימן שליסל בעמ</ManufactureName>
      <ManufactureCountry />
      <ManufactureItemDescription />
      <UnitQty>יח`</UnitQty>
      <Quantity>100</Quantity>
      <UnitMeasure>גרם</UnitMeasure>
      <BisWeighted>0</BisWeighted>
      <QtyInPackage>1</QtyInPackage>
      <ItemPrice>5.90</ItemPrice>
      <UnitOfMeasurePrice>5.90</UnitOfMeasurePrice>
      <AllowDiscount>0</AllowDiscount>
      <itemStatus>1</itemStatus>
      <LastUpdateDate />
      <LastUpdateTime />
    </Product>
    <Product>
      <PriceUpdateDate>2018/11/14 08:33</PriceUpdateDate>
      <ItemCode>8693323086107</ItemCode>
      <ItemType>1</ItemType>
      <ItemName>סוכריות ממולאות בטעם פירות 80  גר`יוגטה</ItemName>
      <ManufactureName>ליימן שליסל בעמ</ManufactureName>
      <ManufactureCountry />
      <ManufactureItemDescription />
      <UnitQty>יח`</UnitQty>
      <Quantity>80</Quantity>
      <UnitMeasure>גרם</UnitMeasure>
      <BisWeighted>0</BisWeighted>
      <QtyInPackage>1</QtyInPackage>
      <ItemPrice>5.90</ItemPrice>
      <UnitOfMeasurePrice>7.38</UnitOfMeasurePrice>
      <AllowDiscount>0</AllowDiscount>
      <itemStatus>1</itemStatus>
      <LastUpdateDate />
      <LastUpdateTime />
    </Product>
    <Product>
      <PriceUpdateDate>2018/11/14 08:33</PriceUpdateDate>
      <ItemCode>8693323087104</ItemCode>
      <ItemType>1</ItemType>
      <ItemName>שטחונים חמוצים בטעם אבטיח 100  גר`יוגטה</ItemName>
      <ManufactureName>ליימן שליסל בעמ</ManufactureName>
      <ManufactureCountry />
      <ManufactureItemDescription />
      <UnitQty>יח`</UnitQty>
      <Quantity>100</Quantity>
      <UnitMeasure>גרם</UnitMeasure>
      <BisWeighted>0</BisWeighted>
      <QtyInPackage>1</QtyInPackage>
      <ItemPrice>5.90</ItemPrice>
      <UnitOfMeasurePrice>5.90</UnitOfMeasurePrice>
      <AllowDiscount>0</AllowDiscount>
      <itemStatus>1</itemStatus>
      <LastUpdateDate />
      <LastUpdateTime />
    </Product>
    <Product>
      <PriceUpdateDate>2017/12/04 16:35</PriceUpdateDate>
      <ItemCode>8693323099107</ItemCode>
      <ItemType>1</ItemType>
      <ItemName>יוגטה מרשמלו לבבות 150 גר`</ItemName>
      <ManufactureName>ליימן שליסל בעמ</ManufactureName>
      <ManufactureCountry />
      <ManufactureItemDescription />
      <UnitQty>יח`</UnitQty>
      <Quantity>150</Quantity>
      <UnitMeasure>גרם</UnitMeasure>
      <BisWeighted>0</BisWeighted>
      <QtyInPackage>1</QtyInPackage>
      <ItemPrice>8.90</ItemPrice>
      <UnitOfMeasurePrice>5.93</UnitOfMeasurePrice>
      <AllowDiscount>1</AllowDiscount>
      <itemStatus>1</itemStatus>
      <LastUpdateDate />
      <LastUpdateTime />
    </Product>
    <Product>
      <PriceUpdateDate>2015/12/28 11:39</PriceUpdateDate>
      <ItemCode>8693495037853</ItemCode>
      <ItemType>1</ItemType>
      <ItemName>קולגייט מברשת סלים סופט זוג</ItemName>
      <ManufactureName>ש.שסטוביץ בעמ</ManufactureName>
      <ManufactureCountry />
      <ManufactureItemDescription />
      <UnitQty>יח`</UnitQty>
      <Quantity>1</Quantity>
      <UnitMeasure />
      <BisWeighted>0</BisWeighted>
      <QtyInPackage>1</QtyInPackage>
      <ItemPrice>24.90</ItemPrice>
      <UnitOfMeasurePrice>24.90</UnitOfMeasurePrice>
      <AllowDiscount>0</AllowDiscount>
      <itemStatus>1</itemStatus>
      <LastUpdateDate />
      <LastUpdateTime />
    </Product>
    <Product>
      <PriceUpdateDate>2015/05/28 11:29</PriceUpdateDate>
      <ItemCode>8697431921718</ItemCode>
      <ItemType>1</ItemType>
      <ItemName>קונפיטורה 70% דובדבן חמוץ</ItemName>
      <ManufactureName>תומר יבוא ושיווק מוצרי מזון (1</ManufactureName>
      <ManufactureCountry />
      <ManufactureItemDescription />
      <UnitQty>יח`</UnitQty>
      <Quantity>454</Quantity>
      <UnitMeasure>גרם</UnitMeasure>
      <BisWeighted>0</BisWeighted>
      <QtyInPackage>1</QtyInPackage>
      <ItemPrice>14.90</ItemPrice>
      <UnitOfMeasurePrice>3.28</UnitOfMeasurePrice>
      <AllowDiscount>1</AllowDiscount>
      <itemStatus>1</itemStatus>
      <LastUpdateDate />
      <LastUpdateTime />
    </Product>
    <Product>
      <PriceUpdateDate>2015/05/28 11:29</PriceUpdateDate>
      <ItemCode>8697431925143</ItemCode>
      <ItemType>1</ItemType>
      <ItemName>קונפיטורה 70% פירות יער 450 גר` תומר</ItemName>
      <ManufactureName>תומר יבוא ושיווק מוצרי מזון (1</ManufactureName>
      <ManufactureCountry />
      <ManufactureItemDescription />
      <UnitQty>יח`</UnitQty>
      <Quantity>454</Quantity>
      <UnitMeasure>גרם</UnitMeasure>
      <BisWeighted>0</BisWeighted>
      <QtyInPackage>1</QtyInPackage>
      <ItemPrice>14.90</ItemPrice>
      <UnitOfMeasurePrice>3.28</UnitOfMeasurePrice>
      <AllowDiscount>1</AllowDiscount>
      <itemStatus>1</itemStatus>
      <LastUpdateDate />
      <LastUpdateTime />
    </Product>
    <Product>
      <PriceUpdateDate>2018/12/05 08:22</PriceUpdateDate>
      <ItemCode>8697530910743</ItemCode>
      <ItemType>1</ItemType>
      <ItemName>פאל מאל כחול</ItemName>
      <ManufactureName>גלוברנדס בעמ - שיווק סיגריות</ManufactureName>
      <ManufactureCountry />
      <ManufactureItemDescription />
      <UnitQty>יח`</UnitQty>
      <Quantity>1</Quantity>
      <UnitMeasure />
      <BisWeighted>0</BisWeighted>
      <QtyInPackage>1</QtyInPackage>
      <ItemPrice>27.50</ItemPrice>
      <UnitOfMeasurePrice>27.50</UnitOfMeasurePrice>
      <AllowDiscount>0</AllowDiscount>
      <itemStatus>1</itemStatus>
      <LastUpdateDate />
      <LastUpdateTime />
    </Product>
    <Product>
      <PriceUpdateDate>2018/12/05 08:22</PriceUpdateDate>
      <ItemCode>8697530910750</ItemCode>
      <ItemType>1</ItemType>
      <ItemName>פאל מאל כחול 100 ארוך</ItemName>
      <ManufactureName>גלוברנדס בעמ - שיווק סיגריות</ManufactureName>
      <ManufactureCountry />
      <ManufactureItemDescription />
      <UnitQty>יח`</UnitQty>
      <Quantity>1</Quantity>
      <UnitMeasure />
      <BisWeighted>0</BisWeighted>
      <QtyInPackage>1</QtyInPackage>
      <ItemPrice>27.50</ItemPrice>
      <UnitOfMeasurePrice>27.50</UnitOfMeasurePrice>
      <AllowDiscount>0</AllowDiscount>
      <itemStatus>1</itemStatus>
      <LastUpdateDate />
      <LastUpdateTime />
    </Product>
    <Product>
      <PriceUpdateDate>2018/12/05 08:22</PriceUpdateDate>
      <ItemCode>8697530910781</ItemCode>
      <ItemType>1</ItemType>
      <ItemName>פאל מאל אדום</ItemName>
      <ManufactureName>גלוברנדס בעמ - שיווק סיגריות</ManufactureName>
      <ManufactureCountry />
      <ManufactureItemDescription />
      <UnitQty>יח`</UnitQty>
      <Quantity>1</Quantity>
      <UnitMeasure />
      <BisWeighted>0</BisWeighted>
      <QtyInPackage>1</QtyInPackage>
      <ItemPrice>27.50</ItemPrice>
      <UnitOfMeasurePrice>27.50</UnitOfMeasurePrice>
      <AllowDiscount>0</AllowDiscount>
      <itemStatus>1</itemStatus>
      <LastUpdateDate />
      <LastUpdateTime />
    </Product>
    <Product>
      <PriceUpdateDate>2018/12/05 08:22</PriceUpdateDate>
      <ItemCode>8697530911276</ItemCode>
      <ItemType>1</ItemType>
      <ItemName>קנט קצר</ItemName>
      <ManufactureName>גלוברנדס בעמ - שיווק סיגריות</ManufactureName>
      <ManufactureCountry />
      <ManufactureItemDescription />
      <UnitQty>יח`</UnitQty>
      <Quantity>1</Quantity>
      <UnitMeasure />
      <BisWeighted>0</BisWeighted>
      <QtyInPackage>1</QtyInPackage>
      <ItemPrice>34.50</ItemPrice>
      <UnitOfMeasurePrice>34.50</UnitOfMeasurePrice>
      <AllowDiscount>0</AllowDiscount>
      <itemStatus>1</itemStatus>
      <LastUpdateDate />
      <LastUpdateTime />
    </Product>
    <Product>
      <PriceUpdateDate>2020/03/24 06:41</PriceUpdateDate>
      <ItemCode>8697659238537</ItemCode>
      <ItemType>1</ItemType>
      <ItemName>אל סבון נוזלי דיסני ספיידרמן 400 מל</ItemName>
      <ManufactureName>פארמה דיל (פ.א.ב.) שיווק והפצה</ManufactureName>
      <ManufactureCountry />
      <ManufactureItemDescription />
      <UnitQty>יח`</UnitQty>
      <Quantity>1</Quantity>
      <UnitMeasure />
      <BisWeighted>0</BisWeighted>
      <QtyInPackage>1</QtyInPackage>
      <ItemPrice>9.90</ItemPrice>
      <UnitOfMeasurePrice>9.90</UnitOfMeasurePrice>
      <AllowDiscount>0</AllowDiscount>
      <itemStatus>1</itemStatus>
      <LastUpdateDate />
      <LastUpdateTime />
    </Product>
    <Product>
      <PriceUpdateDate>2020/03/24 06:41</PriceUpdateDate>
      <ItemCode>8697659238544</ItemCode>
      <ItemType>1</ItemType>
      <ItemName>אל סבון נוזלי דיסני מיני מאוס 400 מל</ItemName>
      <ManufactureName>פארמה דיל (פ.א.ב.) שיווק והפצה</ManufactureName>
      <ManufactureCountry />
      <ManufactureItemDescription />
      <UnitQty>יח`</UnitQty>
      <Quantity>1</Quantity>
      <UnitMeasure />
      <BisWeighted>0</BisWeighted>
      <QtyInPackage>1</QtyInPackage>
      <ItemPrice>9.90</ItemPrice>
      <UnitOfMeasurePrice>9.90</UnitOfMeasurePrice>
      <AllowDiscount>0</AllowDiscount>
      <itemStatus>1</itemStatus>
      <LastUpdateDate />
      <LastUpdateTime />
    </Product>
    <Product>
      <PriceUpdateDate>2020/03/24 06:41</PriceUpdateDate>
      <ItemCode>8697659238551</ItemCode>
      <ItemType>1</ItemType>
      <ItemName>אל סבון נוזלי דיסני פרוזן 400 מל</ItemName>
      <ManufactureName>פארמה דיל (פ.א.ב.) שיווק והפצה</ManufactureName>
      <ManufactureCountry />
      <ManufactureItemDescription />
      <UnitQty>יח`</UnitQty>
      <Quantity>1</Quantity>
      <UnitMeasure />
      <BisWeighted>0</BisWeighted>
      <QtyInPackage>1</QtyInPackage>
      <ItemPrice>9.90</ItemPrice>
      <UnitOfMeasurePrice>9.90</UnitOfMeasurePrice>
      <AllowDiscount>0</AllowDiscount>
      <itemStatus>1</itemStatus>
      <LastUpdateDate />
      <LastUpdateTime />
    </Product>
    <Product>
      <PriceUpdateDate>2015/11/15 08:20</PriceUpdateDate>
      <ItemCode>8699878422513</ItemCode>
      <ItemType>1</ItemType>
      <ItemName>שישיית מים מינרלים פקק רגיל</ItemName>
      <ManufactureName>עיסא ערטול בעמ</ManufactureName>
      <ManufactureCountry />
      <ManufactureItemDescription />
      <UnitQty>יח`</UnitQty>
      <Quantity>3</Quantity>
      <UnitMeasure>1 ליטר</UnitMeasure>
      <BisWeighted>0</BisWeighted>
      <QtyInPackage>1</QtyInPackage>
      <ItemPrice>7.90</ItemPrice>
      <UnitOfMeasurePrice>2.03</UnitOfMeasurePrice>
      <AllowDiscount>0</AllowDiscount>
      <itemStatus>1</itemStatus>
      <LastUpdateDate />
      <LastUpdateTime />
    </Product>
    <Product>
      <PriceUpdateDate>2014/01/02 08:41</PriceUpdateDate>
      <ItemCode>8710428005762</ItemCode>
      <ItemType>1</ItemType>
      <ItemName>סימילאק איזומיל טף</ItemName>
      <ManufactureName>שקד תבל בעמ</ManufactureName>
      <ManufactureCountry />
      <ManufactureItemDescription />
      <UnitQty>יח`</UnitQty>
      <Quantity>400</Quantity>
      <UnitMeasure>גרם</UnitMeasure>
      <BisWeighted>0</BisWeighted>
      <QtyInPackage>1</QtyInPackage>
      <ItemPrice>45</ItemPrice>
      <UnitOfMeasurePrice>11.25</UnitOfMeasurePrice>
      <AllowDiscount>0</AllowDiscount>
      <itemStatus>1</itemStatus>
      <LastUpdateDate />
      <LastUpdateTime />
    </Product>
    <Product>
      <PriceUpdateDate>2019/02/20 13:23</PriceUpdateDate>
      <ItemCode>8710447211052</ItemCode>
      <ItemType>1</ItemType>
      <ItemName>טרזמה שמפו בוטניק 500 מל</ItemName>
      <ManufactureName>יוניליוור ישראל שיווק בעמ</ManufactureName>
      <ManufactureCountry />
      <ManufactureItemDescription />
      <UnitQty>יח`</UnitQty>
      <Quantity>500</Quantity>
      <UnitMeasure>מ"ל</UnitMeasure>
      <BisWeighted>0</BisWeighted>
      <QtyInPackage>1</QtyInPackage>
      <ItemPrice>22.90</ItemPrice>
      <UnitOfMeasurePrice>4.58</UnitOfMeasurePrice>
      <AllowDiscount>1</AllowDiscount>
      <itemStatus>1</itemStatus>
      <LastUpdateDate />
      <LastUpdateTime />
    </Product>
    <Product>
      <PriceUpdateDate>2019/02/20 13:23</PriceUpdateDate>
      <ItemCode>8710447224311</ItemCode>
      <ItemType>1</ItemType>
      <ItemName>טרזמה מרכך בוטניק 500 מל</ItemName>
      <ManufactureName>יוניליוור ישראל שיווק בעמ</ManufactureName>
      <ManufactureCountry />
      <ManufactureItemDescription />
      <UnitQty>יח`</UnitQty>
      <Quantity>500</Quantity>
      <UnitMeasure>מ"ל</UnitMeasure>
      <BisWeighted>0</BisWeighted>
      <QtyInPackage>1</QtyInPackage>
      <ItemPrice>22.90</ItemPrice>
      <UnitOfMeasurePrice>4.58</UnitOfMeasurePrice>
      <AllowDiscount>1</AllowDiscount>
      <itemStatus>1</itemStatus>
      <LastUpdateDate />
      <LastUpdateTime />
    </Product>
    <Product>
      <PriceUpdateDate>2019/02/19 15:55</PriceUpdateDate>
      <ItemCode>8710447224342</ItemCode>
      <ItemType>1</ItemType>
      <ItemName>טרזמה שמפו קרטין 500 מל</ItemName>
      <ManufactureName>יוניליוור ישראל שיווק בעמ</ManufactureName>
      <ManufactureCountry />
      <ManufactureItemDescription />
      <UnitQty>יח`</UnitQty>
      <Quantity>500</Quantity>
      <UnitMeasure>מ"ל</UnitMeasure>
      <BisWeighted>0</BisWeighted>
      <QtyInPackage>1</QtyInPackage>
      <ItemPrice>22.90</ItemPrice>
      <UnitOfMeasurePrice>4.58</UnitOfMeasurePrice>
      <AllowDiscount>1</AllowDiscount>
      <itemStatus>1</itemStatus>
      <LastUpdateDate />
      <LastUpdateTime />
    </Product>
    <Product>
      <PriceUpdateDate>2018/04/10 13:56</PriceUpdateDate>
      <ItemCode>8710447253748</ItemCode>
      <ItemType>1</ItemType>
      <ItemName>אקס ג`ל רחצה לגבר גולד 400 מל</ItemName>
      <ManufactureName>יוניליוור ישראל שיווק בעמ</ManufactureName>
      <ManufactureCountry />
      <ManufactureItemDescription />
      <UnitQty>יח`</UnitQty>
      <Quantity>400</Quantity>
      <UnitMeasure>מ"ל</UnitMeasure>
      <BisWeighted>0</BisWeighted>
      <QtyInPackage>1</QtyInPackage>
      <ItemPrice>12.90</ItemPrice>
      <UnitOfMeasurePrice>3.23</UnitOfMeasurePrice>
      <AllowDiscount>1</AllowDiscount>
      <itemStatus>1</itemStatus>
      <LastUpdateDate />
      <LastUpdateTime />
    </Product>
    <Product>
      <PriceUpdateDate>2018/12/31 11:52</PriceUpdateDate>
      <ItemCode>8710447331095</ItemCode>
      <ItemType>1</ItemType>
      <ItemName>TRESemme מסכה בוטניק 300 מל</ItemName>
      <ManufactureName>יוניליוור ישראל שיווק בעמ</ManufactureName>
      <ManufactureCountry />
      <ManufactureItemDescription />
      <UnitQty>יח`</UnitQty>
      <Quantity>300</Quantity>
      <UnitMeasure>מ"ל</UnitMeasure>
      <BisWeighted>0</BisWeighted>
      <QtyInPackage>1</QtyInPackage>
      <ItemPrice>29.90</ItemPrice>
      <UnitOfMeasurePrice>9.97</UnitOfMeasurePrice>
      <AllowDiscount>0</AllowDiscount>
      <itemStatus>1</itemStatus>
      <LastUpdateDate />
      <LastUpdateTime />
    </Product>
    <Product>
      <PriceUpdateDate>2018/05/18 10:29</PriceUpdateDate>
      <ItemCode>8710502011894</ItemCode>
      <ItemType>1</ItemType>
      <ItemName>עוגיות לימון עם 29% שוקולד צ`יפס 225 גר`</ItemName>
      <ManufactureName>ש.שסטוביץ בעמ</ManufactureName>
      <ManufactureCountry />
      <ManufactureItemDescription />
      <UnitQty>יח`</UnitQty>
      <Quantity>225</Quantity>
      <UnitMeasure>גרם</UnitMeasure>
      <BisWeighted>0</BisWeighted>
      <QtyInPackage>1</QtyInPackage>
      <ItemPrice>9.90</ItemPrice>
      <UnitOfMeasurePrice>4.40</UnitOfMeasurePrice>
      <AllowDiscount>1</AllowDiscount>
      <itemStatus>1</itemStatus>
      <LastUpdateDate />
      <LastUpdateTime />
    </Product>
    <Product>
      <PriceUpdateDate>2015/12/28 11:39</PriceUpdateDate>
      <ItemCode>8710502064814</ItemCode>
      <ItemType>1</ItemType>
      <ItemName>עוגיות שוקולד צ`יפס רך מרבה (175 גרם)</ItemName>
      <ManufactureName>ש.שסטוביץ בעמ</ManufactureName>
      <ManufactureCountry />
      <ManufactureItemDescription />
      <UnitQty>יח`</UnitQty>
      <Quantity>1</Quantity>
      <UnitMeasure />
      <BisWeighted>0</BisWeighted>
      <QtyInPackage>1</QtyInPackage>
      <ItemPrice>9.90</ItemPrice>
      <UnitOfMeasurePrice>9.90</UnitOfMeasurePrice>
      <AllowDiscount>1</AllowDiscount>
      <itemStatus>1</itemStatus>
      <LastUpdateDate />
      <LastUpdateTime />
    </Product>
    <Product>
      <PriceUpdateDate>2015/12/28 11:39</PriceUpdateDate>
      <ItemCode>8710502139017</ItemCode>
      <ItemType>1</ItemType>
      <ItemName>עוגיות טריפל שוקולד צ`יפס מרבה (180 גרם)</ItemName>
      <ManufactureName>ש.שסטוביץ בעמ</ManufactureName>
      <ManufactureCountry />
      <ManufactureItemDescription />
      <UnitQty>יח`</UnitQty>
      <Quantity>225</Quantity>
      <UnitMeasure>גרם</UnitMeasure>
      <BisWeighted>0</BisWeighted>
      <QtyInPackage>1</QtyInPackage>
      <ItemPrice>9.90</ItemPrice>
      <UnitOfMeasurePrice>4.40</UnitOfMeasurePrice>
      <AllowDiscount>1</AllowDiscount>
      <itemStatus>1</itemStatus>
      <LastUpdateDate />
      <LastUpdateTime />
    </Product>
    <Product>
      <PriceUpdateDate>2020/01/19 12:16</PriceUpdateDate>
      <ItemCode>8710502309410</ItemCode>
      <ItemType>1</ItemType>
      <ItemName>חטיפי גרנולה אול קוקוס לוז 5*22 מרבה</ItemName>
      <ManufactureName>ש.שסטוביץ בעמ</ManufactureName>
      <ManufactureCountry />
      <ManufactureItemDescription />
      <UnitQty>יח`</UnitQty>
      <Quantity>110</Quantity>
      <UnitMeasure>גרם</UnitMeasure>
      <BisWeighted>0</BisWeighted>
      <QtyInPackage>1</QtyInPackage>
      <ItemPrice>9.90</ItemPrice>
      <UnitOfMeasurePrice>9</UnitOfMeasurePrice>
      <AllowDiscount>1</AllowDiscount>
      <itemStatus>1</itemStatus>
      <LastUpdateDate />
      <LastUpdateTime />
    </Product>
    <Product>
      <PriceUpdateDate>2015/12/28 11:39</PriceUpdateDate>
      <ItemCode>8710502470028</ItemCode>
      <ItemType>1</ItemType>
      <ItemName>עוגיות נוגטלי מרבה (160 גרם)</ItemName>
      <ManufactureName>ש.שסטוביץ בעמ</ManufactureName>
      <ManufactureCountry />
      <ManufactureItemDescription />
      <UnitQty>יח`</UnitQty>
      <Quantity>160</Quantity>
      <UnitMeasure>גרם</UnitMeasure>
      <BisWeighted>0</BisWeighted>
      <QtyInPackage>1</QtyInPackage>
      <ItemPrice>9.90</ItemPrice>
      <UnitOfMeasurePrice>6.19</UnitOfMeasurePrice>
      <AllowDiscount>1</AllowDiscount>
      <itemStatus>1</itemStatus>
      <LastUpdateDate />
      <LastUpdateTime />
    </Product>
    <Product>
      <PriceUpdateDate>2018/05/09 14:05</PriceUpdateDate>
      <ItemCode>8710522320143</ItemCode>
      <ItemType>1</ItemType>
      <ItemName>תחליב רחצה קשמיר 500 מל דאב</ItemName>
      <ManufactureName>יוניליוור ישראל שיווק בעמ</ManufactureName>
      <ManufactureCountry />
      <ManufactureItemDescription />
      <UnitQty>יח`</UnitQty>
      <Quantity>521</Quantity>
      <UnitMeasure>מ"ל</UnitMeasure>
      <BisWeighted>0</BisWeighted>
      <QtyInPackage>1</QtyInPackage>
      <ItemPrice>16.90</ItemPrice>
      <UnitOfMeasurePrice>3.24</UnitOfMeasurePrice>
      <AllowDiscount>1</AllowDiscount>
      <itemStatus>1</itemStatus>
      <LastUpdateDate />
      <LastUpdateTime />
    </Product>
    <Product>
      <PriceUpdateDate>2018/05/09 14:05</PriceUpdateDate>
      <ItemCode>8710522320150</ItemCode>
      <ItemType>1</ItemType>
      <ItemName>תחליב רחצה קשמיר 700 מל דאב</ItemName>
      <ManufactureName>יוניליוור ישראל שיווק בעמ</ManufactureName>
      <ManufactureCountry />
      <ManufactureItemDescription />
      <UnitQty>יח`</UnitQty>
      <Quantity>782</Quantity>
      <UnitMeasure>מ"ל</UnitMeasure>
      <BisWeighted>0</BisWeighted>
      <QtyInPackage>1</QtyInPackage>
      <ItemPrice>22.90</ItemPrice>
      <UnitOfMeasurePrice>2.93</UnitOfMeasurePrice>
      <AllowDiscount>1</AllowDiscount>
      <itemStatus>1</itemStatus>
      <LastUpdateDate />
      <LastUpdateTime />
    </Product>
    <Product>
      <PriceUpdateDate>2019/02/03 12:45</PriceUpdateDate>
      <ItemCode>8710552274614</ItemCode>
      <ItemType>1</ItemType>
      <ItemName>וניש גולד ספריי שטיחים 600 מל</ItemName>
      <ManufactureName>רקיט בנקיזר (ניר איסט) בעמ</ManufactureName>
      <ManufactureCountry />
      <ManufactureItemDescription />
      <UnitQty>יח`</UnitQty>
      <Quantity>600</Quantity>
      <UnitMeasure>מ"ל</UnitMeasure>
      <BisWeighted>0</BisWeighted>
      <QtyInPackage>1</QtyInPackage>
      <ItemPrice>31.90</ItemPrice>
      <UnitOfMeasurePrice>5.32</UnitOfMeasurePrice>
      <AllowDiscount>1</AllowDiscount>
      <itemStatus>1</itemStatus>
      <LastUpdateDate />
      <LastUpdateTime />
    </Product>
    <Product>
      <PriceUpdateDate>2020/01/06 10:43</PriceUpdateDate>
      <ItemCode>8710847904172</ItemCode>
      <ItemType>1</ItemType>
      <ItemName>רקסונה מן ספריי סיטרוס 150 מל</ItemName>
      <ManufactureName>יוניליוור ישראל שיווק בעמ</ManufactureName>
      <ManufactureCountry />
      <ManufactureItemDescription />
      <UnitQty>יח`</UnitQty>
      <Quantity>150</Quantity>
      <UnitMeasure>מ"ל</UnitMeasure>
      <BisWeighted>0</BisWeighted>
      <QtyInPackage>1</QtyInPackage>
      <ItemPrice>14.90</ItemPrice>
      <UnitOfMeasurePrice>9.93</UnitOfMeasurePrice>
      <AllowDiscount>1</AllowDiscount>
      <itemStatus>1</itemStatus>
      <LastUpdateDate />
      <LastUpdateTime />
    </Product>
    <Product>
      <PriceUpdateDate>2020/03/29 07:02</PriceUpdateDate>
      <ItemCode>8710847962592</ItemCode>
      <ItemType>1</ItemType>
      <ItemName>אקס בודי ספריי פרש ברגמוט ופינק פפר 150</ItemName>
      <ManufactureName>יוניליוור ישראל שיווק בעמ</ManufactureName>
      <ManufactureCountry />
      <ManufactureItemDescription />
      <UnitQty>יח`</UnitQty>
      <Quantity>150</Quantity>
      <UnitMeasure>מ"ל</UnitMeasure>
      <BisWeighted>0</BisWeighted>
      <QtyInPackage>1</QtyInPackage>
      <ItemPrice>11.90</ItemPrice>
      <UnitOfMeasurePrice>7.93</UnitOfMeasurePrice>
      <AllowDiscount>0</AllowDiscount>
      <itemStatus>1</itemStatus>
      <LastUpdateDate />
      <LastUpdateTime />
    </Product>
    <Product>
      <PriceUpdateDate>2020/03/29 07:02</PriceUpdateDate>
      <ItemCode>8710847962608</ItemCode>
      <ItemType>1</ItemType>
      <ItemName>אקס בודי ספריי מוחיטו ירוק ועצי ארז 150</ItemName>
      <ManufactureName>יוניליוור ישראל שיווק בעמ</ManufactureName>
      <ManufactureCountry />
      <ManufactureItemDescription />
      <UnitQty>יח`</UnitQty>
      <Quantity>150</Quantity>
      <UnitMeasure>מ"ל</UnitMeasure>
      <BisWeighted>0</BisWeighted>
      <QtyInPackage>1</QtyInPackage>
      <ItemPrice>11.90</ItemPrice>
      <UnitOfMeasurePrice>7.93</UnitOfMeasurePrice>
      <AllowDiscount>1</AllowDiscount>
      <itemStatus>1</itemStatus>
      <LastUpdateDate />
      <LastUpdateTime />
    </Product>
    <Product>
      <PriceUpdateDate>2018/04/15 08:48</PriceUpdateDate>
      <ItemCode>8710908881121</ItemCode>
      <ItemType>1</ItemType>
      <ItemName>תחליב רחצה לוטוס 500מל דאב</ItemName>
      <ManufactureName>יוניליוור ישראל שיווק בעמ</ManufactureName>
      <ManufactureCountry />
      <ManufactureItemDescription />
      <UnitQty>יח`</UnitQty>
      <Quantity>500</Quantity>
      <UnitMeasure>מ"ל</UnitMeasure>
      <BisWeighted>0</BisWeighted>
      <QtyInPackage>1</QtyInPackage>
      <ItemPrice>16.90</ItemPrice>
      <UnitOfMeasurePrice>3.38</UnitOfMeasurePrice>
      <AllowDiscount>1</AllowDiscount>
      <itemStatus>1</itemStatus>
      <LastUpdateDate />
      <LastUpdateTime />
    </Product>
    <Product>
      <PriceUpdateDate>2020/02/23 08:47</PriceUpdateDate>
      <ItemCode>8710908881541</ItemCode>
      <ItemType>1</ItemType>
      <ItemName>תחליב רחצה לונדר דאב (500 מל)</ItemName>
      <ManufactureName>יוניליוור ישראל שיווק בעמ</ManufactureName>
      <ManufactureCountry />
      <ManufactureItemDescription />
      <UnitQty>יח`</UnitQty>
      <Quantity>500</Quantity>
      <UnitMeasure>מ"ל</UnitMeasure>
      <BisWeighted>0</BisWeighted>
      <QtyInPackage>1</QtyInPackage>
      <ItemPrice>16.90</ItemPrice>
      <UnitOfMeasurePrice>3.38</UnitOfMeasurePrice>
      <AllowDiscount>1</AllowDiscount>
      <itemStatus>1</itemStatus>
      <LastUpdateDate />
      <LastUpdateTime />
    </Product>
    <Product>
      <PriceUpdateDate>2018/04/15 08:48</PriceUpdateDate>
      <ItemCode>8710908882463</ItemCode>
      <ItemType>1</ItemType>
      <ItemName>תחליב רחצה אבוקדו 500מל דאב</ItemName>
      <ManufactureName>יוניליוור ישראל שיווק בעמ</ManufactureName>
      <ManufactureCountry />
      <ManufactureItemDescription />
      <UnitQty>יח`</UnitQty>
      <Quantity>500</Quantity>
      <UnitMeasure>מ"ל</UnitMeasure>
      <BisWeighted>0</BisWeighted>
      <QtyInPackage>1</QtyInPackage>
      <ItemPrice>16.90</ItemPrice>
      <UnitOfMeasurePrice>3.38</UnitOfMeasurePrice>
      <AllowDiscount>1</AllowDiscount>
      <itemStatus>1</itemStatus>
      <LastUpdateDate />
      <LastUpdateTime />
    </Product>
    <Product>
      <PriceUpdateDate>2019/02/17 11:36</PriceUpdateDate>
      <ItemCode>8711000371176</ItemCode>
      <ItemType>1</ItemType>
      <ItemName>קפסולות קפה אספרסו קלאסיקו ג`ייקבוס עוצמ</ItemName>
      <ManufactureName>דיפלומט היינץ</ManufactureName>
      <ManufactureCountry />
      <ManufactureItemDescription />
      <UnitQty>יח`</UnitQty>
      <Quantity>1</Quantity>
      <UnitMeasure />
      <BisWeighted>0</BisWeighted>
      <QtyInPackage>1</QtyInPackage>
      <ItemPrice>15.90</ItemPrice>
      <UnitOfMeasurePrice>15.90</UnitOfMeasurePrice>
      <AllowDiscount>1</AllowDiscount>
      <itemStatus>1</itemStatus>
      <LastUpdateDate />
      <LastUpdateTime />
    </Product>
    <Product>
      <PriceUpdateDate>2020/04/26 14:35</PriceUpdateDate>
      <ItemCode>8711000371244</ItemCode>
      <ItemType>1</ItemType>
      <ItemName>קפסולות קפה אספרסו לונגו גייקבוס</ItemName>
      <ManufactureName>דיפלומט היינץ</ManufactureName>
      <ManufactureCountry />
      <ManufactureItemDescription />
      <UnitQty>יח`</UnitQty>
      <Quantity>1</Quantity>
      <UnitMeasure />
      <BisWeighted>0</BisWeighted>
      <QtyInPackage>1</QtyInPackage>
      <ItemPrice>15.90</ItemPrice>
      <UnitOfMeasurePrice>15.90</UnitOfMeasurePrice>
      <AllowDiscount>1</AllowDiscount>
      <itemStatus>1</itemStatus>
      <LastUpdateDate />
      <LastUpdateTime />
    </Product>
    <Product>
      <PriceUpdateDate>2019/06/20 15:39</PriceUpdateDate>
      <ItemCode>8712000051099</ItemCode>
      <ItemType>1</ItemType>
      <ItemName>בירה היינקן 0.0% שישייה 330 מל</ItemName>
      <ManufactureName>טמפו משקאות בעמ</ManufactureName>
      <ManufactureCountry />
      <ManufactureItemDescription />
      <UnitQty>יח`</UnitQty>
      <Quantity>1</Quantity>
      <UnitMeasure />
      <BisWeighted>0</BisWeighted>
      <QtyInPackage>1</QtyInPackage>
      <ItemPrice>29.90</ItemPrice>
      <UnitOfMeasurePrice>29.90</UnitOfMeasurePrice>
      <AllowDiscount>0</AllowDiscount>
      <itemStatus>1</itemStatus>
      <LastUpdateDate />
      <LastUpdateTime />
    </Product>
    <Product>
      <PriceUpdateDate>2018/02/05 11:52</PriceUpdateDate>
      <ItemCode>8712400802499</ItemCode>
      <ItemType>1</ItemType>
      <ItemName>תחליף חלב שלב 1 נוטרילון (800 גרם)</ItemName>
      <ManufactureName>דיפלומט היינץ</ManufactureName>
      <ManufactureCountry />
      <ManufactureItemDescription />
      <UnitQty>יח`</UnitQty>
      <Quantity>800</Quantity>
      <UnitMeasure>גרם</UnitMeasure>
      <BisWeighted>0</BisWeighted>
      <QtyInPackage>1</QtyInPackage>
      <ItemPrice>75.90</ItemPrice>
      <UnitOfMeasurePrice>9.49</UnitOfMeasurePrice>
      <AllowDiscount>1</AllowDiscount>
      <itemStatus>1</itemStatus>
      <LastUpdateDate />
      <LastUpdateTime />
    </Product>
    <Product>
      <PriceUpdateDate>2018/02/05 11:52</PriceUpdateDate>
      <ItemCode>8712400802512</ItemCode>
      <ItemType>1</ItemType>
      <ItemName>תחליף חלב שלב 2 נוטרילון (800 גרם)</ItemName>
      <ManufactureName>דיפלומט היינץ</ManufactureName>
      <ManufactureCountry />
      <ManufactureItemDescription />
      <UnitQty>יח`</UnitQty>
      <Quantity>800</Quantity>
      <UnitMeasure>גרם</UnitMeasure>
      <BisWeighted>0</BisWeighted>
      <QtyInPackage>1</QtyInPackage>
      <ItemPrice>75.90</ItemPrice>
      <UnitOfMeasurePrice>9.49</UnitOfMeasurePrice>
      <AllowDiscount>1</AllowDiscount>
      <itemStatus>1</itemStatus>
      <LastUpdateDate />
      <LastUpdateTime />
    </Product>
    <Product>
      <PriceUpdateDate>2018/02/05 11:52</PriceUpdateDate>
      <ItemCode>8712400802536</ItemCode>
      <ItemType>1</ItemType>
      <ItemName>תחליף חלב שלב 3 נוטרילון (800 גרם)</ItemName>
      <ManufactureName>דיפלומט היינץ</ManufactureName>
      <ManufactureCountry />
      <ManufactureItemDescription />
      <UnitQty>יח`</UnitQty>
      <Quantity>800</Quantity>
      <UnitMeasure>גרם</UnitMeasure>
      <BisWeighted>0</BisWeighted>
      <QtyInPackage>1</QtyInPackage>
      <ItemPrice>75.90</ItemPrice>
      <UnitOfMeasurePrice>9.49</UnitOfMeasurePrice>
      <AllowDiscount>1</AllowDiscount>
      <itemStatus>1</itemStatus>
      <LastUpdateDate />
      <LastUpdateTime />
    </Product>
    <Product>
      <PriceUpdateDate>2015/08/12 08:05</PriceUpdateDate>
      <ItemCode>8712561594240</ItemCode>
      <ItemType>1</ItemType>
      <ItemName>תחליב רחצה להזנה עמוקה דאב (500 מל)</ItemName>
      <ManufactureName>יוניליוור ישראל שיווק בעמ</ManufactureName>
      <ManufactureCountry />
      <ManufactureItemDescription />
      <UnitQty>יח`</UnitQty>
      <Quantity>500</Quantity>
      <UnitMeasure>מ"ל</UnitMeasure>
      <BisWeighted>0</BisWeighted>
      <QtyInPackage>1</QtyInPackage>
      <ItemPrice>16.90</ItemPrice>
      <UnitOfMeasurePrice>3.38</UnitOfMeasurePrice>
      <AllowDiscount>1</AllowDiscount>
      <itemStatus>1</itemStatus>
      <LastUpdateDate />
      <LastUpdateTime />
    </Product>
    <Product>
      <PriceUpdateDate>2015/08/11 17:16</PriceUpdateDate>
      <ItemCode>8712561594608</ItemCode>
      <ItemType>1</ItemType>
      <ItemName>תחליב רחצה להזנה עמוקה דאב (750 מל)</ItemName>
      <ManufactureName>יוניליוור ישראל שיווק בעמ</ManufactureName>
      <ManufactureCountry />
      <ManufactureItemDescription />
      <UnitQty>יח`</UnitQty>
      <Quantity>750</Quantity>
      <UnitMeasure>מ"ל</UnitMeasure>
      <BisWeighted>0</BisWeighted>
      <QtyInPackage>1</QtyInPackage>
      <ItemPrice>22.90</ItemPrice>
      <UnitOfMeasurePrice>3.05</UnitOfMeasurePrice>
      <AllowDiscount>1</AllowDiscount>
      <itemStatus>1</itemStatus>
      <LastUpdateDate />
      <LastUpdateTime />
    </Product>
    <Product>
      <PriceUpdateDate>2015/08/12 08:05</PriceUpdateDate>
      <ItemCode>8712561611183</ItemCode>
      <ItemType>1</ItemType>
      <ItemName>דאב תחליב רחצה ירוק ומלפפון 500 מל</ItemName>
      <ManufactureName>יוניליוור ישראל שיווק בעמ</ManufactureName>
      <ManufactureCountry />
      <ManufactureItemDescription />
      <UnitQty>יח`</UnitQty>
      <Quantity>500</Quantity>
      <UnitMeasure>מ"ל</UnitMeasure>
      <BisWeighted>0</BisWeighted>
      <QtyInPackage>1</QtyInPackage>
      <ItemPrice>16.90</ItemPrice>
      <UnitOfMeasurePrice>3.38</UnitOfMeasurePrice>
      <AllowDiscount>1</AllowDiscount>
      <itemStatus>1</itemStatus>
      <LastUpdateDate />
      <LastUpdateTime />
    </Product>
    <Product>
      <PriceUpdateDate>2015/08/11 17:16</PriceUpdateDate>
      <ItemCode>8712561626286</ItemCode>
      <ItemType>1</ItemType>
      <ItemName>תחליב רחצה זוהר כמשי דאב (750 מל)</ItemName>
      <ManufactureName>יוניליוור ישראל שיווק בעמ</ManufactureName>
      <ManufactureCountry />
      <ManufactureItemDescription />
      <UnitQty>יח`</UnitQty>
      <Quantity>750</Quantity>
      <UnitMeasure>מ"ל</UnitMeasure>
      <BisWeighted>0</BisWeighted>
      <QtyInPackage>1</QtyInPackage>
      <ItemPrice>22.90</ItemPrice>
      <UnitOfMeasurePrice>3.05</UnitOfMeasurePrice>
      <AllowDiscount>1</AllowDiscount>
      <itemStatus>1</itemStatus>
      <LastUpdateDate />
      <LastUpdateTime />
    </Product>
    <Product>
      <PriceUpdateDate>2015/08/12 08:05</PriceUpdateDate>
      <ItemCode>8712561631549</ItemCode>
      <ItemType>1</ItemType>
      <ItemName>דאב תחליב רחצה קוקוס 500 מל</ItemName>
      <ManufactureName>יוניליוור ישראל שיווק בעמ</ManufactureName>
      <ManufactureCountry />
      <ManufactureItemDescription />
      <UnitQty>יח`</UnitQty>
      <Quantity>500</Quantity>
      <UnitMeasure>מ"ל</UnitMeasure>
      <BisWeighted>0</BisWeighted>
      <QtyInPackage>1</QtyInPackage>
      <ItemPrice>16.90</ItemPrice>
      <UnitOfMeasurePrice>3.38</UnitOfMeasurePrice>
      <AllowDiscount>1</AllowDiscount>
      <itemStatus>1</itemStatus>
      <LastUpdateDate />
      <LastUpdateTime />
    </Product>
    <Product>
      <PriceUpdateDate>2015/08/11 17:16</PriceUpdateDate>
      <ItemCode>8712561631570</ItemCode>
      <ItemType>1</ItemType>
      <ItemName>תחליב רחצה חלב קוקוס דאב (750 מל)</ItemName>
      <ManufactureName>יוניליוור ישראל שיווק בעמ</ManufactureName>
      <ManufactureCountry />
      <ManufactureItemDescription />
      <UnitQty>יח`</UnitQty>
      <Quantity>750</Quantity>
      <UnitMeasure>מ"ל</UnitMeasure>
      <BisWeighted>0</BisWeighted>
      <QtyInPackage>1</QtyInPackage>
      <ItemPrice>22.90</ItemPrice>
      <UnitOfMeasurePrice>3.05</UnitOfMeasurePrice>
      <AllowDiscount>1</AllowDiscount>
      <itemStatus>1</itemStatus>
      <LastUpdateDate />
      <LastUpdateTime />
    </Product>
    <Product>
      <PriceUpdateDate>2019/02/20 13:23</PriceUpdateDate>
      <ItemCode>8714100184400</ItemCode>
      <ItemType>1</ItemType>
      <ItemName>ג`ל רחצה לגבר יו 400 מל אקס</ItemName>
      <ManufactureName>יוניליוור ישראל שיווק בעמ</ManufactureName>
      <ManufactureCountry />
      <ManufactureItemDescription />
      <UnitQty>יח`</UnitQty>
      <Quantity>400</Quantity>
      <UnitMeasure>מ"ל</UnitMeasure>
      <BisWeighted>0</BisWeighted>
      <QtyInPackage>1</QtyInPackage>
      <ItemPrice>12.90</ItemPrice>
      <UnitOfMeasurePrice>3.23</UnitOfMeasurePrice>
      <AllowDiscount>0</AllowDiscount>
      <itemStatus>1</itemStatus>
      <LastUpdateDate />
      <LastUpdateTime />
    </Product>
    <Product>
      <PriceUpdateDate>2019/11/10 11:58</PriceUpdateDate>
      <ItemCode>8714599104330</ItemCode>
      <ItemType>1</ItemType>
      <ItemName>קפה שחור 85 גר` קלוי וטחון טורקי ג`ייקוב</ItemName>
      <ManufactureName>דיפלומט היינץ</ManufactureName>
      <ManufactureCountry />
      <ManufactureItemDescription />
      <UnitQty>יח`</UnitQty>
      <Quantity>85</Quantity>
      <UnitMeasure>גרם</UnitMeasure>
      <BisWeighted>0</BisWeighted>
      <QtyInPackage>1</QtyInPackage>
      <ItemPrice>7.90</ItemPrice>
      <UnitOfMeasurePrice>9.29</UnitOfMeasurePrice>
      <AllowDiscount>1</AllowDiscount>
      <itemStatus>1</itemStatus>
      <LastUpdateDate />
      <LastUpdateTime />
    </Product>
    <Product>
      <PriceUpdateDate>2016/01/20 08:54</PriceUpdateDate>
      <ItemCode>8714599513781</ItemCode>
      <ItemType>1</ItemType>
      <ItemName>ג`יקובס גולד 200 גר` מיובש בהקפאה</ItemName>
      <ManufactureName>דיפלומט היינץ</ManufactureName>
      <ManufactureCountry />
      <ManufactureItemDescription />
      <UnitQty>יח`</UnitQty>
      <Quantity>200</Quantity>
      <UnitMeasure>גרם</UnitMeasure>
      <BisWeighted>0</BisWeighted>
      <QtyInPackage>1</QtyInPackage>
      <ItemPrice>33.90</ItemPrice>
      <UnitOfMeasurePrice>16.95</UnitOfMeasurePrice>
      <AllowDiscount>1</AllowDiscount>
      <itemStatus>1</itemStatus>
      <LastUpdateDate />
      <LastUpdateTime />
    </Product>
    <Product>
      <PriceUpdateDate>2018/11/07 08:50</PriceUpdateDate>
      <ItemCode>8714599513866</ItemCode>
      <ItemType>1</ItemType>
      <ItemName>קפה נמס קרוננג ג`יקובס 200 גר`</ItemName>
      <ManufactureName>דיפלומט היינץ</ManufactureName>
      <ManufactureCountry />
      <ManufactureItemDescription />
      <UnitQty>יח`</UnitQty>
      <Quantity>200</Quantity>
      <UnitMeasure>גרם</UnitMeasure>
      <BisWeighted>0</BisWeighted>
      <QtyInPackage>1</QtyInPackage>
      <ItemPrice>27.90</ItemPrice>
      <UnitOfMeasurePrice>13.95</UnitOfMeasurePrice>
      <AllowDiscount>1</AllowDiscount>
      <itemStatus>1</itemStatus>
      <LastUpdateDate />
      <LastUpdateTime />
    </Product>
    <Product>
      <PriceUpdateDate>2016/01/12 08:18</PriceUpdateDate>
      <ItemCode>8714789177229</ItemCode>
      <ItemType>1</ItemType>
      <ItemName>קולגייט אקסטרה קלין רביעייה</ItemName>
      <ManufactureName>ש.שסטוביץ בעמ</ManufactureName>
      <ManufactureCountry />
      <ManufactureItemDescription />
      <UnitQty>יח`</UnitQty>
      <Quantity>1</Quantity>
      <UnitMeasure />
      <BisWeighted>0</BisWeighted>
      <QtyInPackage>1</QtyInPackage>
      <ItemPrice>9.90</ItemPrice>
      <UnitOfMeasurePrice>9.90</UnitOfMeasurePrice>
      <AllowDiscount>0</AllowDiscount>
      <itemStatus>1</itemStatus>
      <LastUpdateDate />
      <LastUpdateTime />
    </Product>
    <Product>
      <PriceUpdateDate>2018/09/06 13:02</PriceUpdateDate>
      <ItemCode>8714789292939</ItemCode>
      <ItemType>1</ItemType>
      <ItemName>קולגייט מברשת מקס פרש S</ItemName>
      <ManufactureName>ש.שסטוביץ בעמ</ManufactureName>
      <ManufactureCountry />
      <ManufactureItemDescription />
      <UnitQty>יח`</UnitQty>
      <Quantity>1</Quantity>
      <UnitMeasure />
      <BisWeighted>0</BisWeighted>
      <QtyInPackage>1</QtyInPackage>
      <ItemPrice>19.90</ItemPrice>
      <UnitOfMeasurePrice>19.90</UnitOfMeasurePrice>
      <AllowDiscount>0</AllowDiscount>
      <itemStatus>1</itemStatus>
      <LastUpdateDate />
      <LastUpdateTime />
    </Product>
    <Product>
      <PriceUpdateDate>2015/10/09 09:39</PriceUpdateDate>
      <ItemCode>8714789402918</ItemCode>
      <ItemType>1</ItemType>
      <ItemName>אגקס חגיגת הפרחים אדום 1.5 ליטר חדש</ItemName>
      <ManufactureName>ש.שסטוביץ בעמ</ManufactureName>
      <ManufactureCountry />
      <ManufactureItemDescription />
      <UnitQty>יח`</UnitQty>
      <Quantity>1.50</Quantity>
      <UnitMeasure>1 ליטר</UnitMeasure>
      <BisWeighted>0</BisWeighted>
      <QtyInPackage>1</QtyInPackage>
      <ItemPrice>18.90</ItemPrice>
      <UnitOfMeasurePrice>12.60</UnitOfMeasurePrice>
      <AllowDiscount>0</AllowDiscount>
      <itemStatus>1</itemStatus>
      <LastUpdateDate />
      <LastUpdateTime />
    </Product>
    <Product>
      <PriceUpdateDate>2015/10/09 09:39</PriceUpdateDate>
      <ItemCode>8714789402932</ItemCode>
      <ItemType>1</ItemType>
      <ItemName>אגקס חגיגת הפרחים ורוד 1.5 ליטר חדש</ItemName>
      <ManufactureName>ש.שסטוביץ בעמ</ManufactureName>
      <ManufactureCountry />
      <ManufactureItemDescription />
      <UnitQty>יח`</UnitQty>
      <Quantity>1.50</Quantity>
      <UnitMeasure>1 ליטר</UnitMeasure>
      <BisWeighted>0</BisWeighted>
      <QtyInPackage>1</QtyInPackage>
      <ItemPrice>18.90</ItemPrice>
      <UnitOfMeasurePrice>12.60</UnitOfMeasurePrice>
      <AllowDiscount>0</AllowDiscount>
      <itemStatus>1</itemStatus>
      <LastUpdateDate />
      <LastUpdateTime />
    </Product>
    <Product>
      <PriceUpdateDate>2015/10/09 09:39</PriceUpdateDate>
      <ItemCode>8714789402970</ItemCode>
      <ItemType>1</ItemType>
      <ItemName>אגקס חגיגת הפרחים ירוק 1.5 ליטר חדש</ItemName>
      <ManufactureName>ש.שסטוביץ בעמ</ManufactureName>
      <ManufactureCountry />
      <ManufactureItemDescription />
      <UnitQty>יח`</UnitQty>
      <Quantity>1.50</Quantity>
      <UnitMeasure>1 ליטר</UnitMeasure>
      <BisWeighted>0</BisWeighted>
      <QtyInPackage>1</QtyInPackage>
      <ItemPrice>18.90</ItemPrice>
      <UnitOfMeasurePrice>12.60</UnitOfMeasurePrice>
      <AllowDiscount>0</AllowDiscount>
      <itemStatus>1</itemStatus>
      <LastUpdateDate />
      <LastUpdateTime />
    </Product>
    <Product>
      <PriceUpdateDate>2018/11/19 09:22</PriceUpdateDate>
      <ItemCode>8714789450315</ItemCode>
      <ItemType>1</ItemType>
      <ItemName>פלמוליב כלים שקוף לימון 1.5 ליטר</ItemName>
      <ManufactureName>ש.שסטוביץ בעמ</ManufactureName>
      <ManufactureCountry />
      <ManufactureItemDescription />
      <UnitQty>יח`</UnitQty>
      <Quantity>1.50</Quantity>
      <UnitMeasure>1 ליטר</UnitMeasure>
      <BisWeighted>0</BisWeighted>
      <QtyInPackage>1</QtyInPackage>
      <ItemPrice>16.90</ItemPrice>
      <UnitOfMeasurePrice>11.27</UnitOfMeasurePrice>
      <AllowDiscount>0</AllowDiscount>
      <itemStatus>1</itemStatus>
      <LastUpdateDate />
      <LastUpdateTime />
    </Product>
    <Product>
      <PriceUpdateDate>2019/01/22 11:46</PriceUpdateDate>
      <ItemCode>8714789930848</ItemCode>
      <ItemType>1</ItemType>
      <ItemName>קולגייט משחת אופטיק וייט הלבנה מיידית 75</ItemName>
      <ManufactureName>ש.שסטוביץ בעמ</ManufactureName>
      <ManufactureCountry />
      <ManufactureItemDescription />
      <UnitQty>יח`</UnitQty>
      <Quantity>100</Quantity>
      <UnitMeasure>גרם</UnitMeasure>
      <BisWeighted>0</BisWeighted>
      <QtyInPackage>1</QtyInPackage>
      <ItemPrice>17.90</ItemPrice>
      <UnitOfMeasurePrice>17.90</UnitOfMeasurePrice>
      <AllowDiscount>0</AllowDiscount>
      <itemStatus>1</itemStatus>
      <LastUpdateDate />
      <LastUpdateTime />
    </Product>
    <Product>
      <PriceUpdateDate>2017/11/14 08:01</PriceUpdateDate>
      <ItemCode>8715700110141</ItemCode>
      <ItemType>1</ItemType>
      <ItemName>מיונז צנצנת 460 גר` היינץ</ItemName>
      <ManufactureName>דיפלומט היינץ</ManufactureName>
      <ManufactureCountry />
      <ManufactureItemDescription />
      <UnitQty>יח`</UnitQty>
      <Quantity>460</Quantity>
      <UnitMeasure>גרם</UnitMeasure>
      <BisWeighted>0</BisWeighted>
      <QtyInPackage>1</QtyInPackage>
      <ItemPrice>11.90</ItemPrice>
      <UnitOfMeasurePrice>2.59</UnitOfMeasurePrice>
      <AllowDiscount>1</AllowDiscount>
      <itemStatus>1</itemStatus>
      <LastUpdateDate />
      <LastUpdateTime />
    </Product>
    <Product>
      <PriceUpdateDate>2017/11/14 08:01</PriceUpdateDate>
      <ItemCode>8715700110158</ItemCode>
      <ItemType>1</ItemType>
      <ItemName>מיונז לייט צנצנת 490 גר` היינץ</ItemName>
      <ManufactureName>דיפלומט היינץ</ManufactureName>
      <ManufactureCountry />
      <ManufactureItemDescription />
      <UnitQty>יח`</UnitQty>
      <Quantity>490</Quantity>
      <UnitMeasure>גרם</UnitMeasure>
      <BisWeighted>0</BisWeighted>
      <QtyInPackage>1</QtyInPackage>
      <ItemPrice>11.90</ItemPrice>
      <UnitOfMeasurePrice>2.43</UnitOfMeasurePrice>
      <AllowDiscount>1</AllowDiscount>
      <itemStatus>1</itemStatus>
      <LastUpdateDate />
      <LastUpdateTime />
    </Product>
    <Product>
      <PriceUpdateDate>2017/07/21 08:53</PriceUpdateDate>
      <ItemCode>8715700115641</ItemCode>
      <ItemType>1</ItemType>
      <ItemName>היינץ ממרח במרקם קרמי 420</ItemName>
      <ManufactureName>דיפלומט היינץ</ManufactureName>
      <ManufactureCountry />
      <ManufactureItemDescription />
      <UnitQty>יח`</UnitQty>
      <Quantity>420</Quantity>
      <UnitMeasure>גרם</UnitMeasure>
      <BisWeighted>0</BisWeighted>
      <QtyInPackage>1</QtyInPackage>
      <ItemPrice>15.90</ItemPrice>
      <UnitOfMeasurePrice>3.79</UnitOfMeasurePrice>
      <AllowDiscount>0</AllowDiscount>
      <itemStatus>1</itemStatus>
      <LastUpdateDate />
      <LastUpdateTime />
    </Product>
    <Product>
      <PriceUpdateDate>2015/05/03 12:13</PriceUpdateDate>
      <ItemCode>8715700419732</ItemCode>
      <ItemType>1</ItemType>
      <ItemName>מתבל עגבניות היינץ (700 גרם)</ItemName>
      <ManufactureName>דיפלומט היינץ</ManufactureName>
      <ManufactureCountry />
      <ManufactureItemDescription />
      <UnitQty>יח`</UnitQty>
      <Quantity>700</Quantity>
      <UnitMeasure>גרם</UnitMeasure>
      <BisWeighted>0</BisWeighted>
      <QtyInPackage>1</QtyInPackage>
      <ItemPrice>11.90</ItemPrice>
      <UnitOfMeasurePrice>1.70</UnitOfMeasurePrice>
      <AllowDiscount>1</AllowDiscount>
      <itemStatus>1</itemStatus>
      <LastUpdateDate />
      <LastUpdateTime />
    </Product>
    <Product>
      <PriceUpdateDate>2017/11/14 08:01</PriceUpdateDate>
      <ItemCode>8715700421322</ItemCode>
      <ItemType>1</ItemType>
      <ItemName>רוטב ברביקין צ`ילי 490  גר`היינץ</ItemName>
      <ManufactureName>דיפלומט היינץ</ManufactureName>
      <ManufactureCountry />
      <ManufactureItemDescription />
      <UnitQty>יח`</UnitQty>
      <Quantity>490</Quantity>
      <UnitMeasure>גרם</UnitMeasure>
      <BisWeighted>0</BisWeighted>
      <QtyInPackage>1</QtyInPackage>
      <ItemPrice>16.90</ItemPrice>
      <UnitOfMeasurePrice>3.45</UnitOfMeasurePrice>
      <AllowDiscount>0</AllowDiscount>
      <itemStatus>1</itemStatus>
      <LastUpdateDate />
      <LastUpdateTime />
    </Product>
    <Product>
      <PriceUpdateDate>2016/07/15 08:00</PriceUpdateDate>
      <ItemCode>8715700422367</ItemCode>
      <ItemType>1</ItemType>
      <ItemName>מיונז מופחת שומן היינץ (420 גרם)</ItemName>
      <ManufactureName>דיפלומט היינץ</ManufactureName>
      <ManufactureCountry />
      <ManufactureItemDescription />
      <UnitQty>יח`</UnitQty>
      <Quantity>425</Quantity>
      <UnitMeasure>גרם</UnitMeasure>
      <BisWeighted>0</BisWeighted>
      <QtyInPackage>1</QtyInPackage>
      <ItemPrice>12.90</ItemPrice>
      <UnitOfMeasurePrice>3.04</UnitOfMeasurePrice>
      <AllowDiscount>0</AllowDiscount>
      <itemStatus>1</itemStatus>
      <LastUpdateDate />
      <LastUpdateTime />
    </Product>
    <Product>
      <PriceUpdateDate>2017/01/23 07:56</PriceUpdateDate>
      <ItemCode>8715700422473</ItemCode>
      <ItemType>1</ItemType>
      <ItemName>ממרח לחיץ היינץ 395 גר ללא חומר משמר</ItemName>
      <ManufactureName>דיפלומט היינץ</ManufactureName>
      <ManufactureCountry />
      <ManufactureItemDescription />
      <UnitQty>יח`</UnitQty>
      <Quantity>395</Quantity>
      <UnitMeasure>גרם</UnitMeasure>
      <BisWeighted>0</BisWeighted>
      <QtyInPackage>1</QtyInPackage>
      <ItemPrice>15.90</ItemPrice>
      <UnitOfMeasurePrice>4.03</UnitOfMeasurePrice>
      <AllowDiscount>0</AllowDiscount>
      <itemStatus>1</itemStatus>
      <LastUpdateDate />
      <LastUpdateTime />
    </Product>
    <Product>
      <PriceUpdateDate>2018/03/18 13:45</PriceUpdateDate>
      <ItemCode>8715700423906</ItemCode>
      <ItemType>1</ItemType>
      <ItemName>היינץ מתבל עגבניות 555 גר</ItemName>
      <ManufactureName>דיפלומט היינץ</ManufactureName>
      <ManufactureCountry />
      <ManufactureItemDescription />
      <UnitQty>יח`</UnitQty>
      <Quantity>555</Quantity>
      <UnitMeasure>גרם</UnitMeasure>
      <BisWeighted>0</BisWeighted>
      <QtyInPackage>1</QtyInPackage>
      <ItemPrice>11.90</ItemPrice>
      <UnitOfMeasurePrice>2.14</UnitOfMeasurePrice>
      <AllowDiscount>1</AllowDiscount>
      <itemStatus>1</itemStatus>
      <LastUpdateDate />
      <LastUpdateTime />
    </Product>
    <Product>
      <PriceUpdateDate>2019/10/17 09:43</PriceUpdateDate>
      <ItemCode>8717163647202</ItemCode>
      <ItemType>1</ItemType>
      <ItemName>אקס בודי ספריי גוף אנרכי גברים</ItemName>
      <ManufactureName>יוניליוור ישראל שיווק בעמ</ManufactureName>
      <ManufactureCountry />
      <ManufactureItemDescription />
      <UnitQty>יח`</UnitQty>
      <Quantity>150</Quantity>
      <UnitMeasure>גרם</UnitMeasure>
      <BisWeighted>0</BisWeighted>
      <QtyInPackage>1</QtyInPackage>
      <ItemPrice>11.90</ItemPrice>
      <UnitOfMeasurePrice>7.93</UnitOfMeasurePrice>
      <AllowDiscount>1</AllowDiscount>
      <itemStatus>1</itemStatus>
      <LastUpdateDate />
      <LastUpdateTime />
    </Product>
    <Product>
      <PriceUpdateDate>2019/10/17 09:43</PriceUpdateDate>
      <ItemCode>8717163647219</ItemCode>
      <ItemType>1</ItemType>
      <ItemName>אקס בודי ספריי אפולו</ItemName>
      <ManufactureName>יוניליוור ישראל שיווק בעמ</ManufactureName>
      <ManufactureCountry />
      <ManufactureItemDescription />
      <UnitQty>יח`</UnitQty>
      <Quantity>150</Quantity>
      <UnitMeasure>מ"ל</UnitMeasure>
      <BisWeighted>0</BisWeighted>
      <QtyInPackage>1</QtyInPackage>
      <ItemPrice>11.90</ItemPrice>
      <UnitOfMeasurePrice>7.93</UnitOfMeasurePrice>
      <AllowDiscount>1</AllowDiscount>
      <itemStatus>1</itemStatus>
      <LastUpdateDate />
      <LastUpdateTime />
    </Product>
    <Product>
      <PriceUpdateDate>2019/10/17 09:43</PriceUpdateDate>
      <ItemCode>8717163647233</ItemCode>
      <ItemType>1</ItemType>
      <ItemName>אקס בלאק נייט ספריי 150 מל</ItemName>
      <ManufactureName>יוניליוור ישראל שיווק בעמ</ManufactureName>
      <ManufactureCountry />
      <ManufactureItemDescription />
      <UnitQty>יח`</UnitQty>
      <Quantity>150</Quantity>
      <UnitMeasure>מ"ל</UnitMeasure>
      <BisWeighted>0</BisWeighted>
      <QtyInPackage>1</QtyInPackage>
      <ItemPrice>11.90</ItemPrice>
      <UnitOfMeasurePrice>7.93</UnitOfMeasurePrice>
      <AllowDiscount>1</AllowDiscount>
      <itemStatus>1</itemStatus>
      <LastUpdateDate />
      <LastUpdateTime />
    </Product>
    <Product>
      <PriceUpdateDate>2019/10/17 09:43</PriceUpdateDate>
      <ItemCode>8717163647240</ItemCode>
      <ItemType>1</ItemType>
      <ItemName>אקס בודי ספריי שוקולד 150 מל</ItemName>
      <ManufactureName>יוניליוור ישראל שיווק בעמ</ManufactureName>
      <ManufactureCountry />
      <ManufactureItemDescription />
      <UnitQty>יח`</UnitQty>
      <Quantity>150</Quantity>
      <UnitMeasure>גרם</UnitMeasure>
      <BisWeighted>0</BisWeighted>
      <QtyInPackage>1</QtyInPackage>
      <ItemPrice>11.90</ItemPrice>
      <UnitOfMeasurePrice>7.93</UnitOfMeasurePrice>
      <AllowDiscount>1</AllowDiscount>
      <itemStatus>1</itemStatus>
      <LastUpdateDate />
      <LastUpdateTime />
    </Product>
    <Product>
      <PriceUpdateDate>2019/10/17 09:43</PriceUpdateDate>
      <ItemCode>8717163647257</ItemCode>
      <ItemType>1</ItemType>
      <ItemName>אקס ספריי גוף גולד 150 מל</ItemName>
      <ManufactureName>יוניליוור ישראל שיווק בעמ</ManufactureName>
      <ManufactureCountry />
      <ManufactureItemDescription />
      <UnitQty>יח`</UnitQty>
      <Quantity>150</Quantity>
      <UnitMeasure>מ"ל</UnitMeasure>
      <BisWeighted>0</BisWeighted>
      <QtyInPackage>1</QtyInPackage>
      <ItemPrice>11.90</ItemPrice>
      <UnitOfMeasurePrice>7.93</UnitOfMeasurePrice>
      <AllowDiscount>1</AllowDiscount>
      <itemStatus>1</itemStatus>
      <LastUpdateDate />
      <LastUpdateTime />
    </Product>
    <Product>
      <PriceUpdateDate>2019/04/15 12:03</PriceUpdateDate>
      <ItemCode>8717163647264</ItemCode>
      <ItemType>1</ItemType>
      <ItemName>אקס ספריי גוף אייס ציל 150 מל</ItemName>
      <ManufactureName>יוניליוור ישראל שיווק בעמ</ManufactureName>
      <ManufactureCountry />
      <ManufactureItemDescription />
      <UnitQty>יח`</UnitQty>
      <Quantity>150</Quantity>
      <UnitMeasure>גרם</UnitMeasure>
      <BisWeighted>0</BisWeighted>
      <QtyInPackage>1</QtyInPackage>
      <ItemPrice>11.90</ItemPrice>
      <UnitOfMeasurePrice>7.93</UnitOfMeasurePrice>
      <AllowDiscount>1</AllowDiscount>
      <itemStatus>1</itemStatus>
      <LastUpdateDate />
      <LastUpdateTime />
    </Product>
    <Product>
      <PriceUpdateDate>2019/10/17 09:43</PriceUpdateDate>
      <ItemCode>8717163647271</ItemCode>
      <ItemType>1</ItemType>
      <ItemName>אקס ספריי גוף קולז`ן 150 מל</ItemName>
      <ManufactureName>יוניליוור ישראל שיווק בעמ</ManufactureName>
      <ManufactureCountry />
      <ManufactureItemDescription />
      <UnitQty>יח`</UnitQty>
      <Quantity>150</Quantity>
      <UnitMeasure>מ"ל</UnitMeasure>
      <BisWeighted>0</BisWeighted>
      <QtyInPackage>1</QtyInPackage>
      <ItemPrice>11.90</ItemPrice>
      <UnitOfMeasurePrice>7.93</UnitOfMeasurePrice>
      <AllowDiscount>1</AllowDiscount>
      <itemStatus>1</itemStatus>
      <LastUpdateDate />
      <LastUpdateTime />
    </Product>
    <Product>
      <PriceUpdateDate>2019/05/05 12:29</PriceUpdateDate>
      <ItemCode>8717163647301</ItemCode>
      <ItemType>1</ItemType>
      <ItemName>דאודורנט אקס ספריי אורבן 150 מל</ItemName>
      <ManufactureName>יוניליוור ישראל שיווק בעמ</ManufactureName>
      <ManufactureCountry />
      <ManufactureItemDescription />
      <UnitQty>יח`</UnitQty>
      <Quantity>150</Quantity>
      <UnitMeasure>מ"ל</UnitMeasure>
      <BisWeighted>0</BisWeighted>
      <QtyInPackage>1</QtyInPackage>
      <ItemPrice>19.90</ItemPrice>
      <UnitOfMeasurePrice>13.27</UnitOfMeasurePrice>
      <AllowDiscount>1</AllowDiscount>
      <itemStatus>1</itemStatus>
      <LastUpdateDate />
      <LastUpdateTime />
    </Product>
    <Product>
      <PriceUpdateDate>2019/08/04 12:56</PriceUpdateDate>
      <ItemCode>8717163687772</ItemCode>
      <ItemType>1</ItemType>
      <ItemName>תחליב רחצה מאצ`ה ופריחת הדובדבן 500 מל</ItemName>
      <ManufactureName>יוניליוור ישראל שיווק בעמ</ManufactureName>
      <ManufactureCountry />
      <ManufactureItemDescription />
      <UnitQty>יח`</UnitQty>
      <Quantity>500</Quantity>
      <UnitMeasure>מ"ל</UnitMeasure>
      <BisWeighted>0</BisWeighted>
      <QtyInPackage>1</QtyInPackage>
      <ItemPrice>16.90</ItemPrice>
      <UnitOfMeasurePrice>3.38</UnitOfMeasurePrice>
      <AllowDiscount>1</AllowDiscount>
      <itemStatus>1</itemStatus>
      <LastUpdateDate />
      <LastUpdateTime />
    </Product>
    <Product>
      <PriceUpdateDate>2020/01/06 15:32</PriceUpdateDate>
      <ItemCode>8717163709405</ItemCode>
      <ItemType>1</ItemType>
      <ItemName>רקסונה ספריי סטיי פרש בלו פופי 150 מל</ItemName>
      <ManufactureName>יוניליוור ישראל שיווק בעמ</ManufactureName>
      <ManufactureCountry />
      <ManufactureItemDescription />
      <UnitQty>יח`</UnitQty>
      <Quantity>150</Quantity>
      <UnitMeasure>מ"ל</UnitMeasure>
      <BisWeighted>0</BisWeighted>
      <QtyInPackage>1</QtyInPackage>
      <ItemPrice>14.90</ItemPrice>
      <UnitOfMeasurePrice>9.93</UnitOfMeasurePrice>
      <AllowDiscount>1</AllowDiscount>
      <itemStatus>1</itemStatus>
      <LastUpdateDate />
      <LastUpdateTime />
    </Product>
    <Product>
      <PriceUpdateDate>2020/01/26 12:59</PriceUpdateDate>
      <ItemCode>8717163709412</ItemCode>
      <ItemType>1</ItemType>
      <ItemName>רקסונה ספריי סטיי פרש ל`צי 150 מל</ItemName>
      <ManufactureName>יוניליוור ישראל שיווק בעמ</ManufactureName>
      <ManufactureCountry />
      <ManufactureItemDescription />
      <UnitQty>יח`</UnitQty>
      <Quantity>150</Quantity>
      <UnitMeasure>מ"ל</UnitMeasure>
      <BisWeighted>0</BisWeighted>
      <QtyInPackage>1</QtyInPackage>
      <ItemPrice>14.90</ItemPrice>
      <UnitOfMeasurePrice>9.93</UnitOfMeasurePrice>
      <AllowDiscount>1</AllowDiscount>
      <itemStatus>1</itemStatus>
      <LastUpdateDate />
      <LastUpdateTime />
    </Product>
    <Product>
      <PriceUpdateDate>2020/03/29 07:02</PriceUpdateDate>
      <ItemCode>8717163859759</ItemCode>
      <ItemType>1</ItemType>
      <ItemName>רקסונה ספריי וורקאאוט נשים 150 מל</ItemName>
      <ManufactureName>יוניליוור ישראל שיווק בעמ</ManufactureName>
      <ManufactureCountry />
      <ManufactureItemDescription />
      <UnitQty>יח`</UnitQty>
      <Quantity>150</Quantity>
      <UnitMeasure>מ"ל</UnitMeasure>
      <BisWeighted>0</BisWeighted>
      <QtyInPackage>1</QtyInPackage>
      <ItemPrice>14.90</ItemPrice>
      <UnitOfMeasurePrice>9.93</UnitOfMeasurePrice>
      <AllowDiscount>1</AllowDiscount>
      <itemStatus>1</itemStatus>
      <LastUpdateDate />
      <LastUpdateTime />
    </Product>
    <Product>
      <PriceUpdateDate>2020/04/17 06:13</PriceUpdateDate>
      <ItemCode>8717163891735</ItemCode>
      <ItemType>1</ItemType>
      <ItemName>רקסונה ספריי וורקאאוט גברים 150 מל</ItemName>
      <ManufactureName>יוניליוור ישראל שיווק בעמ</ManufactureName>
      <ManufactureCountry />
      <ManufactureItemDescription />
      <UnitQty>יח`</UnitQty>
      <Quantity>150</Quantity>
      <UnitMeasure>מ"ל</UnitMeasure>
      <BisWeighted>0</BisWeighted>
      <QtyInPackage>1</QtyInPackage>
      <ItemPrice>14.90</ItemPrice>
      <UnitOfMeasurePrice>9.93</UnitOfMeasurePrice>
      <AllowDiscount>0</AllowDiscount>
      <itemStatus>1</itemStatus>
      <LastUpdateDate />
      <LastUpdateTime />
    </Product>
    <Product>
      <PriceUpdateDate>2020/03/29 07:02</PriceUpdateDate>
      <ItemCode>8717163947692</ItemCode>
      <ItemType>1</ItemType>
      <ItemName>ג`ל רחצה לגבר פרש ברגמוט ופינק פפר 400 ג</ItemName>
      <ManufactureName>יוניליוור ישראל שיווק בעמ</ManufactureName>
      <ManufactureCountry />
      <ManufactureItemDescription />
      <UnitQty>יח`</UnitQty>
      <Quantity>400</Quantity>
      <UnitMeasure>מ"ל</UnitMeasure>
      <BisWeighted>0</BisWeighted>
      <QtyInPackage>1</QtyInPackage>
      <ItemPrice>12.90</ItemPrice>
      <UnitOfMeasurePrice>3.23</UnitOfMeasurePrice>
      <AllowDiscount>0</AllowDiscount>
      <itemStatus>1</itemStatus>
      <LastUpdateDate />
      <LastUpdateTime />
    </Product>
    <Product>
      <PriceUpdateDate>2020/03/29 07:02</PriceUpdateDate>
      <ItemCode>8717163947739</ItemCode>
      <ItemType>1</ItemType>
      <ItemName>ג`ל רחצה לגבר מוחיטו ירוק ועצי ארז 400 ג</ItemName>
      <ManufactureName>יוניליוור ישראל שיווק בעמ</ManufactureName>
      <ManufactureCountry />
      <ManufactureItemDescription />
      <UnitQty>יח`</UnitQty>
      <Quantity>400</Quantity>
      <UnitMeasure>מ"ל</UnitMeasure>
      <BisWeighted>0</BisWeighted>
      <QtyInPackage>1</QtyInPackage>
      <ItemPrice>12.90</ItemPrice>
      <UnitOfMeasurePrice>3.23</UnitOfMeasurePrice>
      <AllowDiscount>0</AllowDiscount>
      <itemStatus>1</itemStatus>
      <LastUpdateDate />
      <LastUpdateTime />
    </Product>
    <Product>
      <PriceUpdateDate>2017/12/27 08:39</PriceUpdateDate>
      <ItemCode>8717644390566</ItemCode>
      <ItemType>1</ItemType>
      <ItemName>דאב סבון מוצק רביעייה</ItemName>
      <ManufactureName>יוניליוור ישראל שיווק בעמ</ManufactureName>
      <ManufactureCountry />
      <ManufactureItemDescription />
      <UnitQty>יח`</UnitQty>
      <Quantity>400</Quantity>
      <UnitMeasure>גרם</UnitMeasure>
      <BisWeighted>0</BisWeighted>
      <QtyInPackage>1</QtyInPackage>
      <ItemPrice>12.90</ItemPrice>
      <UnitOfMeasurePrice>3.23</UnitOfMeasurePrice>
      <AllowDiscount>1</AllowDiscount>
      <itemStatus>1</itemStatus>
      <LastUpdateDate />
      <LastUpdateTime />
    </Product>
    <Product>
      <PriceUpdateDate>2020/05/03 12:10</PriceUpdateDate>
      <ItemCode>8718879000336</ItemCode>
      <ItemType>1</ItemType>
      <ItemName>ענבים שחורים ארוז</ItemName>
      <ManufactureName>שיווק פרי וירק בעמ-אזולאי את א</ManufactureName>
      <ManufactureCountry />
      <ManufactureItemDescription />
      <UnitQty>יח`</UnitQty>
      <Quantity>1</Quantity>
      <UnitMeasure />
      <BisWeighted>0</BisWeighted>
      <QtyInPackage>1</QtyInPackage>
      <ItemPrice>10</ItemPrice>
      <UnitOfMeasurePrice>10</UnitOfMeasurePrice>
      <AllowDiscount>1</AllowDiscount>
      <itemStatus>1</itemStatus>
      <LastUpdateDate />
      <LastUpdateTime />
    </Product>
    <Product>
      <PriceUpdateDate>2019/01/22 11:46</PriceUpdateDate>
      <ItemCode>8718951076372</ItemCode>
      <ItemType>1</ItemType>
      <ItemName>משחת שיניים הרבל עם תמציות צמחים (100 גר</ItemName>
      <ManufactureName>ש.שסטוביץ בעמ</ManufactureName>
      <ManufactureCountry />
      <ManufactureItemDescription />
      <UnitQty>יח`</UnitQty>
      <Quantity>100</Quantity>
      <UnitMeasure>גרם</UnitMeasure>
      <BisWeighted>0</BisWeighted>
      <QtyInPackage>1</QtyInPackage>
      <ItemPrice>12.90</ItemPrice>
      <UnitOfMeasurePrice>12.90</UnitOfMeasurePrice>
      <AllowDiscount>0</AllowDiscount>
      <itemStatus>1</itemStatus>
      <LastUpdateDate />
      <LastUpdateTime />
    </Product>
    <Product>
      <PriceUpdateDate>2018/09/06 13:02</PriceUpdateDate>
      <ItemCode>8718951159808</ItemCode>
      <ItemType>1</ItemType>
      <ItemName>קולגייט מברשת 360 שלישייה</ItemName>
      <ManufactureName>ש.שסטוביץ בעמ</ManufactureName>
      <ManufactureCountry />
      <ManufactureItemDescription />
      <UnitQty>יח`</UnitQty>
      <Quantity>1</Quantity>
      <UnitMeasure />
      <BisWeighted>0</BisWeighted>
      <QtyInPackage>1</QtyInPackage>
      <ItemPrice>29.90</ItemPrice>
      <UnitOfMeasurePrice>29.90</UnitOfMeasurePrice>
      <AllowDiscount>0</AllowDiscount>
      <itemStatus>1</itemStatus>
      <LastUpdateDate />
      <LastUpdateTime />
    </Product>
    <Product>
      <PriceUpdateDate>2018/11/14 08:35</PriceUpdateDate>
      <ItemCode>8718951166561</ItemCode>
      <ItemType>1</ItemType>
      <ItemName>משחת שיניים מקס פרש כחול 125 מל קולגייט</ItemName>
      <ManufactureName>ש.שסטוביץ בעמ</ManufactureName>
      <ManufactureCountry />
      <ManufactureItemDescription />
      <UnitQty>יח`</UnitQty>
      <Quantity>1</Quantity>
      <UnitMeasure />
      <BisWeighted>0</BisWeighted>
      <QtyInPackage>1</QtyInPackage>
      <ItemPrice>14.90</ItemPrice>
      <UnitOfMeasurePrice>14.90</UnitOfMeasurePrice>
      <AllowDiscount>0</AllowDiscount>
      <itemStatus>1</itemStatus>
      <LastUpdateDate />
      <LastUpdateTime />
    </Product>
    <Product>
      <PriceUpdateDate>2017/12/17 16:04</PriceUpdateDate>
      <ItemCode>8718951167094</ItemCode>
      <ItemType>1</ItemType>
      <ItemName>פלמוליב צילינדר תפוז וליים 1 ליטר</ItemName>
      <ManufactureName>ש.שסטוביץ בעמ</ManufactureName>
      <ManufactureCountry />
      <ManufactureItemDescription />
      <UnitQty>יח`</UnitQty>
      <Quantity>1000</Quantity>
      <UnitMeasure>מ"ל</UnitMeasure>
      <BisWeighted>0</BisWeighted>
      <QtyInPackage>1</QtyInPackage>
      <ItemPrice>13.90</ItemPrice>
      <UnitOfMeasurePrice>1.39</UnitOfMeasurePrice>
      <AllowDiscount>0</AllowDiscount>
      <itemStatus>1</itemStatus>
      <LastUpdateDate />
      <LastUpdateTime />
    </Product>
    <Product>
      <PriceUpdateDate>2020/01/26 13:02</PriceUpdateDate>
      <ItemCode>8718951175280</ItemCode>
      <ItemType>1</ItemType>
      <ItemName>קולגייט משחת שיניים</ItemName>
      <ManufactureName>ש.שסטוביץ בעמ</ManufactureName>
      <ManufactureCountry />
      <ManufactureItemDescription />
      <UnitQty>יח`</UnitQty>
      <Quantity>1</Quantity>
      <UnitMeasure />
      <BisWeighted>0</BisWeighted>
      <QtyInPackage>1</QtyInPackage>
      <ItemPrice>19.90</ItemPrice>
      <UnitOfMeasurePrice>19.90</UnitOfMeasurePrice>
      <AllowDiscount>1</AllowDiscount>
      <itemStatus>1</itemStatus>
      <LastUpdateDate />
      <LastUpdateTime />
    </Product>
    <Product>
      <PriceUpdateDate>2020/01/26 13:02</PriceUpdateDate>
      <ItemCode>8718951175631</ItemCode>
      <ItemType>1</ItemType>
      <ItemName>קולגייט טוטאל משחת שיניים פרו גאם לפה בר</ItemName>
      <ManufactureName>ש.שסטוביץ בעמ</ManufactureName>
      <ManufactureCountry />
      <ManufactureItemDescription />
      <UnitQty>יח`</UnitQty>
      <Quantity>1</Quantity>
      <UnitMeasure />
      <BisWeighted>0</BisWeighted>
      <QtyInPackage>1</QtyInPackage>
      <ItemPrice>22</ItemPrice>
      <UnitOfMeasurePrice>22</UnitOfMeasurePrice>
      <AllowDiscount>1</AllowDiscount>
      <itemStatus>1</itemStatus>
      <LastUpdateDate />
      <LastUpdateTime />
    </Product>
    <Product>
      <PriceUpdateDate>2020/01/26 13:02</PriceUpdateDate>
      <ItemCode>8718951176102</ItemCode>
      <ItemType>1</ItemType>
      <ItemName>קולגייט טוטאל משחת שיניים נשימה רעננה לפ</ItemName>
      <ManufactureName>ש.שסטוביץ בעמ</ManufactureName>
      <ManufactureCountry />
      <ManufactureItemDescription />
      <UnitQty>יח`</UnitQty>
      <Quantity>1</Quantity>
      <UnitMeasure />
      <BisWeighted>0</BisWeighted>
      <QtyInPackage>1</QtyInPackage>
      <ItemPrice>19.90</ItemPrice>
      <UnitOfMeasurePrice>19.90</UnitOfMeasurePrice>
      <AllowDiscount>1</AllowDiscount>
      <itemStatus>1</itemStatus>
      <LastUpdateDate />
      <LastUpdateTime />
    </Product>
    <Product>
      <PriceUpdateDate>2019/11/10 12:00</PriceUpdateDate>
      <ItemCode>8718951222779</ItemCode>
      <ItemType>1</ItemType>
      <ItemName>מרידול פור משחה לשיניים וחניכיים בריאות</ItemName>
      <ManufactureName>ש.שסטוביץ בעמ</ManufactureName>
      <ManufactureCountry />
      <ManufactureItemDescription />
      <UnitQty>יח`</UnitQty>
      <Quantity>75</Quantity>
      <UnitMeasure>מ"ל</UnitMeasure>
      <BisWeighted>0</BisWeighted>
      <QtyInPackage>1</QtyInPackage>
      <ItemPrice>26.90</ItemPrice>
      <UnitOfMeasurePrice>35.87</UnitOfMeasurePrice>
      <AllowDiscount>0</AllowDiscount>
      <itemStatus>1</itemStatus>
      <LastUpdateDate />
      <LastUpdateTime />
    </Product>
    <Product>
      <PriceUpdateDate>2019/02/19 11:04</PriceUpdateDate>
      <ItemCode>8718951236790</ItemCode>
      <ItemType>1</ItemType>
      <ItemName>קולגייט טוטאל משחת שיניים קלין מינט לפה</ItemName>
      <ManufactureName>ש.שסטוביץ בעמ</ManufactureName>
      <ManufactureCountry />
      <ManufactureItemDescription />
      <UnitQty>יח`</UnitQty>
      <Quantity>1</Quantity>
      <UnitMeasure />
      <BisWeighted>0</BisWeighted>
      <QtyInPackage>1</QtyInPackage>
      <ItemPrice>14.90</ItemPrice>
      <UnitOfMeasurePrice>14.90</UnitOfMeasurePrice>
      <AllowDiscount>0</AllowDiscount>
      <itemStatus>1</itemStatus>
      <LastUpdateDate />
      <LastUpdateTime />
    </Product>
    <Product>
      <PriceUpdateDate>2019/02/19 11:04</PriceUpdateDate>
      <ItemCode>8718951236806</ItemCode>
      <ItemType>1</ItemType>
      <ItemName>קולגייט טוטאל משחת שיניים המסייעת בהסרת</ItemName>
      <ManufactureName>ש.שסטוביץ בעמ</ManufactureName>
      <ManufactureCountry />
      <ManufactureItemDescription />
      <UnitQty>יח`</UnitQty>
      <Quantity>1</Quantity>
      <UnitMeasure />
      <BisWeighted>0</BisWeighted>
      <QtyInPackage>1</QtyInPackage>
      <ItemPrice>14.90</ItemPrice>
      <UnitOfMeasurePrice>14.90</UnitOfMeasurePrice>
      <AllowDiscount>0</AllowDiscount>
      <itemStatus>1</itemStatus>
      <LastUpdateDate />
      <LastUpdateTime />
    </Product>
    <Product>
      <PriceUpdateDate>2019/02/19 11:04</PriceUpdateDate>
      <ItemCode>8718951240742</ItemCode>
      <ItemType>1</ItemType>
      <ItemName>קולגייט טוטאל משחת שיניים פסים מרעענים ל</ItemName>
      <ManufactureName>ש.שסטוביץ בעמ</ManufactureName>
      <ManufactureCountry />
      <ManufactureItemDescription />
      <UnitQty>יח`</UnitQty>
      <Quantity>1</Quantity>
      <UnitMeasure />
      <BisWeighted>0</BisWeighted>
      <QtyInPackage>1</QtyInPackage>
      <ItemPrice>14.90</ItemPrice>
      <UnitOfMeasurePrice>14.90</UnitOfMeasurePrice>
      <AllowDiscount>0</AllowDiscount>
      <itemStatus>1</itemStatus>
      <LastUpdateDate />
      <LastUpdateTime />
    </Product>
    <Product>
      <PriceUpdateDate>2018/07/30 13:24</PriceUpdateDate>
      <ItemCode>8719128110349</ItemCode>
      <ItemType>1</ItemType>
      <ItemName>סירופ פטל ופירות יער 500 מל סודה סטרים</ItemName>
      <ManufactureName>סודהסטרים ישראל בעמ</ManufactureName>
      <ManufactureCountry />
      <ManufactureItemDescription />
      <UnitQty>יח`</UnitQty>
      <Quantity>500</Quantity>
      <UnitMeasure>מ"ל</UnitMeasure>
      <BisWeighted>0</BisWeighted>
      <QtyInPackage>1</QtyInPackage>
      <ItemPrice>19.90</ItemPrice>
      <UnitOfMeasurePrice>3.98</UnitOfMeasurePrice>
      <AllowDiscount>1</AllowDiscount>
      <itemStatus>1</itemStatus>
      <LastUpdateDate />
      <LastUpdateTime />
    </Product>
    <Product>
      <PriceUpdateDate>2019/12/15 15:58</PriceUpdateDate>
      <ItemCode>8719200997998</ItemCode>
      <ItemType>1</ItemType>
      <ItemName>בלו בנד לבישול וטיגון 200 גר`</ItemName>
      <ManufactureName>דיפלומט היינץ</ManufactureName>
      <ManufactureCountry />
      <ManufactureItemDescription />
      <UnitQty>יח`</UnitQty>
      <Quantity>200</Quantity>
      <UnitMeasure>גרם</UnitMeasure>
      <BisWeighted>0</BisWeighted>
      <QtyInPackage>1</QtyInPackage>
      <ItemPrice>4.50</ItemPrice>
      <UnitOfMeasurePrice>2.25</UnitOfMeasurePrice>
      <AllowDiscount>0</AllowDiscount>
      <itemStatus>1</itemStatus>
      <LastUpdateDate />
      <LastUpdateTime />
    </Product>
    <Product>
      <PriceUpdateDate>2019/12/15 15:58</PriceUpdateDate>
      <ItemCode>8719200998001</ItemCode>
      <ItemType>1</ItemType>
      <ItemName>בלו בנד בלי מלח 250 גר`</ItemName>
      <ManufactureName>דיפלומט היינץ</ManufactureName>
      <ManufactureCountry />
      <ManufactureItemDescription />
      <UnitQty>יח`</UnitQty>
      <Quantity>200</Quantity>
      <UnitMeasure>גרם</UnitMeasure>
      <BisWeighted>0</BisWeighted>
      <QtyInPackage>1</QtyInPackage>
      <ItemPrice>4.50</ItemPrice>
      <UnitOfMeasurePrice>2.25</UnitOfMeasurePrice>
      <AllowDiscount>0</AllowDiscount>
      <itemStatus>1</itemStatus>
      <LastUpdateDate />
      <LastUpdateTime />
    </Product>
    <Product>
      <PriceUpdateDate>2019/12/15 15:58</PriceUpdateDate>
      <ItemCode>8719200998018</ItemCode>
      <ItemType>1</ItemType>
      <ItemName>מרגרינה מחמאה בטעם חמאה 200  גר`בלובנד</ItemName>
      <ManufactureName>דיפלומט היינץ</ManufactureName>
      <ManufactureCountry />
      <ManufactureItemDescription />
      <UnitQty>יח`</UnitQty>
      <Quantity>200</Quantity>
      <UnitMeasure>גרם</UnitMeasure>
      <BisWeighted>0</BisWeighted>
      <QtyInPackage>1</QtyInPackage>
      <ItemPrice>4.80</ItemPrice>
      <UnitOfMeasurePrice>2.40</UnitOfMeasurePrice>
      <AllowDiscount>0</AllowDiscount>
      <itemStatus>1</itemStatus>
      <LastUpdateDate />
      <LastUpdateTime />
    </Product>
    <Product>
      <PriceUpdateDate>2019/12/15 13:43</PriceUpdateDate>
      <ItemCode>8719200998049</ItemCode>
      <ItemType>1</ItemType>
      <ItemName>מרגרינה למריחה בטעם טבעי (250  גרם)מזולה</ItemName>
      <ManufactureName>דיפלומט היינץ</ManufactureName>
      <ManufactureCountry />
      <ManufactureItemDescription />
      <UnitQty>יח`</UnitQty>
      <Quantity>250</Quantity>
      <UnitMeasure>גרם</UnitMeasure>
      <BisWeighted>0</BisWeighted>
      <QtyInPackage>1</QtyInPackage>
      <ItemPrice>9.90</ItemPrice>
      <UnitOfMeasurePrice>3.96</UnitOfMeasurePrice>
      <AllowDiscount>0</AllowDiscount>
      <itemStatus>1</itemStatus>
      <LastUpdateDate />
      <LastUpdateTime />
    </Product>
    <Product>
      <PriceUpdateDate>2019/12/15 15:58</PriceUpdateDate>
      <ItemCode>8719200998063</ItemCode>
      <ItemType>1</ItemType>
      <ItemName>מרגרינה למריחה בלובנד (250 גרם)</ItemName>
      <ManufactureName>דיפלומט היינץ</ManufactureName>
      <ManufactureCountry />
      <ManufactureItemDescription />
      <UnitQty>יח`</UnitQty>
      <Quantity>250</Quantity>
      <UnitMeasure>גרם</UnitMeasure>
      <BisWeighted>0</BisWeighted>
      <QtyInPackage>1</QtyInPackage>
      <ItemPrice>7.70</ItemPrice>
      <UnitOfMeasurePrice>3.08</UnitOfMeasurePrice>
      <AllowDiscount>0</AllowDiscount>
      <itemStatus>1</itemStatus>
      <LastUpdateDate />
      <LastUpdateTime />
    </Product>
    <Product>
      <PriceUpdateDate>2019/12/15 15:58</PriceUpdateDate>
      <ItemCode>8719200998087</ItemCode>
      <ItemType>1</ItemType>
      <ItemName>מרגרינה מחמאה למריחה (250 גרם)בלובנד</ItemName>
      <ManufactureName>דיפלומט היינץ</ManufactureName>
      <ManufactureCountry />
      <ManufactureItemDescription />
      <UnitQty>יח`</UnitQty>
      <Quantity>250</Quantity>
      <UnitMeasure>גרם</UnitMeasure>
      <BisWeighted>0</BisWeighted>
      <QtyInPackage>1</QtyInPackage>
      <ItemPrice>7.90</ItemPrice>
      <UnitOfMeasurePrice>3.16</UnitOfMeasurePrice>
      <AllowDiscount>0</AllowDiscount>
      <itemStatus>1</itemStatus>
      <LastUpdateDate />
      <LastUpdateTime />
    </Product>
    <Product>
      <PriceUpdateDate>2019/12/15 13:43</PriceUpdateDate>
      <ItemCode>8719200998094</ItemCode>
      <ItemType>1</ItemType>
      <ItemName>מזולה אפייה ללא מלח 200 גר</ItemName>
      <ManufactureName>דיפלומט היינץ</ManufactureName>
      <ManufactureCountry />
      <ManufactureItemDescription />
      <UnitQty>יח`</UnitQty>
      <Quantity>200</Quantity>
      <UnitMeasure>גרם</UnitMeasure>
      <BisWeighted>0</BisWeighted>
      <QtyInPackage>1</QtyInPackage>
      <ItemPrice>6.90</ItemPrice>
      <UnitOfMeasurePrice>3.45</UnitOfMeasurePrice>
      <AllowDiscount>0</AllowDiscount>
      <itemStatus>1</itemStatus>
      <LastUpdateDate />
      <LastUpdateTime />
    </Product>
    <Product>
      <PriceUpdateDate>2019/12/15 13:43</PriceUpdateDate>
      <ItemCode>8719200998100</ItemCode>
      <ItemType>1</ItemType>
      <ItemName>מרגרינה לאפייה בטעם חמאה מזולה (200 גרם)</ItemName>
      <ManufactureName>דיפלומט היינץ</ManufactureName>
      <ManufactureCountry />
      <ManufactureItemDescription />
      <UnitQty>יח`</UnitQty>
      <Quantity>200</Quantity>
      <UnitMeasure>גרם</UnitMeasure>
      <BisWeighted>0</BisWeighted>
      <QtyInPackage>1</QtyInPackage>
      <ItemPrice>6.90</ItemPrice>
      <UnitOfMeasurePrice>3.45</UnitOfMeasurePrice>
      <AllowDiscount>0</AllowDiscount>
      <itemStatus>1</itemStatus>
      <LastUpdateDate />
      <LastUpdateTime />
    </Product>
    <Product>
      <PriceUpdateDate>2015/02/02 15:14</PriceUpdateDate>
      <ItemCode>8723400756552</ItemCode>
      <ItemType>1</ItemType>
      <ItemName>מנטוס רביעיה</ItemName>
      <ManufactureName>ליימן שליסל בעמ</ManufactureName>
      <ManufactureCountry />
      <ManufactureItemDescription />
      <UnitQty>יח`</UnitQty>
      <Quantity>1</Quantity>
      <UnitMeasure />
      <BisWeighted>0</BisWeighted>
      <QtyInPackage>1</QtyInPackage>
      <ItemPrice>11.90</ItemPrice>
      <UnitOfMeasurePrice>11.90</UnitOfMeasurePrice>
      <AllowDiscount>0</AllowDiscount>
      <itemStatus>1</itemStatus>
      <LastUpdateDate />
      <LastUpdateTime />
    </Product>
    <Product>
      <PriceUpdateDate>2018/07/22 15:22</PriceUpdateDate>
      <ItemCode>8801055708772</ItemCode>
      <ItemType>1</ItemType>
      <ItemName>קפה נמס טייסטרס צ`ויס 200 גר + מילוי 50</ItemName>
      <ManufactureName>קבוצת אסם סחר שות. מוגבלת</ManufactureName>
      <ManufactureCountry />
      <ManufactureItemDescription />
      <UnitQty>יח`</UnitQty>
      <Quantity>250</Quantity>
      <UnitMeasure>גרם</UnitMeasure>
      <BisWeighted>0</BisWeighted>
      <QtyInPackage>1</QtyInPackage>
      <ItemPrice>29.90</ItemPrice>
      <UnitOfMeasurePrice>11.96</UnitOfMeasurePrice>
      <AllowDiscount>0</AllowDiscount>
      <itemStatus>1</itemStatus>
      <LastUpdateDate />
      <LastUpdateTime />
    </Product>
    <Product>
      <PriceUpdateDate>2017/08/08 10:29</PriceUpdateDate>
      <ItemCode>8850206112029</ItemCode>
      <ItemType>1</ItemType>
      <ItemName>רוטב צילי חריף 700 מל כשלפ</ItemName>
      <ManufactureName>דיפלומט היינץ</ManufactureName>
      <ManufactureCountry />
      <ManufactureItemDescription />
      <UnitQty>יח`</UnitQty>
      <Quantity>700</Quantity>
      <UnitMeasure>מ"ל</UnitMeasure>
      <BisWeighted>0</BisWeighted>
      <QtyInPackage>1</QtyInPackage>
      <ItemPrice>10.90</ItemPrice>
      <UnitOfMeasurePrice>1.56</UnitOfMeasurePrice>
      <AllowDiscount>0</AllowDiscount>
      <itemStatus>1</itemStatus>
      <LastUpdateDate />
      <LastUpdateTime />
    </Product>
    <Product>
      <PriceUpdateDate>2015/07/08 15:31</PriceUpdateDate>
      <ItemCode>8850389105825</ItemCode>
      <ItemType>1</ItemType>
      <ItemName>משקה אלוורה ענבים סאפה (1 ליטר)</ItemName>
      <ManufactureName>טמפו משקאות בעמ</ManufactureName>
      <ManufactureCountry />
      <ManufactureItemDescription />
      <UnitQty>יח`</UnitQty>
      <Quantity>1</Quantity>
      <UnitMeasure>1 ליטר</UnitMeasure>
      <BisWeighted>0</BisWeighted>
      <QtyInPackage>1</QtyInPackage>
      <ItemPrice>11.90</ItemPrice>
      <UnitOfMeasurePrice>11.90</UnitOfMeasurePrice>
      <AllowDiscount>0</AllowDiscount>
      <itemStatus>1</itemStatus>
      <LastUpdateDate />
      <LastUpdateTime />
    </Product>
    <Product>
      <PriceUpdateDate>2015/07/08 15:31</PriceUpdateDate>
      <ItemCode>8850389105832</ItemCode>
      <ItemType>1</ItemType>
      <ItemName>משקה אלוורה תפוחים סאפה (1 ליטר)</ItemName>
      <ManufactureName>טמפו משקאות בעמ</ManufactureName>
      <ManufactureCountry />
      <ManufactureItemDescription />
      <UnitQty>יח`</UnitQty>
      <Quantity>1</Quantity>
      <UnitMeasure>1 ליטר</UnitMeasure>
      <BisWeighted>0</BisWeighted>
      <QtyInPackage>1</QtyInPackage>
      <ItemPrice>11.90</ItemPrice>
      <UnitOfMeasurePrice>11.90</UnitOfMeasurePrice>
      <AllowDiscount>0</AllowDiscount>
      <itemStatus>1</itemStatus>
      <LastUpdateDate />
      <LastUpdateTime />
    </Product>
    <Product>
      <PriceUpdateDate>2015/07/08 15:31</PriceUpdateDate>
      <ItemCode>8850389105849</ItemCode>
      <ItemType>1</ItemType>
      <ItemName>משקה אלוורה אפרסק סאפה (1 ליטר)</ItemName>
      <ManufactureName>טמפו משקאות בעמ</ManufactureName>
      <ManufactureCountry />
      <ManufactureItemDescription />
      <UnitQty>יח`</UnitQty>
      <Quantity>1</Quantity>
      <UnitMeasure>1 ליטר</UnitMeasure>
      <BisWeighted>0</BisWeighted>
      <QtyInPackage>1</QtyInPackage>
      <ItemPrice>11.90</ItemPrice>
      <UnitOfMeasurePrice>11.90</UnitOfMeasurePrice>
      <AllowDiscount>0</AllowDiscount>
      <itemStatus>1</itemStatus>
      <LastUpdateDate />
      <LastUpdateTime />
    </Product>
    <Product>
      <PriceUpdateDate>2018/03/07 14:23</PriceUpdateDate>
      <ItemCode>8850389115336</ItemCode>
      <ItemType>1</ItemType>
      <ItemName>משקה אלוורה מלון סאפה (1 ליטר)</ItemName>
      <ManufactureName>טמפו משקאות בעמ</ManufactureName>
      <ManufactureCountry />
      <ManufactureItemDescription />
      <UnitQty>יח`</UnitQty>
      <Quantity>1</Quantity>
      <UnitMeasure>1 ליטר</UnitMeasure>
      <BisWeighted>0</BisWeighted>
      <QtyInPackage>1</QtyInPackage>
      <ItemPrice>11.90</ItemPrice>
      <UnitOfMeasurePrice>11.90</UnitOfMeasurePrice>
      <AllowDiscount>0</AllowDiscount>
      <itemStatus>1</itemStatus>
      <LastUpdateDate />
      <LastUpdateTime />
    </Product>
    <Product>
      <PriceUpdateDate>2018/02/06 10:09</PriceUpdateDate>
      <ItemCode>8850632604259</ItemCode>
      <ItemType>1</ItemType>
      <ItemName>יוגטה חמצוצים מקלות 50 גר`</ItemName>
      <ManufactureName>ליימן שליסל בעמ</ManufactureName>
      <ManufactureCountry />
      <ManufactureItemDescription />
      <UnitQty>יח`</UnitQty>
      <Quantity>50</Quantity>
      <UnitMeasure>גרם</UnitMeasure>
      <BisWeighted>0</BisWeighted>
      <QtyInPackage>1</QtyInPackage>
      <ItemPrice>3.90</ItemPrice>
      <UnitOfMeasurePrice>7.80</UnitOfMeasurePrice>
      <AllowDiscount>1</AllowDiscount>
      <itemStatus>1</itemStatus>
      <LastUpdateDate />
      <LastUpdateTime />
    </Product>
    <Product>
      <PriceUpdateDate>2018/02/06 10:09</PriceUpdateDate>
      <ItemCode>8850632604266</ItemCode>
      <ItemType>1</ItemType>
      <ItemName>חיספוסים מקלות בטעם קולה יוגטה (50 גרם)</ItemName>
      <ManufactureName>ליימן שליסל בעמ</ManufactureName>
      <ManufactureCountry />
      <ManufactureItemDescription />
      <UnitQty>יח`</UnitQty>
      <Quantity>50</Quantity>
      <UnitMeasure>גרם</UnitMeasure>
      <BisWeighted>0</BisWeighted>
      <QtyInPackage>1</QtyInPackage>
      <ItemPrice>3.90</ItemPrice>
      <UnitOfMeasurePrice>7.80</UnitOfMeasurePrice>
      <AllowDiscount>1</AllowDiscount>
      <itemStatus>1</itemStatus>
      <LastUpdateDate />
      <LastUpdateTime />
    </Product>
    <Product>
      <PriceUpdateDate>2018/02/06 10:09</PriceUpdateDate>
      <ItemCode>8850632604402</ItemCode>
      <ItemType>1</ItemType>
      <ItemName>יוגטה חמצוצים שטיח 50 גר`</ItemName>
      <ManufactureName>ליימן שליסל בעמ</ManufactureName>
      <ManufactureCountry />
      <ManufactureItemDescription />
      <UnitQty>יח`</UnitQty>
      <Quantity>50</Quantity>
      <UnitMeasure>גרם</UnitMeasure>
      <BisWeighted>0</BisWeighted>
      <QtyInPackage>1</QtyInPackage>
      <ItemPrice>3.90</ItemPrice>
      <UnitOfMeasurePrice>7.80</UnitOfMeasurePrice>
      <AllowDiscount>1</AllowDiscount>
      <itemStatus>1</itemStatus>
      <LastUpdateDate />
      <LastUpdateTime />
    </Product>
    <Product>
      <PriceUpdateDate>2018/02/06 10:09</PriceUpdateDate>
      <ItemCode>8850632605201</ItemCode>
      <ItemType>1</ItemType>
      <ItemName>יוגטה חמצוצים 50 גר`</ItemName>
      <ManufactureName>ליימן שליסל בעמ</ManufactureName>
      <ManufactureCountry />
      <ManufactureItemDescription />
      <UnitQty>יח`</UnitQty>
      <Quantity>50</Quantity>
      <UnitMeasure>גרם</UnitMeasure>
      <BisWeighted>0</BisWeighted>
      <QtyInPackage>1</QtyInPackage>
      <ItemPrice>3.90</ItemPrice>
      <UnitOfMeasurePrice>7.80</UnitOfMeasurePrice>
      <AllowDiscount>1</AllowDiscount>
      <itemStatus>1</itemStatus>
      <LastUpdateDate />
      <LastUpdateTime />
    </Product>
    <Product>
      <PriceUpdateDate>2018/02/06 10:09</PriceUpdateDate>
      <ItemCode>8850632606390</ItemCode>
      <ItemType>1</ItemType>
      <ItemName>חיספוסים מקלות בטעם אבטיח יוגטה (50 גרם)</ItemName>
      <ManufactureName>ליימן שליסל בעמ</ManufactureName>
      <ManufactureCountry />
      <ManufactureItemDescription />
      <UnitQty>יח`</UnitQty>
      <Quantity>50</Quantity>
      <UnitMeasure>גרם</UnitMeasure>
      <BisWeighted>0</BisWeighted>
      <QtyInPackage>1</QtyInPackage>
      <ItemPrice>3.90</ItemPrice>
      <UnitOfMeasurePrice>7.80</UnitOfMeasurePrice>
      <AllowDiscount>1</AllowDiscount>
      <itemStatus>1</itemStatus>
      <LastUpdateDate />
      <LastUpdateTime />
    </Product>
    <Product>
      <PriceUpdateDate>2018/03/28 10:25</PriceUpdateDate>
      <ItemCode>8851613101378</ItemCode>
      <ItemType>1</ItemType>
      <ItemName>חלב קוקוס 250 מל Aroy D</ItemName>
      <ManufactureName>גורי מוצרי צריכה (1991) בעמ</ManufactureName>
      <ManufactureCountry />
      <ManufactureItemDescription />
      <UnitQty>יח`</UnitQty>
      <Quantity>250</Quantity>
      <UnitMeasure>מ"ל</UnitMeasure>
      <BisWeighted>0</BisWeighted>
      <QtyInPackage>1</QtyInPackage>
      <ItemPrice>8.90</ItemPrice>
      <UnitOfMeasurePrice>3.56</UnitOfMeasurePrice>
      <AllowDiscount>0</AllowDiscount>
      <itemStatus>1</itemStatus>
      <LastUpdateDate />
      <LastUpdateTime />
    </Product>
    <Product>
      <PriceUpdateDate>2016/06/15 08:07</PriceUpdateDate>
      <ItemCode>8852633119039</ItemCode>
      <ItemType>1</ItemType>
      <ItemName>רוטב דגים 300  מל- כשר</ItemName>
      <ManufactureName>טעמי אסיה בעמ</ManufactureName>
      <ManufactureCountry />
      <ManufactureItemDescription />
      <UnitQty>יח`</UnitQty>
      <Quantity>300</Quantity>
      <UnitMeasure>מ"ל</UnitMeasure>
      <BisWeighted>0</BisWeighted>
      <QtyInPackage>1</QtyInPackage>
      <ItemPrice>9.90</ItemPrice>
      <UnitOfMeasurePrice>3.30</UnitOfMeasurePrice>
      <AllowDiscount>0</AllowDiscount>
      <itemStatus>1</itemStatus>
      <LastUpdateDate />
      <LastUpdateTime />
    </Product>
    <Product>
      <PriceUpdateDate>2020/03/29 07:04</PriceUpdateDate>
      <ItemCode>8888021200256</ItemCode>
      <ItemType>1</ItemType>
      <ItemName>סוללות אנרג ייזר-שמיניה</ItemName>
      <ManufactureName>דנשר (1963) בעמ</ManufactureName>
      <ManufactureCountry />
      <ManufactureItemDescription />
      <UnitQty>יח`</UnitQty>
      <Quantity>1</Quantity>
      <UnitMeasure />
      <BisWeighted>0</BisWeighted>
      <QtyInPackage>1</QtyInPackage>
      <ItemPrice>24.90</ItemPrice>
      <UnitOfMeasurePrice>24.90</UnitOfMeasurePrice>
      <AllowDiscount>0</AllowDiscount>
      <itemStatus>1</itemStatus>
      <LastUpdateDate />
      <LastUpdateTime />
    </Product>
    <Product>
      <PriceUpdateDate>2020/03/29 07:04</PriceUpdateDate>
      <ItemCode>8888021200720</ItemCode>
      <ItemType>1</ItemType>
      <ItemName>סוללות אנרג ייזר-שמיניה</ItemName>
      <ManufactureName>דנשר (1963) בעמ</ManufactureName>
      <ManufactureCountry />
      <ManufactureItemDescription />
      <UnitQty>יח`</UnitQty>
      <Quantity>1</Quantity>
      <UnitMeasure />
      <BisWeighted>0</BisWeighted>
      <QtyInPackage>1</QtyInPackage>
      <ItemPrice>24.90</ItemPrice>
      <UnitOfMeasurePrice>24.90</UnitOfMeasurePrice>
      <AllowDiscount>0</AllowDiscount>
      <itemStatus>1</itemStatus>
      <LastUpdateDate />
      <LastUpdateTime />
    </Product>
    <Product>
      <PriceUpdateDate>2015/04/30 09:31</PriceUpdateDate>
      <ItemCode>8901537024014</ItemCode>
      <ItemType>1</ItemType>
      <ItemName>אורז בסמטי דאווט וילי פוד (1 קג)</ItemName>
      <ManufactureName>ג.וילי-פוד אינטרנשיונל בעמ</ManufactureName>
      <ManufactureCountry />
      <ManufactureItemDescription />
      <UnitQty>יח`</UnitQty>
      <Quantity>1000</Quantity>
      <UnitMeasure>גרם</UnitMeasure>
      <BisWeighted>0</BisWeighted>
      <QtyInPackage>1</QtyInPackage>
      <ItemPrice>12.90</ItemPrice>
      <UnitOfMeasurePrice>1.29</UnitOfMeasurePrice>
      <AllowDiscount>0</AllowDiscount>
      <itemStatus>1</itemStatus>
      <LastUpdateDate />
      <LastUpdateTime />
    </Product>
    <Product>
      <PriceUpdateDate>2019/12/03 08:29</PriceUpdateDate>
      <ItemCode>8901972054270</ItemCode>
      <ItemType>1</ItemType>
      <ItemName>סוכריות על מקל 50 יח</ItemName>
      <ManufactureName>יעד ממתקים בעמ</ManufactureName>
      <ManufactureCountry />
      <ManufactureItemDescription />
      <UnitQty>יח`</UnitQty>
      <Quantity>1</Quantity>
      <UnitMeasure />
      <BisWeighted>0</BisWeighted>
      <QtyInPackage>1</QtyInPackage>
      <ItemPrice>4.90</ItemPrice>
      <UnitOfMeasurePrice>4.90</UnitOfMeasurePrice>
      <AllowDiscount>0</AllowDiscount>
      <itemStatus>1</itemStatus>
      <LastUpdateDate />
      <LastUpdateTime />
    </Product>
    <Product>
      <PriceUpdateDate>2019/11/10 11:57</PriceUpdateDate>
      <ItemCode>8906009801575</ItemCode>
      <ItemType>1</ItemType>
      <ItemName>גליליות וופל במילוי קרם אגוזי לוז 100 גר</ItemName>
      <ManufactureName>אבאל יזמות בעמ</ManufactureName>
      <ManufactureCountry />
      <ManufactureItemDescription />
      <UnitQty>יח`</UnitQty>
      <Quantity>100</Quantity>
      <UnitMeasure>גרם</UnitMeasure>
      <BisWeighted>0</BisWeighted>
      <QtyInPackage>1</QtyInPackage>
      <ItemPrice>3.90</ItemPrice>
      <UnitOfMeasurePrice>3.90</UnitOfMeasurePrice>
      <AllowDiscount>1</AllowDiscount>
      <itemStatus>1</itemStatus>
      <LastUpdateDate />
      <LastUpdateTime />
    </Product>
    <Product>
      <PriceUpdateDate>2020/04/17 06:13</PriceUpdateDate>
      <ItemCode>8906009801599</ItemCode>
      <ItemType>1</ItemType>
      <ItemName>גליליות וופל במילוי קרם אגוזי לוז 100 גר</ItemName>
      <ManufactureName>אבאל יזמות בעמ</ManufactureName>
      <ManufactureCountry />
      <ManufactureItemDescription />
      <UnitQty>יח`</UnitQty>
      <Quantity>100</Quantity>
      <UnitMeasure>גרם</UnitMeasure>
      <BisWeighted>0</BisWeighted>
      <QtyInPackage>1</QtyInPackage>
      <ItemPrice>3.90</ItemPrice>
      <UnitOfMeasurePrice>3.90</UnitOfMeasurePrice>
      <AllowDiscount>1</AllowDiscount>
      <itemStatus>1</itemStatus>
      <LastUpdateDate />
      <LastUpdateTime />
    </Product>
    <Product>
      <PriceUpdateDate>2019/07/11 15:14</PriceUpdateDate>
      <ItemCode>8906064282371</ItemCode>
      <ItemType>1</ItemType>
      <ItemName>עוגיות חמאה בפח 340 גר` AVEL</ItemName>
      <ManufactureName>אבאל יזמות בעמ</ManufactureName>
      <ManufactureCountry />
      <ManufactureItemDescription />
      <UnitQty>יח`</UnitQty>
      <Quantity>340</Quantity>
      <UnitMeasure>גרם</UnitMeasure>
      <BisWeighted>0</BisWeighted>
      <QtyInPackage>1</QtyInPackage>
      <ItemPrice>11.90</ItemPrice>
      <UnitOfMeasurePrice>3.50</UnitOfMeasurePrice>
      <AllowDiscount>1</AllowDiscount>
      <itemStatus>1</itemStatus>
      <LastUpdateDate />
      <LastUpdateTime />
    </Product>
    <Product>
      <PriceUpdateDate>2020/01/14 17:54</PriceUpdateDate>
      <ItemCode>9008700108829</ItemCode>
      <ItemType>1</ItemType>
      <ItemName>מיץ מנגו 1 ליטר</ItemName>
      <ManufactureName>תומר יבוא ושיווק מוצרי מזון (1</ManufactureName>
      <ManufactureCountry />
      <ManufactureItemDescription />
      <UnitQty>יח`</UnitQty>
      <Quantity>1</Quantity>
      <UnitMeasure />
      <BisWeighted>0</BisWeighted>
      <QtyInPackage>1</QtyInPackage>
      <ItemPrice>9.90</ItemPrice>
      <UnitOfMeasurePrice>9.90</UnitOfMeasurePrice>
      <AllowDiscount>1</AllowDiscount>
      <itemStatus>1</itemStatus>
      <LastUpdateDate />
      <LastUpdateTime />
    </Product>
    <Product>
      <PriceUpdateDate>2020/01/14 17:54</PriceUpdateDate>
      <ItemCode>9008700109741</ItemCode>
      <ItemType>1</ItemType>
      <ItemName>מיץ אפרסק 1 ליטר</ItemName>
      <ManufactureName>תומר יבוא ושיווק מוצרי מזון (1</ManufactureName>
      <ManufactureCountry />
      <ManufactureItemDescription />
      <UnitQty>יח`</UnitQty>
      <Quantity>1</Quantity>
      <UnitMeasure>1 ליטר</UnitMeasure>
      <BisWeighted>0</BisWeighted>
      <QtyInPackage>1</QtyInPackage>
      <ItemPrice>9.90</ItemPrice>
      <UnitOfMeasurePrice>9.90</UnitOfMeasurePrice>
      <AllowDiscount>1</AllowDiscount>
      <itemStatus>1</itemStatus>
      <LastUpdateDate />
      <LastUpdateTime />
    </Product>
    <Product>
      <PriceUpdateDate>2020/01/14 17:54</PriceUpdateDate>
      <ItemCode>9008700189217</ItemCode>
      <ItemType>1</ItemType>
      <ItemName>נקטר מנגו ותפוז 1 ליטר</ItemName>
      <ManufactureName>תומר יבוא ושיווק מוצרי מזון (1</ManufactureName>
      <ManufactureCountry />
      <ManufactureItemDescription />
      <UnitQty>יח`</UnitQty>
      <Quantity>1</Quantity>
      <UnitMeasure />
      <BisWeighted>0</BisWeighted>
      <QtyInPackage>1</QtyInPackage>
      <ItemPrice>9.90</ItemPrice>
      <UnitOfMeasurePrice>9.90</UnitOfMeasurePrice>
      <AllowDiscount>1</AllowDiscount>
      <itemStatus>1</itemStatus>
      <LastUpdateDate />
      <LastUpdateTime />
    </Product>
    <Product>
      <PriceUpdateDate>2016/04/24 08:34</PriceUpdateDate>
      <ItemCode>9310072028743</ItemCode>
      <ItemType>1</ItemType>
      <ItemName>חטיף שוקולד אורגינל טים טם (200 גרם)</ItemName>
      <ManufactureName>משה סידס ובנו בעמ</ManufactureName>
      <ManufactureCountry />
      <ManufactureItemDescription />
      <UnitQty>יח`</UnitQty>
      <Quantity>200</Quantity>
      <UnitMeasure>גרם</UnitMeasure>
      <BisWeighted>0</BisWeighted>
      <QtyInPackage>1</QtyInPackage>
      <ItemPrice>20.90</ItemPrice>
      <UnitOfMeasurePrice>10.45</UnitOfMeasurePrice>
      <AllowDiscount>1</AllowDiscount>
      <itemStatus>1</itemStatus>
      <LastUpdateDate />
      <LastUpdateTime />
    </Product>
    <Product>
      <PriceUpdateDate>2015/01/29 08:55</PriceUpdateDate>
      <ItemCode>9322969000015</ItemCode>
      <ItemType>1</ItemType>
      <ItemName>פריכיות תירס 150 גר`</ItemName>
      <ManufactureName>דנשר (1963) בעמ</ManufactureName>
      <ManufactureCountry />
      <ManufactureItemDescription />
      <UnitQty>יח`</UnitQty>
      <Quantity>150</Quantity>
      <UnitMeasure>גרם</UnitMeasure>
      <BisWeighted>0</BisWeighted>
      <QtyInPackage>1</QtyInPackage>
      <ItemPrice>13.90</ItemPrice>
      <UnitOfMeasurePrice>9.27</UnitOfMeasurePrice>
      <AllowDiscount>0</AllowDiscount>
      <itemStatus>1</itemStatus>
      <LastUpdateDate />
      <LastUpdateTime />
    </Product>
    <Product>
      <PriceUpdateDate>2014/01/01 16:40</PriceUpdateDate>
      <ItemCode>9720188060108</ItemCode>
      <ItemType>1</ItemType>
      <ItemName>שמנת טופו צוריאל</ItemName>
      <ManufactureName>החב` המרכזית - טרה</ManufactureName>
      <ManufactureCountry />
      <ManufactureItemDescription />
      <UnitQty>יח`</UnitQty>
      <Quantity>340</Quantity>
      <UnitMeasure>גרם</UnitMeasure>
      <BisWeighted>0</BisWeighted>
      <QtyInPackage>1</QtyInPackage>
      <ItemPrice>21.40</ItemPrice>
      <UnitOfMeasurePrice>6.29</UnitOfMeasurePrice>
      <AllowDiscount>0</AllowDiscount>
      <itemStatus>1</itemStatus>
      <LastUpdateDate />
      <LastUpdateTime />
    </Product>
  </Products>
</Prices>